2875 4900
302 416 360 486 IN
393 416 509 485 LOC.
536 416 632 489 LIB.
660 418 712 489 CI
747 418 975 485 LlVlANl.
1109 415 1179 500 405

107 538 241 603 comita
257 551 366 601 runnu
385 534 519 601 saluum
542 538 630 602 Urbis
650 550 682 603 et
697 540 819 625 irnperri'
837 538 922 601 clam
940 540 1035 617 inita,
1061 551 1183 605 senatur

100 639 284 729 populoque
306 662 440 702 romano
458 641 625 727 conspicua
634 635 772 725 firmat,
797 638 895 705 iidem
917 639 1105 728 haruspices
1123 638 1183 709 do·

108 755 259 807 cuerant.

154 842 294 907 XXVII.
306 842 434 907 Interea
447 844 507 907 Cn.
516 843 712 930 Pompeius,
726 865 915 929 quenquam
931 865 1070 931 regnum
1085 842 1183 909 Ponti
1217 865 1221 877 ’

109 941 317 1031 possederat,
335 942 418 1007 nibil
433 960 543 1009 actum
557 944 710 1026 credens,
726 944 833 1011 donec
844 967 900 1008 rer
913 944 1052 1024 viveret,
1064 945 1182 1031 suique

107 1043 189 1123 juris
210 1044 359 1109 animum
377 1068 414 1112 ac
435 1068 555 1134 corpus
573 1046 747 1129 retineret,
765 1044 990 1113 Mithridatem
1006 1067 1183 1132 perseque-

110 1146 223 1227 batur,
238 1160 271 1209 et
284 1146 477 1211 obsistentes
488 1148 522 1211 in
534 1147 754 1237 itinerereges
767 1148 979 1233 nationesque
991 1145 1181 1211 debellabat.

112 1246 199 1311 Cum
216 1246 352 1313 Albanis
372 1262 406 1311 et
421 1247 524 1311 iberis
543 1248 721 1315 maximum
739 1248 909 1335 negotium
922 1249 1049 1312 fuerat:
1066 1247 1124 1317 sed
1136 1247 1182 1317 illi

111 1369 218 1436 nuper
237 1348 315 1414 victi
336 1349 566 1437 quiescebant3
591 1350 703 1413 Iberos
724 1350 865 1435 antiquar
887 1348 1044 1413 libertatis
1065 1348 1182 1414 fiducie

112 1448 241 1537 (neque
254 1450 342 1515 enim
354 1450 458 1517 Medis
471 1451 658 1537 Persisque,
675 1473 784 1537 neque
795 1467 907 1538 postea
920 1449 1104 1515 Alexandro
1121 1473 1185 1514 serr·

111 1550 256 1639 vierant)
269 1566 303 1614 et
313 1552 440 1619 Artacie
454 1552 538 1641 regis
555 1552 666 1619 infelix
680 1552 816 1632 cetuna,
833 1551 867 1614 in
881 1550 956 1615 belli
969 1552 1182 1617 calamitatem

113 1666 188 1739 agn.

156 1750 313 1817 XXVIII.
328 1750 412 1817 Nem
423 1752 467 1833 is,
480 1769 555 1839 post
570 1754 773 1841 impetratam
784 1776 842 1841 per
856 1754 978 1842 legatos
991 1756 1184 1838 amicitiam,

112 1852 309 1923 incautiores
324 1854 399 1921 ideo
408 1856 574 1921 Romanos
590 1855 710 1921 adoriri
724 1871 890 1921 statuerat.
907 1856 971 1923 sed
989 1857 1182 1945 Pompeius,

112 1977 148 2017 re
165 1956 314 2044 cognita,
329 1956 420 2044 prius
434 1956 664 2045 occupandum
680 1958 887 2038 aistimans,
904 1981 1004 2046 quam
1016 1981 1051 2023 se
1070 1982 1110 2024 ex
1121 1984 1184 2025 suo

113 2055 290 2123 commodo
303 2059 492 2145 paravisset,
511 2074 549 2123 ut
563 2059 628 2127 cito
641 2060 771 2149 agmine
784 2057 992 2123 difficillimos
1002 2060 1107 2149 gentis
1121 2059 1185 2125 adi·

113 2174 167 2224 tus
180 2159 384 2247 preriperet,
398 2161 514 2227 urbem
533 2162 710 2249 Acropolin
727 2161 793 2248 (sic
807 2160 986 2247 vocabant)
1001 2162 1115 2251 ignaro
1128 2161 1186 2227 ad·

112 2258 181 2323 huc
191 2259 408 2348 expeditionis
420 2260 519 2341 hujus
535 2264 655 2327 Artace
670 2261 895 2342 circumsedit,
912 2262 1089 2327 claustrum
1105 2283 1184 2350 gen-

111 2362 175 2443 tis,
197 2358 240 2429 ad
265 2363 398 2431 Caucasi
420 2364 529 2429 fauces
555 2363 771 2429 obstruendas
796 2363 977 2429 conditum.
1002 2365 1079 2427 Hac
1100 2362 1184 2428 fama

111 2484 227 2552 regom
241 2463 285 2530 ita
298 2466 471 2548 exterruit,
487 2481 542 2547 ut,
559 2466 646 2554 Cyro
661 2488 758 2530 anrne
771 2482 943 2554 superato,
955 2481 1092 2553 pontem
1110 2487 1187 2530 exu-

111 2579 202 2630 reret
220 2587 228 2629 :
246 2587 352 2654 eoque
372 2567 497 2636 facilius
515 2568 610 2655 potiti
628 2567 711 2633 urbe
729 2567 885 2647 Romani,
907 2565 1056 2654 prasidio
1076 2566 1184 2652 impo-

112 2666 196 2747 sito,
208 2667 361 2730 transitus
373 2668 407 2730 in
419 2683 578 2756 potestate
591 2667 905 2754 habuerunt;·atque
916 2665 993 2730 inde
1006 2666 1183 2754 progressi,

112 2783 219 2832 totam
237 2767 283 2832 cis
299 2766 435 2836 fluvium
454 2769 621 2857 regionem
640 2769 852 2857 subegerunt
1130 2757 1134 2772 '

158 2869 283 2935 xxlx.
304 2871 374 2936 lam
393 2887 427 2940 et
444 2872 566 2958 Cyrum
583 2869 812 2936 transcendere
835 2869 1011 2956 Pompeius
1030 2854 1184 2954 parabat,

111 2991 220 3060 qutrrn
232 2972 327 3061 legati
336 2973 376 3038 ab
384 2973 501 3040 Artocc
511 2971 693 3052 affuerunt,
703 2993 817 3059 pacem
827 2986 974 3049 orantes,
984 2983 1185 3056 pontemque

111 3071 155 3138 ad
173 3071 428 3154 transeundum,
445 3089 478 3138 et
498 3073 559 3138 alia
577 3074 756 3138 necessaria
768 3070 1014 3159 pollicebantur.
1031 3068 1090 3134 llis
1108 3090 1185 3132 cunr

110 3175 178 3242 lide
193 3175 361 3266 prestitis,
381 3169 533 3258 tadeo,
553 3177 651 3242 simul
673 3175 867 3263 Pompeium
884 3172 1035 3238 transisse
1052 3193 1186 3259 compe
1238 3183 1242 3189 “

112 3279 174 3358 rit,
190 3275 302 3344 denuo
315 3277 451 3358 timens,
466 3277 508 3342 ad
524 3279 677 3342 Pelorum
692 3299 823 3342 amnem
832 3275 879 3363 (is
893 3297 1025 3361 quoque
1037 3295 1095 3361 per
1110 3273 1185 3338 lbe-

112 3400 169 3446 ros
191 3375 353 3464 volvitur)
373 3399 408 3442 se
431 3377 562 3467 recepit.
585 3379 777 3466 Pompeius,
799 3375 1017 3445 inconsultam
1041 3374 1186 3439 bominis

111 3478 306 3566 pravitatem
323 3477 519 3559 admiratus,
536 3479 611 3567 qui,
628 3501 711 3566 quos
729 3501 841 3544 arcere
858 3478 998 3542 transitu
1017 3492 1187 3565 potuerat,

114 3594 146 3644 et
166 3594 324 3665 tauquam
341 3580 463 3647 amicos
482 3582 671 3668 recepisset,
690 3597 725 3646 et
744 3597 901 3667 tanquam
920 3578 1031 3643 hostes
1051 3581 1187 3658 vitaret,

113 3679 221 3742 citatis
233 3679 405 3748 itineribus
421 3682 468 3746 cis
483 3679 605 3749 flumen
625 3705 701 3746 eum
719 3679 959 3768 deprehendit:
975 3680 1188 3768 celeriterque

114 3779 388 3870 invectus‚quum
397 3783 537 3850 arcubus
547 3781 672 3864 utendi,
681 3805 749 3870 quo
756 3803 998 3872 generepugnae
1007 3782 1185 3870 plurimum

151 4007 169 4072 5
187 4009 286 4057 XXVI.
303 4009 355 4058 Cic.
374 4009 406 4056 de
427 4009 511 4059 Divin.
529 4012 557 4068 1,
579 4025 625 4066 ra,
650 4012 714 4058 etin
731 4010 804 4060 Catil.
821 4012 872 4068 111,
888 4013 912 4056 8.
929 4036 965 4046 -
977 4008 1027 4057 Jul.
1042 4007 1133 4070 Obacq.
1152 4035 1187 4043 -

115 4091 132 4158 S
145 4093 260 4147 xxm.
274 4092 325 4145 cte.
337 4109 384 4160 pro
395 4089 594 4160 Mums,''cap.
607 4095 648 4144 rb.
662 4121 696 4132 -·
713 4096 766 4148 lia.
776 4095 844 4160 epit.
859 4121 891 4130 -
904 4093 968 4150 Dio,
982 4091 1026 4144 lib.
1039 4091 1152 4143 XXXVI
1163 4101 1187 4139 st

117 4179 257 4226 xxxvu.
267 4205 303 4216 —-
312 4179 377 4230 rtur.
389 4180 416 4236 ia
430 4183 517 4248 Pomp.
527 4197 580 4246 up.
592 4181 634 4244 57.
