2875 4900
308 339 378 410 308
478 340 546 408 JO.
575 335 915 408 FREINSHEMII
948 335 1191 404 SUPPLEM.

309 479 400 549 parte
413 477 621 550 consumpta,
633 460 757 546 reliqua
772 459 965 524 cadaverum
979 457 1021 521 ad
1033 455 1271 522 diuturnitatem
1290 481 1358 521 usus

307 564 449 628 salirent.
474 564 550 626 Haec
572 563 692 626 scelera
717 561 932 624 nihilominus
954 559 1089 646 perituri
1112 574 1251 646 patrare,
1272 581 1357 645 quam

303 665 436 730 victoris
452 664 592 752 experiri
614 663 837 744 clementiam,
861 661 1057 724 maluerunt.
1076 657 1219 741 Idcirco,
1241 659 1357 724 tandem

306 779 487 854 expugnata
509 763 608 844 urbe,
628 762 791 828 interfecti
809 784 942 842 omues,
959 760 1117 850 oppidum
1135 761 1239 848 ipsum
1257 760 1358 824 incen-

306 889 380 932 sum
397 883 496 955 atque
509 865 664 930 deletum.

349 969 423 1033 VII.
438 967 574 1031 Interim
584 965 729 1031 deducto
742 965 870 1053 reliquo
884 964 1046 1045 exercitu,
1062 962 1252 1052 Pompeius,
1268 985 1357 1050 quum

306 1070 347 1134 ad
364 1085 494 1134 montes
510 1068 682 1156 Pyrenaeos
697 1066 912 1154 pervenisset,
928 1061 1089 1154 oppidum
1105 1062 1148 1126 de
1163 1083 1223 1126 suo
1239 1062 1357 1126 nomino

305 1170 453 1235 condidit
479 1169 731 1259 (Pompelonem
755 1167 900 1231 obtinuit
920 1165 1049 1246 vocari3
1073 1163 1173 1228 hodie
1198 1163 1356 1252 Pamplona

305 1289 371 1354 est,
388 1271 480 1361 regni
492 1271 641 1335 Navarra
657 1268 789 1358 caput),
808 1285 841 1333 et
861 1283 982 1358 tropaea
998 1267 1161 1348 excitavit,
1183 1266 1298 1354 quibus
1310 1287 1356 1351 op·

297 1375 381 1464 pide
393 1375 572 1460 ocubgenta
587 1373 792 1461 septuaginta
806 1391 883 1450 sex,
900 1369 942 1432 ab
955 1367 1089 1457 Alpibus
1100 1363 1235 1455 adfines
1249 1365 1356 1429 altene·

279 1472 281 1475 ’
302 1478 346 1539 ris
359 1475 542 1562 Hispaniis,
565 1475 599 1536 in
618 1473 768 1537 ditionem
788 1470 941 1558 redegisse
956 1469 1140 1558 inscripsit;
1159 1468 1288 1534 Sertorii
1305 1487 1354 1528 no·

304 1575 393 1638 mine
410 1574 631 1655 dissimulato,
645 1571 736 1661 quod
753 1571 794 1636 de
807 1574 958 1636 Romano
973 1585 1130 1659 tropeum
1149 1569 1227 1659 erigi
1245 1566 1354 1632 incivile

299 1675 480 1758 judicabat,
496 1698 683 1764 quanquam
702 1676 737 1738 in
759 1695 798 1739 eo
814 1673 901 1738 victo
921 1673 994 1762 plus
1017 1673 1144 1762 gloriae,
1162 1693 1258 1760 quarn
1273 1671 1303 1733 in
1316 1681 1355 1731 tot

302 1777 438 1864 receptis
454 1776 600 1864 oppidis,
616 1791 710 1840 esset.
725 1777 956 1864 Transgressus
978 1774 1011 1837 in
1031 1774 1158 1838 Italiam
1179 1771 1353 1861 Pompeius,

298 1900 430 1942 summa
447 1877 561 1965 populi
576 1877 683 1940 laetitia
699 1891 853 1966 exceptus
870 1891 938 1958 est;
953 1898 1020 1939 non
1036 1876 1079 1941 ob
1096 1875 1253 1942 illustrem
1269 1871 1353 1936 modo

301 1979 487 2060 victoriam,
505 1977 693 2065 bellumque
712 1977 824 2057 civile,
846 1976 939 2064 quod
956 1977 1066 2042 omnia
1090 1995 1223 2042 externa
1242 1974 1353 2040 concie·

301 2080 373 2162 bat,
389 2079 521 2168 penitus
532 2078 714 2161 sublatum3
729 2078 786 2145 sed
798 2079 874 2166 quia
887 2079 1063 2144 tribunitiae
1074 2080 1256 2168 potestatis,
1270 2096 1352 2165 quan

300 2181 428 2245 restitui
447 2179 692 2270 flagrantissime
708 2180 899 2270 cupiebant,
923 2181 1055 2246 futurus
1075 2197 1191 2247 auctor
1207 2179 1353 2245 existima·

301 2281 414 2364 batur,
429 2300 532 2369 eaque
543 2303 595 2345 res
606 2281 675 2361 iam
691 2281 769 2345 olim
786 2280 884 2346 dilata
897 2282 931 2345 in
946 2281 1124 2346 adventum
1143 2284 1211 2364 ejus
1227 2281 1330 2346 fuerat.

345 2382 436 2446 VIIl.
454 2381 531 2465 Quo
542 2382 664 2463 majore
677 2380 786 2446 studio
801 2383 960 2473 populus,
976 2397 1015 2446 ut
1027 2381 1217 2473 dignitatem
1232 2383 1296 2464 ejus
1305 2401 1353 2442 au·

302 2499 409 2573 geret,
427 2482 588 2572 proficisci
606 2506 682 2548 eum
699 2484 733 2547 in
751 2483 991 2574 expeditionem
1009 2483 1164 2551 adversus
1182 2487 1352 2575 Spartacum

298 2585 404 2666 jussit.
423 2580 616 2680 strepebant
637 2584 836 2672 quotidianis
859 2584 1073 2650 concionibus
1098 2586 1222 2652 tribuni
1246 2583 1352 2674 plebis,

301 2688 384 2752 hunc
402 2708 501 2750 aaran
517 2689 668 2774 optinum
689 2688 925 2775 inperatorem,
950 2708 1146 2776 quocumque
1167 2712 1199 2753 se
1213 2688 1350 2759 osmunt,

300 2804 418 2853 certam
430 2789 600 2852 uictoriam
613 2788 739 2853 trahere
755 2811 767 2851 .·
780 2787 877 2852 simul
888 2798 984 2877 atque
999 2804 1180 2877 conspectus
1191 2812 1213 2853 a
1218 2784 1352 2877 fhgdivt's

300 2906 392 2971 esset,
408 2887 598 2953 debellatum
601 2886 692 2975 fore.
709 2889 759 2953 Eo
778 2886 966 2978 diligentior
983 2888 1115 2953 Crassus
1132 2890 1251 2954 instare
1269 2888 1352 2973 Spar·

300 3007 388 3072 taco,
405 2989 573 3071 festinare,
592 3010 634 3052 ne
655 3011 754 3077 penes
773 2990 873 3053 alium
894 2989 1033 3055 confecti
1049 2989 1126 3054 belli
1142 2992 1243 3081 gloria
1259 2988 1351 3052 foret:

301 3114 408 3181 neque
424 3092 533 3156 minus
549 3090 638 3179 apud
652 3090 807 3181 fugitivos
825 3092 1070 3181 properabatur.
1085 3094 1184 3157 Forte
1197 3092 1351 3182 Spartacus

300 3208 376 3280 post
388 3192 552 3257 sociorum
569 3191 710 3274 cladem,
726 3213 830 3279 quum
843 3191 1070 3258 ed‘Petellinos
1085 3210 1215 3260 montes
1231 3214 1264 3256 se
1281 3187 1351 3253 reci·

299 3309 410 3380 peret,
433 3294 628 3379 insequutos
659 3295 695 3357 L.
719 3294 894 3376 Quintium
917 3310 951 3357 et
977 3294 1188 3359 Tremellium
1221 3288 1350 3359 Scrofam

300 3395 406 3459 Crassi
422 3410 617 3482 questorem
635 3393 773 3460 fuderat.

341 3497 401 3559 lx.
420 3496 469 3559 Ab
482 3496 546 3559 hac
558 3495 694 3559 victoria
710 3496 843 3585 spiritus
856 3495 939 3560 adeo
951 3482 1124 3560 creverunt
1136 3494 1350 3587 lugitivorum,

299 3610 336 3659 ut
353 3618 562 3685 progressum
578 3596 613 3660 in
631 3596 811 3661 Calabriam
824 3596 959 3680 ducem,
975 3614 1165 3663 convertere
1180 3618 1309 3687 agmen,
1324 3603 1352 3653 et

331 3785 347 3852 ς
365 3787 410 3838 vr.
427 3785 491 3835 ssat.
506 3786 533 3833 u
549 3786 637 3851 romp.
652 3802 707 3851 esp.
726 3788 767 3835 aa.
781 3812 817 3823 -
830 3760 944 3847 omer,
958 3788 1000 3836 aa.
1011 3812 1047 3825 -
1058 3785 1155 3835 aaut.
1167 3786 1230 3833 nat.
1240 3784 1287 3837 nr.
1303 3784 1351 3835 aa

191 3892 196 3899 ·
296 3870 341 3928 Ν,
355 3884 377 3919 r.
395 3896 430 3911 ι-
443 3868 495 3918 tul.
508 3868 671 3934 llxauperant.
683 3896 719 3905 —
733 3869 798 3918 Flor.
809 3871 862 3929 111,
876 3885 919 3919 aa.
930 3870 1024 3919 -vn
1037 3871 1175 3928 van,
1189 3870 1213 3916 6.
1229 3894 1262 3904 -
1273 3862 1288 3928 S
1300 3859 1349 3906 Vll·

294 3956 367 4003 oros.
386 3980 421 3993 -
438 3953 558 4003 Bibliotb.
575 3954 647 4017 Hisp.
663 3952 728 4000 And.
745 3952 855 4011 Sch'otti,
869 3957 893 4012 l,
911 3962 936 4010 4,
956 3980 992 3990 -
1009 3954 1060 4003 lul.
1075 3956 1236 4019 Exsuperant.
1251 3976 1282 3985 -
1299 3940 1348 3992 bid·

197 4028 201 4036 '
295 4039 341 4095 tx,
357 4052 380 4086 α.
393 4063 430 4075 -
444 4037 576 4095 ruunt,
595 4027 637 4083 26¹.
660 4062 694 4071 -
712 4034 950 4096 sanunutnr1r,
969 4037 1034 4088 nur.
1050 4049 1118 4086 nost.
1130 4055 1155 4103 p.
1172 4036 1235 4099 390;
1253 4032 1278 4081 tn
1295 4036 1347 4075 ont.

294 4121 381 4170 flecti.
391 4122 437 4171 a».
455 4148 490 4159 ·-
504 4119 520 4187 S
537 4121 606 4169 v111.
620 4118 728 4184 Appiae.
744 4120 815 4171 Ciril.
828 4120 870 4170 llb.
883 4122 903 4169 l.
920 4148 953 4161 ·-
968 4120 1032 4171 Plut.
1047 4120 1072 4172 iu
1086 4120 1192 4179 Crasso,
1201 4134 1252 4181 cap.
1264 4128 1301 4161 ²0·
