2875 4900
322 378 375 446 ru
405 379 523 447 noc.
546 378 638 447 ΜΒ.
667 378 754 447 osv
784 378 1000 449 esmant.
1128 376 1197 477 539

129 521 197 588 que
208 496 377 585 repudiata
388 497 568 563 dederunt:
583 499 704 587 quippe
714 498 974 563 extraordinariis
985 502 1198 589 potestatibus

128 622 261 687 semper
281 600 455 682 adversus,
474 600 565 687 quod
581 601 617 663 in
635 600 705 666 aliis
729 622 796 664 non
819 600 995 687 probabat,
1018 602 1086 681 ejus
1107 602 1140 665 in
1165 625 1200 667 se

127 702 277 790 conspici
295 703 479 790 exemplum
496 724 564 765 uon
579 702 772 790 patiebatur.
791 703 875 765 Cum
890 702 1004 767 Clodio
1023 725 1100 767 mox
1118 726 1199 767 con-

128 804 314 867 tentionem
339 804 455 868 habuit
476 803 521 868 ob
544 824 653 869 servos
677 804 803 893 regios,
829 826 969 892 quorum
986 826 1142 893 magnum
1160 827 1200 873 ex

128 906 242 993 Cypro
258 928 434 970 numerum
449 904 628 971 adduxerat
641 928 651 973 t
664 929 739 987 eos,
755 904 845 993 quod
857 928 897 971 ex
911 928 969 969 sua
984 906 1054 995 lege
1067 904 1199 969 adducti

128 1021 258 1089 essent,
276 1005 445 1071 Clodianos
459 1006 668 1095 appellandos
682 1008 736 1071 ille
751 1007 887 1071 dicebat.
906 1009 986 1071 Cato
1000 1028 1060 1070 nec
1073 1006 1107 1070 id
1121 1029 1200 1071 con·

129 1109 249 1189 cessit,
267 1131 374 1196 neque
389 1110 520 1173 Porcios
532 1131 552 1172 a
566 1130 628 1172 suo
641 1108 776 1171 nomine
789 1108 913 1188 vocari,
928 1105 1018 1194 quod
1033 1106 1199 1171 nonnullis

129 1208 299 1297 placebat,
314 1208 440 1273 soluit:
460 1208 567 1297 Cyprii
579 1208 739 1272 nominati
755 1223 842 1273 sunt.

180 1308 279 1371 Lxx.
303 1308 352 1371 nb
369 1309 434 1373 hoc
449 1309 545 1374 initio
563 1308 696 1373 Clodius
711 1324 782 1373 acta
797 1308 943 1372 vellicare
959 1308 1090 1373 Catonis
1107 1308 1201 1373 insti-

131 1408 218 1489 tuit,
232 1422 266 1473 et
285 1409 425 1473 rationes
444 1424 583 1498 acceptae
604 1411 750 1499 pecuniae
773 1410 960 1498 postulare:
979 1432 1039 1474 neo
1056 1427 1123 1475 erat
1137 1411 1202 1475 ulla

131 1526 249 1575 contra
272 1512 478 1576 clarissimam
497 1512 557 1576 riri
579 1513 847 1598 notissimumque
865 1510 1081 1600 integritatem
1097 1512 1202 1600 suspi-

130 1612 206 1692 cio,
223 1611 280 1676 sed
294 1614 371 1699 quia
388 1614 631 1693 commentarii,
648 1636 733 1702 qnos
749 1612 990 1701 diligentissime
1009 1613 1204 1695 confecerat,

133 1710 305 1801 naulragio
327 1730 420 1778 erant
440 1713 570 1797 amissi,
596 1714 765 1777 calumniae
794 1712 884 1775 color
912 1712 1027 1800 aliquis
1055 1712 1201 1779 dabatur.

133 1814 229 1876 Hanc
243 1812 285 1877 ad
300 1814 524 1879 instruendam
540 1816 778 1879 accusationem
799 1813 946 1878 conferre
966 1836 1079 1901 operas
1100 1818 1204 1880 Caesar

133 1912 323 1994 dicebatur,
339 1915 490 2002 epistolas
505 1914 547 1980 ad
563 1915 715 1980 Clodium
731 1936 769 1977 ea
786 1914 827 1979 de
844 1936 879 1979 re
895 1914 1094 1979 missitando.
1114 1918 1204 1981 Inter

132 2014 199 2079 alia
219 2014 474 2079 criminabantur
493 2016 658 2080 dimissam
679 2016 804 2079 reluta
826 2029 994 2079 recusante
1011 2031 1202 2102 pretorem,

135 2138 241 2203 quum
257 2116 327 2203 ipse
342 2117 455 2181 luisset
470 2118 635 2181 relationis
653 2116 841 2181 consulibus
857 2131 986 2197 auctor,
1003 2114 1121 2181 deinde
1134 2140 1203 2181 rem

134 2214 278 2279 obtineri
289 2238 356 2279 non
366 2238 461 2303 posse
472 2218 615 2281 sentiens
627 2266 636 2299 ‚
650 2234 768 2305 sponte
780 2239 842 2282 sse
851 2217 1002 2281 omissam
1012 2216 1203 2293 simulasset.

182 2314 297 2379 LXXI.
318 2315 511 2403 Priusquam
523 2318 558 2379 in
572 2319 717 2405 Cyprum
733 2319 813 2382 Cato
829 2320 1010 2407 navigaret,
1026 2342 1082 2383 rex
1102 2319 1204 2410 AEgy-

136 2415 188 2504 pti
200 2414 413 2499 Ptolemaeus,
427 2440 564 2482 suorum
576 2418 709 2499 injurias
732 2418 879 2510 largiens,
897 2420 1035 2484 Romam
1054 2442 1205 2509 propera·

136 2517 205 2581 bat.
225 2517 338 2598 Quum
353 2518 508 2584 Rbodaun
521 2520 679 2601 venisset,
694 2520 752 2584 ubi
768 2536 839 2585 tum
855 2520 963 2586 adbuc
976 2523 1058 2586 Cato
1072 2522 1205 2610 agebat,
1279 2600 1283 2610 Ι

136 2616 227 2680 misit
242 2615 285 2680 ad
303 2618 415 2699 illum,
431 2636 465 2684 et
479 2620 529 2684 uti
544 2619 586 2684 ad
601 2643 636 2684 se
649 2619 818 2686 accederet
833 2621 926 2709 petiit
941 2645 949 2687 t
969 2626 1048 2687 Cato
1066 2621 1204 2688 ricimiro

135 2715 182 2782 ad
193 2739 229 2782 se
244 2719 355 2783 venire
369 2721 483 2802 jussit,
505 2721 533 2785 si
551 2721 666 2802 vellet,
684 2722 718 2784 in
734 2721 918 2786 valetudine
939 2721 1082 2788 curanda
1105 2747 1204 2788 occu-

138 2834 246 2907 patus.
259 2819 300 2883 ld
314 2844 418 2908 quum
430 2823 553 2887 lactum
573 2839 656 2887 esset
671 2822 713 2886 ab
734 2845 825 2912 rege,
839 2845 901 2887 nec
919 2823 1040 2910 prodiit
1056 2823 1204 2906 obviam,

139 2942 203 2984 nec
218 2922 392 2985 assurrexit
406 2924 565 3006 venienti,
579 2923 636 2989 sed
651 2925 838 2990 translatitie
851 2925 1024 2988 salutatum
1038 2925 1207 2990 considere

136 3022 242 3102 jussit.
263 3021 359 3086 Unde
375 3045 484 3112 regem
501 3047 641 3113 magnus
660 3025 777 3089 invasit
792 3041 923 3113 stupor,
936 3025 970 3088 in
987 3041 1075 3089 tanta
1086 3025 1206 3090 vilitate

137 3124 268 3205 cultus,
286 3139 413 3189 tantum
426 3127 637 3214 supercilium
649 3127 871 3191 admirantem.
885 3125 948 3190 Sed
961 3126 1019 3190 ubi
1032 3126 1085 3190 ille
1098 3149 1206 3215 repre·

138 3224 284 3290 bendere
300 3226 474 3291 consilium
487 3229 603 3316 coepit,
620 3245 706 3292 certa
722 3227 950 3290 commutantis
971 3248 1046 3290 cum
1060 3228 1209 3292 incertis-

139 3327 249 3410 simis,
271 3344 318 3409 et,
345 3329 462 3393 onrissa
484 3329 603 3417 patria,
625 3349 836 3392 romanorum
861 3327 1046 3415 principum
1070 3329 1209 3392 auantiae

140 3451 176 3494 se
191 3430 424 3517 permittentis,
442 3451 525 3517 quos
541 3430 595 3492 vir
611 3443 679 3492 tota
693 3429 727 3491 in
741 3444 910 3517 argentum
927 3449 1080 3492 maressa
1094 3429 1208 3492 satiare

140 3527 302 3618 AEgyptus
316 3546 446 3618 posset;
457 3530 619 3617 jussitque
629 3530 746 3594 reverti
757 3577 766 3610 ,
778 3545 811 3593 et
824 3529 929 3594 redire
940 3529 973 3592 in
986 3530 1119 3618 gratiam
1132 3554 1207 3596 cum

140 3630 285 3709 civibus,
299 3630 454 3695 comitem
465 3630 506 3696 ad
518 3631 583 3695 boc
592 3647 626 3694 et
638 3630 820 3710 adjutorem
836 3653 870 3695 se
884 3630 1045 3696 offerens:
1061 3631 1207 3696 libertate

141 3747 239 3818 atque
257 3730 431 3818 prudentia
454 3731 597 3796 bominis
615 3748 801 3822 perspecta,
819 3749 857 3824 ut
879 3733 1051 3796 consilium
1073 3734 1142 3812 ejus
1160 3755 1208 3795 se-

141 3847 299 3920 queretur
319 3849 429 3897 motus
451 3850 520 3915 est,
539 3833 658 3899 deinde
676 3835 794 3898 iterum
820 3851 989 3900 revocatus
1010 3857 1029 3898 a
1049 3835 1209 3898 familiari·

142 3933 219 4014 bus,
233 3935 370 3998 Romam
386 3933 566 3999 contendit.

176 4083 295 4147 §LXIX
312 4083 370 4130 Dio.
385 4109 420 4119 -
430 4082 485 4130 Vsl.
496 4085 563 4132 Max.
574 4084 620 4143 IV,
634 4099 654 4132 r.
667 4111 701 4120 -
712 4083 764 4131 Cic.
775 4099 821 4148 pro
834 4081 922 4138 domo,
933 4095 986 4144 cap.
1002 4095 1026 4143 q.
1044 4107 1079 4117 -
1094 4080 1110 4146 s
1130 4081 1207 4132 Lxx.

142 4165 204 4214 Plut.
215 4193 249 4203 -
260 4165 317 4214 Dio.
333 4194 369 4202 —
384 4163 400 4229 ς
415 4168 507 4215 txxt.
521 4167 574 4215 ttv.
588 4167 653 4230 Epir.
664 4193 699 4204 -
709 4168 767 4214 Dio.
784 4193 818 4202 -
832 4164 896 4214 elur.
907 4164 932 4212 in
943 4163 995 4214 Cat.
