2875 4900
240 440 244 449 ,
297 368 352 437 m
384 368 496 435 noc.
524 367 618 435 rm.
646 366 717 433 cu
750 366 967 433 mvrsnr.
1097 366 1169 452 413

138 488 177 551 V.
194 487 279 551 Sane
292 508 472 575 purpuram
487 484 642 565 indutus,
655 500 877 573 prosequente
891 486 1024 573 copiosa
1033 486 1170 569 familia,

95 610 153 676 per
165 586 284 651 urbem
296 586 507 675 obequitabat
516 635 525 669 ,
533 586 720 668 clamitans,
733 614 746 641 α
758 589 836 650 Haec
846 587 958 650 omnia
971 608 1043 651 mea
1055 607 1171 672 sunt-3

95 706 127 755 et
142 688 327 753 ridentibus
348 688 475 769 obviis,
492 690 529 752 id
544 689 658 753 melum
678 710 742 752 esse
765 688 923 776 negabat,
943 690 1001 752 sed
1012 690 1103 779 quod
1120 715 1172 754 oo·

94 802 250 855 currentes
268 791 328 853 sibi
336 813 408 879 proe
428 790 530 853 nimia
550 790 714 879 voluptate
732 788 891 879 lapidibus
911 814 976 853 non
997 794 1169 857 incesseret.

94 894 166 957 Hoc
182 908 262 957 sunt
280 908 313 955 et
330 906 469 980 possunt
484 890 621 974 divitiae,
643 892 762 980 hisque
784 891 951 955 interdum
972 892 1079 957 modis
1096 894 1171 958 illu-

94 994 222 1059 dnntur
237 1010 271 1058 et
285 992 437 1058 illudunt.
453 994 511 1057 llla
527 1017 605 1084 ergo
617 994 799 1059 Stratonice
811 994 975 1075 ,relictam
987 1016 1022 1058 se
1034 1012 1068 1059 et
1079 998 1172 1084 quasi

94 1098 276 1186 neglectam
299 1119 317 1159 a
339 1118 415 1185 rege
440 1095 572 1178 dolens,
596 1096 732 1161 salutern
756 1096 911 1183 Xipharis
933 1114 1046 1184 pacta,
1072 1120 1171 1185 quern

93 1196 277 1260 Mithridati
293 1212 481 1284 pepererat,
497 1198 524 1261 si
541 1198 626 1262 forte
641 1197 783 1261 venisset
798 1196 833 1259 in
847 1214 1040 1285 potestatem
1056 1200 1174 1268 Roma·

94 1318 235 1380 norum,
251 1299 420 1362 castellum
436 1296 673 1387 thesaurosque
687 1296 847 1386 Pompeio
860 1297 1011 1380 tradidit,
1029 1300 1139 1363 multis
1152 1323 1172 1363 a

93 1423 127 1465 se
141 1398 275 1480 adjectis
290 1400 493 1464 muneribus.

137 1500 197 1565 Vl.
219 1499 373 1565 Validam
396 1501 430 1565 in
454 1522 527 1566 arce
543 1500 732 1590 presidium
751 1500 959 1566 Mithridates
974 1501 1171 1590 reliquerat;

91 1600 152 1667 sed
167 1604 286 1667 mulier
302 1604 486 1692 composito
505 1601 583 1668 dolo
598 1603 772 1667 maximam
788 1602 858 1683 ejus
875 1618 1000 1691 partem
1018 1625 1078 1690 per
1093 1627 1171 1667 mu·

92 1728 162 1768 sam
185 1704 368 1769 advehendi
387 1722 590 1770 commeatus
614 1706 740 1787 emisit,
764 1703 883 1769 deinde
905 1705 1059 1768 Romanis
1081 1706 1170 1771 haud

90 1806 210 1893 procul
232 1804 309 1870 inde
332 1806 531 1870 latitantibus
549 1806 676 1895 aperuit
700 1822 821 1895 portas.
845 1806 1041 1893 Pompeius,
1065 1808 1171 1872 ablata

90 1909 250 1995 pecunia,
265 1930 338 1997 quae
350 1908 562 1974 subterraneo
575 1909 610 1971 in
626 1932 726 1997 specu
741 1909 824 1972 vasis
841 1907 938 1971 aeneis
953 1908 1041 1970 ferro
1054 1908 1170 1974 vinctis

91 2010 207 2097 ignota
233 2012 333 2099 vulgo
358 2010 564 2091 serrabatur,
589 2026 622 2074 et
644 2034 683 2074 er
707 2010 899 2074 muneribus
923 2007 1014 2095 quod
1039 2010 1170 2073 ornatui

92 2110 293 2199 templorum
310 2128 367 2176 aut
383 2112 542 2201 triumphi
557 2112 840 2177 accommodatum
853 2110 1041 2192 ridebatur,
1056 2128 1171 2175 caetera

89 2214 214 2277 babere
227 2214 430 2278 Stratonicen
441 2214 548 2296 jussit.
563 2212 626 2277 Sed
641 2236 703 2278 nec
713 2214 819 2295 illam,
833 2234 895 2277 nec
911 2212 1058 2299 quantus
1075 2214 1169 2276 aliam

89 2316 255 2404 regiarum
281 2317 477 2398 mulierum,
496 2338 600 2404 quum
625 2332 727 2403 captas
747 2314 931 2402 deditaeque
953 2314 1102 2403 plurimae
1119 2339 1170 2380 cs·

90 2431 186 2498 sent,
204 2417 328 2507 attigit,
344 2438 459 2482 verum
476 2417 601 2482 remisit
620 2440 671 2482 eas
688 2416 730 2482 ad
746 2431 898 2507 parentes
913 2416 1167 2506 propinquosve.

133 2519 211 2583 Vll.
233 2519 435 2608 Regulorum
454 2522 542 2584 enim
559 2505 592 2584 et
607 2521 732 2585 ducum
746 2521 910 2609 pleraeque
927 2519 1000 2584 filiae
1015 2536 1073 2584 aut
1083 2545 1167 2587 uxo-

90 2641 143 2682 res
158 2636 262 2684 erant.
275 2621 400 2685 Exinde
417 2623 581 2710 profectus
595 2622 744 2686 Amisum
761 2621 796 2684 in
811 2618 970 2703 hiberna,
987 2623 1074 2701 justa
1087 2647 1169 2712 qna·
1243 2619 1246 2624 ¹

89 2720 168 2784 (lam
192 2721 318 2786 ultione
338 2723 372 2786 in
394 2723 541 2787 eamdem
560 2724 850 2812 reprehensionem
872 2722 1005 2805 incidit,
1024 2747 1088 2812 qua
1106 2727 1170 2789 cri·

89 2821 234 2885 minatus
256 2823 428 2888 Lucullum
449 2825 570 2906 hrerat,
589 2839 627 2890 ut
646 2841 799 2889 manente
816 2824 903 2890 bello
920 2825 1069 2912 (namin
1085 2829 1166 2890 llos·

88 2945 173 3010 poro
189 2923 395 2990 Mithridates
409 2925 498 2990 haud
510 2927 627 3016 exiguo
640 2928 819 2992 instructus
833 2927 978 2990 exercitu
990 2927 1165 3015 regnabat)

89 3049 142 3088 res
160 3025 348 3110 ordinaret,
363 3028 573 3116 honoresque
588 3044 621 3092 et
634 3027 766 3117 praemia
783 3026 1003 3092 distribueret.
1021 3026 1166 3092 Maximo

88 3127 134 3190 ihi
161 3151 325 3193 concursu
351 3131 536 3219 principum
561 3130 644 3194 Asiae
668 3146 701 3193 et
729 3128 892 3210 Orientis,
917 3148 1009 3216 reges
1032 3149 1166 3214 quoque

89 3229 221 3324 harbpri
239 3230 414 3296 duodecim
431 3232 607 3296 affuerunt.
630 3231 668 3296 In
687 3230 753 3295 hoc
771 3247 838 3294 tam
861 3229 981 3294 celebri
998 3245 1165 3294 conventu

87 3333 298 3414 Armeniam,
318 3335 477 3416 Colchos,
495 3333 733 3423 Cappadociam
757 3350 789 3397 et
813 3333 940 3421 Syriam
957 3333 1164 3419 composuit3

88 3434 236 3498 Pontum
261 3435 294 3498 in
315 3437 487 3524 provinciae
506 3436 644 3500 formam
669 3435 815 3524 redegit3
838 3436 1026 3499 Armeniam
1057 3437 1164 3500 mino-

88 3559 160 3600 rem
182 3535 337 3619 Dejotaro
360 3537 499 3620 Galatae,
526 3538 618 3618 cujus
642 3537 790 3601 maximis
815 3538 943 3600 auxiliis
970 3552 1162 3614 cretosus,

88 3660 257 3725 quemque
281 3661 320 3702 ex
345 3640 458 3708 animo,
476 3641 637 3721 amicum,
661 3662 804 3728 vereque
825 3640 1023 3704 benevolum
1038 3641 1163 3727 populo

88 3759 227 3802 romano
237 3737 418 3822 judicabat,
434 3740 523 3805 dono
539 3741 639 3806 dedit.

132 3840 223 3904 VlII.
245 3840 498 3942 Paphlagoniam
521 3843 630 3912 Attalo
648 3858 681 3907 et
701 3843 877 3930 Pylaemeni
895 3841 1054 3920 reddidit,
1074 3840 1163 3904 uncle

122 4039 141 4104 s
155 4041 186 4086 V.
203 4039 310 4104 Appian.
332 4069 366 4078 ·-
382 4039 506 4089 Plutarch.
521 4069 555 4078 -
569 4042 626 4090 Dio.
640 4069 674 4078 -—
691 4041 776 4106 §Vll
789 4041 922 4095 Oros.Vl.
937 4050 961 4096 4.
977 4069 1005 4077 -
1030 4041 1081 4087 hir.
1095 4039 1161 4104 Epit.

89 4151 123 4158 -—
139 4123 245 4188 Eutrop.
256 4125 349 4173 litsvl.
366 4154 400 4164 „-
412 4127 462 4175 Cic.
476 4127 585 4191 Philipp.
595 4127 646 4179 xl.
661 4127 699 4174 13.
