2875 4900
254 365 295 446 td
425 361 492 427 JO.
518 355 858 424 FREINSHEMII
885 353 1131 422 SUPPLEM.

248 485 388 548 ducrum
405 501 571 544 servorum
588 476 763 541 laboreriis
777 473 981 554 sublevatus,
998 491 1031 538 et
1046 475 1080 538 in
1097 475 1229 541 alterum
1246 477 1309 540 im.

248 585 371 672 positus
396 597 454 646 est.
481 582 617 665 Jamque
644 575 779 640 aderant
800 573 947 662 equites,
971 590 1005 637 et
1029 590 1142 640 nautas
1167 576 1309 640 clamore

249 686 368 749 cientes
383 679 535 770 appellere
546 677 723 759 jubebant,
742 690 801 740 aut
812 674 924 738 saltent
937 677 1136 764 proecioitato
1154 678 1189 738 in
1207 666 1309 766 aquo&

249 787 373 864 Mario,
394 805 456 871 quo
479 781 681 844 instituissent
701 799 842 856 eunucu,
857 799 999 865 pergere.
1021 775 1085 842 Sed
1105 778 1308 866 supplicante

249 909 324 952 curn
344 883 492 971 lacrymis
508 903 604 960 sene,
621 879 745 944 domiui
761 878 870 958 navis,
885 894 1058 966 postquam
1075 877 1133 942 diu
1152 877 1306 943 fluctues·

222 999 224 1009 ’
249 1003 320 1052 sent
335 984 469 1063 animis,
486 995 644 1070 negarunt
664 989 698 1044 se
717 980 830 1059 ejicere
850 980 956 1042 virum
978 1002 1083 1068 posse.
1102 979 1231 1044 Deinde
1247 981 1307 1044 ubi
1341 1063 1345 1068 Ι

249 1107 324 1150 curn
346 1083 509 1146 atrocibus
533 1081 628 1146 minis
649 1081 773 1168 equites
793 1079 849 1144 citi
869 1095 1087 1159 recesserunt,
1108 1081 1227 1144 iterum
1242 1082 1307 1145 im·
1351 1132 1358 1142 .

251 1201 372 1250 ntumta
390 1199 513 1264 mente,
528 1181 569 1246 ad
589 1181 669 1245 Liris
692 1181 796 1244 amnis
815 1180 895 1244 ostiu
911 1203 1012 1268 prope
1030 1197 1146 1246 terram
1159 1183 1309 1261 jecerunt

250 1307 382 1350 ancoras
393 1307 402 1366 ;
418 1283 602 1370 hortatique
615 1281 754 1346 Marium
765 1329 775 1362 ,
787 1297 826 1346 ut
836 1280 878 1346 ad
890 1280 1001 1346 cibum
1013 1282 1222 1369 capiendum,
1235 1307 1309 1348 cors

252 1409 377 1476 pusque
404 1383 521 1448 rectius
548 1382 730 1448 curandum
758 1398 808 1446 tot
832 1381 988 1448 afflictum
1013 1384 1246 1466 incommodis,
1270 1387 1307 1450 in

252 1506 368 1553 terrain
391 1482 614 1564 exscenderet,
635 1482 758 1564 donec,
778 1483 836 1571 qui
856 1499 938 1548 stata
958 1485 1039 1547 hora
1055 1482 1132 1550 flare
1152 1483 1308 1566 debebat,

251 1605 366 1654 ventus
391 1601 553 1674 surgeret,
573 1584 707 1650 sublatis
732 1583 810 1647 velis
835 1584 870 1647 iu
894 1583 1039 1672 gramine
1061 1586 1308 1650 accumbentem

252 1689 461 1776 reliquerunt.

296 1789 430 1853 XXXV.
446 1789 494 1852 ltu
508 1786 676 1851 derelictus
692 1785 734 1848 ab
749 1785 901 1850 omnibus
916 1786 1124 1868 hominibus,
1140 1786 1199 1850 diu
1216 1787 1250 1850 in
1268 1788 1309 1852 li·

242 1907 323 1964 ‚tore
334 1889 402 1953 sine
413 1909 492 1952 voce
500 1887 619 1967 jacuit:
635 1902 807 1974 postquam
821 1909 904 1974 tegre
914 1910 950 1950 se
963 1888 1143 1976 recollegit,
1154 1889 1310 1976 periuria

253 2007 285 2056 et
298 1991 456 2078 uliginosa
474 1989 564 2068 locu,
580 1987 790 2074 oppletasque
804 2009 897 2050 coeno
913 2002 946 2050 et
960 1988 1051 2074 aquis
1069 1989 1170 2052 fossas
1184 1988 1311 2054 delecta

254 2091 395 2154 membra
408 2089 555 2168 trahens,
566 2084 695 2150 tandem
707 2085 748 2150 ad
760 2087 958 2175 tuguriolum
971 2088 1077 2169 venit,
1088 2089 1122 2152 in
1132 2111 1199 2176 quo
1210 2113 1312 2155 senex

254 2191 406 2278 quidam,
424 2186 597 2276 paludibus
615 2183 790 2274 purgandis
803 2207 934 2272 operatu
950 2185 1027 2250 dare
1038 2186 1170 2270 solitus,
1183 2189 1312 2254 babita-

254 2292 319 2356 bat.
337 2290 388 2356 Ad
407 2289 504 2369 hujus
513 2285 618 2374 'pedes
632 2308 666 2350 se
683 2285 852 2366 abjiciens,
864 2286 1101 2366 obtestabatur,
1112 2302 1249 2353 seruator
1259 2305 1312 2353 at·

253 2414 312 2479 que
324 2390 453 2480 adjutor
469 2401 530 2453 esse
545 2383 639 2451 vellet
650 2385 799 2467 domitis,
812 2389 842 2451 si
846 2399 1031 2475 presentem
1042 2400 1252 2477 anputatae
1264 2389 1313 2479 es-

241 2491 403 2579 fugisset,
422 2490 546 2577 majora
566 2489 708 2575 opinione
717 2491 855 2575 proemiu
874 2489 1036 2553 reddituri.
1054 2490 1129 2572 llle,
1147 2492 1213 2556 sive
1230 2492 1311 2557 clim

253 2594 358 2657 visum
369 2610 601 2679 recognoscens
610 2636 620 2669 ,
630 2588 697 2652 sive
710 2611 750 2652 ex
759 2588 915 2678 adspectu
921 2590 1028 2653 virum
1043 2590 1131 2654 haud
1146 2592 1312 2679 vulgarem

251 2693 418 2775 judicans,
433 2688 555 2777 placide
576 2688 759 2777 respondit;
777 2692 807 2753 si
818 2691 944 2777 quodem
957 2694 1067 2779 qtu‘etes
1083 2707 1205 2778 egeret,
1218 2714 1314 2780 posse

254 2796 377 2881 nigrario
393 2794 440 2857 uti
444 2816 457 2870 ,·
471 2793 519 2854 siu
534 2812 607 2853 uero
623 2792 763 2854 t'rtimieos
778 2790 900 2879 aliquos
903 2790 1037 2879 sugeret
1040 2840 1051 2872 ,
1066 2810 1313 2859 monstraturum

254 2896 448 2983 sceptrorum
463 2890 590 2955 latebris
605 2889 718 2955 locum.

299 2994 450 3061 XXXVI.
473 2992 521 3057 lbi
535 2990 614 3056 dum
626 2993 718 3072 juxta
730 2991 944 3080 profluentem
961 2995 995 3057 in
1013 3017 1089 3059 cava
1106 2996 1194 3083 ripa,
1211 2998 1313 3061 multa

255 3096 412 3159 arundine
437 3094 625 3181 levibusque
647 3093 816 3158 sarmentis
835 3110 1001 3159 contectus
1017 3094 1124 3176 sedet,
1145 3096 1252 3161 subito
1270 3096 1314 3162 ad

255 3218 348 3261 aures
364 3195 479 3259 accidit
493 3196 630 3277 clamor,
650 3195 885 3283 increpantium
901 3218 1029 3278 senem,
1046 3212 1079 3260 et
1095 3196 1152 3261 ubi
1173 3198 1313 3262 Marium
1355 3236 1358 3239 ⁴

256 3294 475 3365 abscondisset
486 3296 671 3376 jubentium
688 3297 878 3362 ostendere:
903 3320 979 3361 nam
998 3299 1156 3386 quosdam
1177 3322 1315 3382 eorum,

258 3398 315 3485 qui
334 3419 352 3459 n
371 3396 537 3473 Genucio,
561 3397 602 3462 ad
619 3398 850 3463 retrahendum
872 3400 1029 3481 Marium
1050 3423 1315 3488 quoquoversum

258 3497 365 3563 emissi
383 3498 529 3579 luerunt,
546 3496 586 3561 ad
604 3497 685 3561 illud
701 3500 902 3587 tuguriolum
917 3522 1009 3565 casus
1024 3501 1192 3583 dentlerat.
1210 3502 1243 3565 Is
1260 3516 1316 3567 tu·

258 3598 380 3663 multus
399 3597 565 3663 bominem
581 3598 775 3687 proditionis
787 3616 911 3665 certum
928 3603 1075 3693 subegit,
1089 3620 1128 3667 ut
1144 3603 1246 3667 exuitis
1260 3625 1316 3667 ve·

259 3700 362 3765 stibus
384 3699 418 3762 in
443 3698 592 3786 paludem
615 3723 649 3765 se
672 3702 897 3789 immergeret,
914 3704 1015 3767 oculis
1036 3702 1261 3767 tantummodo
1278 3726 1317 3768 ac

260 3800 390 3866 naribus
402 3800 610 3867 exstantibus.
624 3802 676 3865 Sic
686 3817 831 3889 repertus
845 3818 1069 3890 estractusque
1079 3852 1088 3886 ,
1099 3820 1213 3869 uteret
1223 3802 1317 3867 nudo

259 3924 415 3990 corpore,
435 3902 513 3965 limo
536 3924 693 3989 eoencque
709 3902 882 3983 deicnnis,
900 3906 1017 3985 injecto
1037 3906 1070 3968 in
1087 3906 1205 3970 collum
1225 3905 1315 3985 loro,
1374 3940 1383 3956 ·

293 4088 429 4153 §xxm
442 4089 548 4153 Appitn.
562 4114 595 4124 -
610 4088 733 4137 Plctnrelt.
