2875 4900
259 330 331 418 458
425 332 493 399 JO.
522 332 867 401 FREINSHEMII
900 332 1146 399 SUPPLEM.

260 454 479 543 conjuratione
489 451 690 541 deprehensos
708 444 1076 541 necass'esmudiforet3
1094 448 1288 536 additoque,
1303 453 1332 513 si

258 556 331 643 quis
347 574 458 617 contra
474 553 545 617 boec
557 554 735 641 periculum
752 558 903 642 cuiquam
909 551 1028 639 sucu,
1043 574 1115 615 eum
1129 553 1259 614 senatui
1271 575 1330 638 pro

260 654 346 717 hoste
347 652 502 741 futurum
515 678 526 717 :
539 656 600 718 ista
615 656 777 719 calumnia
791 656 872 718 citra
885 654 1042 733 majorem
1054 653 1236 717 tumultum
1251 676 1329 715 con-

259 756 394 843 quievit.
406 758 464 821 Illa
480 756 603 819 Metelli
620 756 765 835 ejusdem
779 756 906 845 rogatio
923 754 1077 817 maximas
1097 752 1210 816 turbas
1226 751 1329 835 dedit,

261 880 324 945 qua
340 858 514 945 Pompeius
527 880 591 921 una
609 880 684 921 cum
700 858 845 921 exercitu
861 855 902 919 ad
919 853 1182 918 constituendam
1197 875 1329 941 rempu-

260 958 378 1023 blicam
390 958 576 1023 vocabatur.
589 960 660 1023 Hoc
672 960 812 1022 maxime
823 955 923 1021 modo
935 956 1102 1019 Ciceronis
1109 978 1143 1019 se
1153 956 1329 1042 potentiam

260 1060 456 1125 infracturos
478 1061 650 1141 rebantur,
670 1060 720 1123 uti
746 1060 920 1123 salutarem
944 1052 1147 1144 reipublicae',
1168 1056 1214 1119 ita
1234 1078 1330 1120 nova·

262 1163 389 1225 toribus
408 1162 639 1249 importunam.
939 1172 943 1177 ’

303 1263 396 1327 XIII.
411 1262 542 1327 Metello
557 1264 642 1327 inter
655 1263 929 1353 pertinacissimos
939 1277 1200 1351 propugnatores
1213 1261 1251 1323 C.
1265 1262 1330 1323 Cae·

260 1387 312 1428 sar
338 1362 475 1426 aderat:
496 1363 629 1427 Patrum
656 1364 801 1428 seniores
826 1362 1041 1445 resistebant,
1068 1378 1100 1426 et
1116 1361 1328 1450 amplissimus

260 1466 399 1554 quisque
415 1466 562 1529 maxIme.
580 1466 638 1529 His
653 1465 876 1529 firmissimum
892 1464 1078 1553 praesidium
1096 1466 1130 1527 in
1147 1464 1259 1527 animo
1275 1466 1330 1527 Ca·

259 1566 346 1630 tonis
363 1583 450 1649 erat,
467 1568 541 1654 qui,
563 1568 629 1648 jam
652 1590 670 1631 a
692 1567 854 1655 principio
878 1567 1001 1630 Metelli
1017 1564 1152 1654 provisis
1170 1564 1328 1646 consiliis,

260 1689 328 1730 non
343 1668 402 1731 alia
416 1667 457 1732 de
473 1691 586 1750 causa,
606 1690 704 1755 quam
720 1669 824 1732 uthis
840 1683 1046 1749 occurreret,
1062 1668 1268 1731 tribunatum
1281 1690 1330 1754 pe·

260 1768 364 1833 tierat.
376 1772 473 1834 Forte
486 1794 561 1835 cum
575 1771 686 1835 amicis
703 1770 900 1859 quibusdam
914 1787 948 1835 et
961 1770 1121 1833 librorum
1137 1769 1330 1855 supellectile

258 1869 523 1959 proficiscebatur
538 1875 571 1936 in
592 1874 786 1954 Lucaniam,
803 1874 860 1936 ubi
877 1870 996 1960 praedia
1013 1894 1080 1934 non
1095 1869 1331 1933 contemnenda

258 1972 463 2062 possidebat,
474 1998 595 2062 quum,
610 1976 838 2055 jumentorum
847 1974 1113 2059 sarcinarumque
1123 1988 1156 2036 et
1164 1994 1331 2035 servorum

259 2095 374 2163 magna
393 2075 604 2140 multitudine
619 2076 732 2155 obvia,
755 2074 920 2139 Metellum
939 2075 1093 2163 Nepotem
1109 2077 1142 2137 iu
1159 2074 1274 2138 Urbem
1289 2078 1332 2137 ire

261 2174 393 2258 didicit,
410 2177 585 2241 tribunatus
596 2178 729 2265 petendi
741 2200 851 2245 causa.

303 2278 393 2341 XIV.
418 2277 543 2343 Idcirco
572 2302 675 2367 quum
700 2280 863 2367 paulisper
886 2281 1055 2345 restitisset
1077 2278 1331 2369 cogitabundus,

261 2379 414 2466 praecepit
429 2380 495 2443 suis
503 2396 691 2444 convertere
702 2382 773 2445 iter.
784 2381 980 2445 Mirantibus
989 2430 999 2464 ,
1009 2383 1066 2470 qui
1075 2381 1226 2463 aderant,
1235 2413 1249 2436 a
1260 2382 1332 2444 Non

260 2480 479 2570 «intelligitis,
502 2483 627 2569 inquit,
647 2483 856 2548 stoliditatem
875 2483 1016 2564 Metelli,
1039 2483 1136 2547 bonis
1159 2483 1249 2546 ultro
1267 2482 1333 2545 ior·

258 2611 271 2636 a
283 2583 488 2666 midabilem,
505 2607 595 2650 nune
614 2586 780 2649 voluntate
801 2586 949 2673 Pompeii
966 2587 1055 2648 velut
1072 2601 1204 2649 amento
1223 2585 1333 2648 conci·

258 2700 400 2766 «taum,
418 2687 452 2750 in
478 2687 709 2776 rempublicam
734 2686 835 2750 serri?
856 2688 993 2751 Minime
1016 2709 1094 2750 vero
1116 2685 1171 2748 hic
1188 2682 1335 2748 cessandi

260 2817 273 2842 a
283 2787 374 2850 locus
388 2804 455 2868 est,
473 2788 530 2851 sed
547 2805 604 2852 aut
618 2788 846 2877 reprimendus
859 2790 913 2852 ille
928 2788 1029 2868 mihi,
1042 2803 1100 2851 aut
1114 2809 1175 2875 pro
1185 2786 1334 2850 libertate

257 2889 487 2954 «moriendum
501 2923 524 2955 ν.
549 2891 633 2954 Nam
657 2890 764 2960 affinis
791 2890 938 2979 Pompeii
964 2891 1135 2970 Metellus,
1159 2889 1274 2952 omnia
1299 2911 1336 2951 ex

260 2991 361 3079 ipsius
387 3009 471 3056 nutu
494 2992 829 3080 facereiacturusque
849 2992 1042 3058 videbatur:
1063 3007 1217 3079 praeterea
1236 2992 1338 3055 mori·

258 3094 321 3157 bus
338 3111 405 3157 erat
422 3095 598 3182 improbis,
617 3093 706 3158 unde
722 3111 756 3158 et
771 3109 1027 3184 cognomentum
1047 3094 1077 3156 ei
1095 3094 1245 3180 Nepotis,
1263 3093 1338 3156 licet

259 3218 278 3258 a
294 3196 470 3274 majoribus
486 3214 676 3284 acceptum,
696 3197 776 3260 mire
792 3197 1003 3285 congruebat.
1022 3195 1192 3259 Proiectus
1209 3210 1337 3272 tamen,

260 3296 467 3362 hortantibus
483 3298 566 3380 illis,
586 3321 652 3386 quo
669 3297 874 3379 intenderat,
894 3320 954 3361 nec
978 3297 1082 3360 multo
1097 3311 1173 3384 post
1188 3317 1338 3360 reversus

260 3397 294 3459 in
312 3399 454 3480 Urbem,
472 3400 565 3487 petiit
582 3400 805 3481 tribunatum,
822 3416 855 3464 et
871 3423 937 3462 una
953 3397 1140 3486 designatus
1159 3413 1219 3462 est.

305 3501 377 3563 XV.
402 3501 463 3564 Hic
478 3501 578 3589 igitur
591 3501 761 3565 Metellum
775 3502 809 3564 in
825 3518 940 3565 senatu
955 3500 1171 3588 compellans,
1189 3521 1259 3562 non
1273 3500 1339 3587 egit

259 3600 468 3665 vehementer
485 3619 517 3666 et
531 3603 586 3666 illo
602 3604 775 3666 catoniano
789 3602 927 3690 spiritu,
945 3601 1003 3665 sed
1016 3617 1133 3688 praeter
1148 3623 1279 3663 morem
1295 3600 1339 3662 le·

261 3703 328 3785 nis,
348 3703 445 3766 etiam
462 3702 503 3766 ad
521 3726 632 3791 preces
649 3703 842 3785 devolutus,
858 3702 1048 3782 admonuit,
1065 3699 1257 3789 nefuuu‘lioe
1271 3721 1336 3764 suoe

298 3939 314 4003 s
335 3941 396 3986 XII.
413 3939 476 3988 Plut.
498 3939 524 3986 in
541 3939 594 3990 Cic.
614 3965 651 3974 -
671 3936 686 4001 S
706 3941 779 3988 xm.
800 3937 949 3987 Suetonio
962 3937 1024 3985 ea.
1041 3952 1097 4000 cap.
1116 3935 1156 3982 16.
1177 3961 1213 3971 -
1226 3932 1283 3980 Dio.
1298 3954 1331 3964 -

262 4023 326 4070 Plut.
344 4023 370 4070 in
388 4024 441 4072 Cat.
460 4039 514 4087 cap.
532 4039 574 4085 ²7·
590 4049 626 4059 -
641 4021 693 4072 Cic.
707 4038 755 4087 pro
768 4024 893 4082 Muraena,
913 4037 969 4085 cap.
985 4021 1029 4068 st.
1049 4047 1085 4056 --
1105 4017 1123 4084 S
1143 4019 1214 4066 xlv.
1233 4016 1284 4064 Cic.
1300 4010 1331 4058 ad

264 4107 383 4165 FamilV,
395 4123 419 4155 a.
431 4134 466 4143 -
474 4107 530 4157 val.
541 4108 610 4154 Max.
621 4109 674 4164 tx,
688 4113 719 4162 ιι
729 4141 737 4166 ,
756 4114 781 4163 4.
790 4134 826 4144 -
836 4106 902 4156 Plut.
911 4107 939 4153 in
950 4105 1004 4153 Cat.
