2875 4900
286 371 356 442 318
459 373 527 438 10.
554 370 900 441 FREINSHEMII
931 367 1174 437 SUPPLEM.

327 490 465 554 XXXV.
475 489 599 553 Consul
611 490 700 554 enim
713 489 811 554 fiebat
821 511 861 554 ex
873 488 983 576 equite
996 509 1148 568 romano,
1159 487 1335 576 priusquam

249 676 254 692 .
283 607 478 680 quaesturam
494 589 661 681 gessisset:
674 606 763 654 tanta
778 590 877 671 hujus
895 589 1106 653 adolescentis
1124 589 1222 678 gratia
1234 606 1266 652 et
1277 590 1339 653 rir-

283 711 336 758 tus
351 708 435 774 erat,
454 708 492 755 ut
508 691 710 778 quibuslibet
725 692 851 780 legibus
868 691 961 756 facile
976 692 1165 756 solveretur.
1182 693 1290 770 Latum
1306 713 1340 754 ex

281 794 565 859 senatusconsulto
577 791 618 856 ad
629 793 791 881 populum
803 809 866 870 est,
882 806 919 856 ut
932 791 989 856 Cn.
998 793 1182 880 Pompeium
1194 791 1340 856 cumulem

269 895 354 985 sieri
371 897 496 974 liceret,
519 917 616 983 quum
640 893 782 958 curulem
801 899 1023 983 magistratuum
1045 893 1170 959 nullum
1186 917 1246 982 par
1267 893 1341 980 leges

162 985 167 994 ¹
281 1020 391 1085 capere
402 998 560 1083 potuisset.
577 995 647 1058 Nee
663 994 745 1058 illud
764 1011 871 1060 tamen
889 997 962 1084 plus
978 994 1116 1077 adjicere
1134 994 1340 1084 magnitudini

281 1097 466 1175 videbatur,
481 1115 580 1182 quam
596 1094 688 1183 quod
700 1097 747 1160 M.
756 1097 905 1178 Crassus,
919 1113 1127 1186 contemptor
1141 1097 1340 1178 omnium,et

282 1199 402 1262 divitiis
417 1196 635 1284 facundiaque
654 1197 742 1260 inter
759 1199 916 1286 primores
933 1199 1108 1280 excellens,
1126 1221 1194 1262 non
1211 1214 1277 1262 erat
1292 1221 1342 1261 au·

282 1322 338 1364 sus
359 1297 566 1362 consulatum
584 1313 710 1384 petere,
734 1299 922 1389 priusquam
943 1300 1136 1388 Pompeium
1156 1303 1340 1390 rogavisset;

282 1418 315 1465 et
329 1400 519 1488 Pompeius,
538 1399 617 1463 olim
631 1399 974 1488 cupidusdemerendi
988 1401 1156 1465 hominem
1171 1401 1342 1490 potentissi-

281 1524 389 1584 mum,
407 1500 489 1566 adeo
508 1503 598 1566 enise
616 1502 752 1591 gratiam
768 1525 860 1567 suam
877 1503 1133 1591 interposuerat,
1150 1519 1189 1567 ut
1206 1526 1272 1566 non
1288 1523 1340 1591 pro

281 1607 396 1668 Crasso
412 1603 538 1682 minus,
553 1625 652 1690 quam
667 1625 728 1690 pro
742 1604 931 1692 semetipso,
947 1604 1093 1668 laborare
1108 1620 1288 1668 testaretur.

325 1707 480 1771 XXXVI.
498 1705 631 1771 Discors
650 1720 758 1769 tamen
773 1706 978 1796 magistratus
993 1705 1055 1768 suit
1070 1728 1078 1768 :
1096 1727 1156 1770 nec
1170 1705 1340 1794 quidquam

282 1830 479 1900 magnopere
491 1807 532 1871 ab
546 1808 584 1871 iis
597 1807 688 1872 domi
706 1807 826 1870 forisve
839 1807 1047 1872 memorabile
1064 1823 1192 1896 gestum
1209 1824 1272 1886 est,
1287 1806 1339 1868 nisi

281 1908 372 1997 quod
391 1912 542 1990 Crassus,
558 1908 691 1972 Herculi
707 1907 849 1972 decimas
868 1909 1011 1988 solvens,
1030 1907 1140 1971 decem
1162 1929 1339 1972 mensarum

280 2011 424 2075 millibus
441 2009 576 2098 epulum
589 2007 713 2096 populo
727 2008 880 2096 praebuit,
900 2031 937 2071 ac
952 2011 1155 2072 frumentum
1172 2009 1339 2098 gratuitum

278 2112 313 2174 iu
326 2111 490 2176 trimestre
509 2109 678 2172 dimensus
694 2125 764 2172 est:
780 2109 974 2197 Pompeium
990 2110 1042 2172 illa
1063 2108 1131 2173 dies
1149 2131 1269 2199 magno
1287 2110 1339 2170 ho·

279 2235 359 2275 nore
374 2210 559 2288 illustravit,
576 2230 641 2296 qua
656 2209 779 2272 militiae
793 2209 994 2274 vacationem
1006 2233 1026 2272 a
1038 2211 1231 2274 censoribus
1241 2227 1341 2299 postu·

278 2314 375 2394 larit5
393 2310 499 2399 quod,
516 2310 651 2398 expletis
668 2309 852 2397 stipendiis,
866 2309 992 2396 equites
1012 2311 1138 2374 romani
1151 2312 1258 2376 facere
1273 2331 1340 2374 con·

279 2428 460 2479 sueverant.
478 2411 641 2477 Sedebant
654 2434 715 2501 pro
734 2411 888 2476 tribunali
910 2413 945 2477 L.
962 2412 1101 2494 Gellius,
1116 2415 1179 2478 Cn.
1193 2413 1340 2489 Lentulus

279 2538 430 2580 censores
451 2537 460 2579 t
481 2514 522 2579 ad
547 2514 608 2578 bos
631 2512 808 2603 Pompeius
829 2512 997 2577 descendit
1018 2514 1050 2575 in
1073 2514 1203 2597 forum,
1227 2534 1338 2602 equum

278 2615 536 2697 manuducens,
553 2632 706 2679 ceterum
725 2615 908 2704 insignibus
925 2616 1033 2679 nitens
1049 2617 1257 2705 magistratus
1269 2614 1325 2680 sui.

321 2719 493 2784 xxxvss.
507 2717 573 2780 Ubi
588 2717 672 2781 stitit
686 2738 811 2803 equum
827 2714 869 2779 ad
885 2716 1046 2798 tribunal,
1062 2717 1165 2797 major
1179 2736 1257 2783 natu
1272 2736 1340 2781 cen·

275 2844 347 2905 sor,
364 2852 378 2878 ι
389 2821 511 2903 Quaero
532 2840 572 2882 ex
588 2835 635 2899 te,
654 2818 778 2906 inquit,
797 2817 933 2905 Pompei
949 2817 1082 2907 Magne,
1101 2818 1224 2906 ecquid
1238 2816 1340 2883 omnia

274 2956 287 2979 a
297 2920 458 3012 stipendia
473 2919 650 3007 expleveris
660 2918 694 2983 l·
710 2918 772 2984 Cui
784 2917 959 3007 Pompeius
980 2918 1042 2982 alta
1055 2940 1151 3001 voce,
1171 2950 1185 2977 a
1196 2916 1338 3009 Explevi‚

275 3025 421 3113 «inquit,
438 3039 471 3088 et
484 3021 618 3110 quidem
639 3042 691 3085 me
707 3020 903 3108 imperatore
913 3020 1038 3082 u'Tum
1056 3042 1135 3084 vero
1152 3022 1276 3085 mixtus
1294 3019 1339 3081 la·

275 3128 346 3192 titia
363 3141 397 3191 et
414 3124 629 3190 admiratione
644 3123 767 3205 clamor
786 3120 900 3211 populi
917 3136 1009 3183 ortus
1025 3120 1078 3184 vix
1094 3120 1201 3185 sedari
1221 3118 1338 3212 potuit,

274 3229 381 3293 donec
400 3242 569 3317 surgentes
588 3224 630 3289 de
646 3222 802 3288 tribunali
822 3243 991 3302 censores,
1010 3236 1047 3283 ut
1067 3221 1191 3311 populo
1212 3221 1338 3310 applau-

275 3328 366 3393 denti
384 3326 625 3417 gratulantique
643 3340 771 3413 gratum
788 3324 948 3403 facerent,
963 3322 1157 3410 Pompeium
1177 3323 1338 3387 consulem

274 3429 411 3494 domum
427 3427 646 3492 deduxerunt.
669 3426 809 3515 Magnus
827 3424 914 3489 enim
932 3424 1000 3504 ejus
1013 3422 1104 3511 apud
1119 3425 1282 3514 populum
1295 3422 1338 3485 la·
1376 3450 1378 3459 ⁴

273 3552 334 3595 vor
349 3544 434 3610 erat,
455 3550 559 3615 quum
576 3528 649 3615 plus
674 3527 708 3590 in
726 3542 841 3591 senatu
857 3527 991 3589 Crassus
1007 3523 1163 3611 polleret:
1179 3542 1213 3589 et
1227 3537 1295 3587 erat
1308 3519 1338 3582 in

274 3630 395 3697 invidia
406 3628 603 3715 Pompeius,
621 3625 710 3715 quod
726 3627 814 3714 plebi
826 3624 950 3715 potius,
970 3645 1068 3711 quam
1084 3624 1231 3705 senatui,
1248 3620 1339 3713 grati·

275 3735 405 3813 licatus,
423 3728 626 3793 tribunitiam
640 3742 834 3815 potestatem
849 3726 1048 3807 restituerat,
1066 3726 1263 3790 assentiente
1276 3720 1341 3811 qui·

310 3980 326 4045 §
340 3977 449 4026 XXXV.
462 3975 515 4022 Liv.
529 3973 595 4038 Epir.
612 4000 647 4011 -
664 3972 825 4022 prosaicum
839 3976 928 4036 Pomp.
940 3988 994 4037 cap.
1006 3974 1051 4031 333
1067 3972 1133 4020 idem
1150 3972 1175 4019 in
1195 3972 1290 4021 Crasso.
1308 3992 1338 4005 -

276 4064 340 4111 ren.
354 4064 392 4117 11.
406 4069 448 4116 tt.
462 4086 497 4095 -
510 4056 563 4106 Cic.
577 4072 624 4122 pro
636 4056 690 4119 lege
701 4058 788 4107 Manli.
798 4074 852 4121 cap.
863 4072 906 4103 ar.
918 4081 954 4093 -·
967 4054 983 4119 S
994 4055 1118 4103 xxxvt.
1129 4055 1194 4103 Vell.
1209 4057 1247 4110 11,
1258 4061 1298 4109 st.
1307 4076 1336 4087 -

275 4145 398 4196 Plutarch.
410 4142 538 4207 ,lpophtls
552 4144 625 4189 Rom.
638 4146 695 4203 οη».
708 4142 754 4201 333
769 4141 833 4189 idern
845 4140 871 4187 in
884 4140 971 4203 Pomp.
982 4150 1007 4187 et
1021 4140 1116 4189 Crasso.
