2875 4900
284 365 339 435 IN
367 355 479 435 Lod.
504 369 597 436 LIB.
624 372 728 438 CXV
756 371 967 442 LIVIANI.
1086 399 1158 470 ²79

116 481 197 548 datus
218 486 346 573 pretori
366 485 496 566 adjutor
516 488 640 569 fuerat,
663 511 739 554 eum
762 511 876 578 magna
899 491 1037 554 militum
1057 515 1158 556 manu

115 585 188 673 apud
210 587 329 652 Salium
352 604 518 676 agentem,
543 589 587 652 ita
601 589 778 677 improviso
791 590 916 678 impetu
932 592 1106 678 oppressit,
1123 608 1161 658 ut

116 687 185 754 nibil
194 687 325 776 propius
341 689 383 752 sit
395 688 538 770 factum,
554 711 655 776 qriam·
673 705 712 754 ut
726 690 885 754 lavantem
903 692 1159 779 comprehende·

115 803 164 850 ret
184 788 414 877 Impedimeuta
438 803 525 852 certe
553 788 622 868 ejus
645 790 756 853 omnia
779 790 933 878 diripuit,
955 791 1161 881 vestigiisque

115 888 291 976 fugientium
308 890 451 970 butera,
467 890 587 954 multos
608 890 746 970 oceidit,
764 907 796 954 et
809 908 910 956 eastra
923 915 1038 956 eorum
1055 894 1159 980 cepit,

104 989 174 1076 ¹ipso
194 991 238 1054 ibi
257 993 408 1056 Cossinio
431 992 613 1056 interfecto.
636 993 723 1056 Hinc
746 993 893 1056 Lucaniae
918 1015 1067 1082 magnam
1086 1017 1160 1082 par·

114 1105 184 1171 tem,
206 1093 374 1157 tburirium
391 1093 530 1157 maxime
545 1093 871 1182 metapontinumque
887 1117 999 1184 agrurn
1016 1096 1049 1158 in
1068 1111 1160 1182 pote·

113 1208 182 1256 state
194 1195 320 1283 fugitivi
337 1195 542 1278 habuerunt,
558 1194 635 1282 ipsis
650 1217 784 1281 quoque
799 1195 934 1260 urbibus
950 1195 1064 1260 eodem
1076 1197 1161 1260 bello

112 1295 204 1378 potiti.
218 1296 260 1363 At
266 1296 436 1375 Vatinius,
448 1295 527 1358 dum
541 1295 611 1358 bac
620 1311 763 1382 aguntur
773 1318 793 1358 a
806 1295 964 1384 fugitivis,
975 1319 1058 1386 aegra
1071 1315 1161 1385 parte

112 1395 236 1460 militum
250 1397 400 1460 autumni
412 1396 582 1485 gravitate,
597 1416 705 1481 oeque
721 1418 762 1459 ex
777 1413 938 1482 postrema
948 1399 1042 1486 firgo,
1056 1421 1158 1485 quum

111 1515 209 1559 severo
224 1496 333 1560 edicto
341 1497 554 1577 juberentur,
569 1495 643 1560 ullis
657 1493 799 1584 adsigna
813 1495 1045 1578 redeuntibus,
1057 1513 1090 1562 et
1102 1499 1160 1584 qui

111 1596 213 1683 reliqui
235 1612 343 1679 erant,
360 1621 419 1685 per
433 1619 560 1661 summa
581 1595 698 1684 flagitia
718 1595 972 1662 detrectantibus
996 1599 1160 1680 militiam,

112 1713 289 1781 qrraestorem
306 1721 402 1762 suum
420 1699 458 1761 C.
476 1697 697 1777 Thorsnium,
713 1719 754 1760 ex
769 1719 836 1782 quo
853 1714 1010 1783 praesente
1025 1721 1100 1762 vera
1112 1699 1160 1762 fa-

111 1796 214 1864 ‹illime
227 1814 460 1879 noscerentur,
476 1799 512 1861 in
533 1799 655 1862 Urbem
678 1795 828 1878 miserat;
849 1814 882 1860 et
903 1813 1009 1860 tamen
1030 1799 1160 1863 interim

111 1919 174 1960 eum
188 1899 373 1962 volentibus
387 1899 422 1962 in
438 1897 677 1988 expeditionem
693 1897 825 1987 prodiit.

147 1999 213 2064 vll.
230 2001 366 2066 Auxiliis
384 1999 502 2064 deinde
520 1999 713 2080 contractis,
731 2023 834 2087 quum
854 1998 1002 2086 qutednm
1019 2021 1086 2064 non
1102 2002 1162 2064 im·

110 2119 247 2188 prospere
260 2101 428 2190 gessisset,
449 2117 564 2165 eontra
583 2123 708 2166 morem
726 2098 843 2165 fiducia
859 2102 968 2190 augeri
985 2103 1161 2183 Romanis,

109 2213 138 2260 ct
150 2202 249 2288 promi
268 2202 382 2290 lingua
396 2202 512 2289 coepit:
529 2224 598 2288 quo
610 2203 763 2266 Varinius
777 2219 890 2266 contra
906 2217 1079 2289 spectatam
1091 2224 1159 2266 rem
1262 2233 1269 2246 ·

110 2299 224 2366 inmute
238 2317 350 2366 metris
361 2349 371 2384 ,
383 2324 487 2366 novos
498 2302 749 2392 incognitosque
760 2319 793 2368 et
806 2305 944 2368 aliomm
954 2303 1081 2374 casibus
1091 2327 1164 2392 per-

110 2399 203 2467 culsos
220 2405 359 2485 milites,
376 2403 468 2469 ducit
489 2419 597 2469 tamen
623 2403 665 2469 ad
689 2420 791 2469 eastra
817 2403 1029 2493 lugitivorum
1048 2427 1161 2493 presso

37 2553 38 2568 a
110 2502 218 2587 gradu3
238 2506 371 2569 silentes
385 2505 469 2587 jam,
487 2526 595 2592 neque
617 2521 683 2569 tam
707 2505 875 2595 magnifiee
897 2522 1062 2571 sumentes
1077 2530 1161 2595 prae-

110 2602 192 2686 lium,
205 2629 306 2694 qnam
319 2608 570 2695 postulaverant.
586 2610 628 2671 At
642 2608 769 2697 fugitivi
785 2608 960 2673 certamine
973 2608 1099 2673 consilii
1110 2610 1161 2671 in-

110 2711 152 2767 ter
162 2730 194 2772 se
201 2710 293 2789 juxta
304 2708 497 2773 seditionem
510 2725 622 2789 erant,
639 2710 737 2772 Crixo
746 2725 778 2772 et
788 2710 891 2798 gentis
903 2708 1048 2789 ejusdem
1062 2710 1159 2773 Gallis

109 2822 195 2894 atque
209 2810 381 2875 Germanis
393 2810 521 2873 obviam
535 2811 582 2873 ire
595 2827 629 2873 et
641 2810 729 2873 ultro
744 2810 863 2875 offerre
874 2832 1017 2899 pugnam
1028 2811 1161 2897 cupien-

110 2907 195 2973 tibus
207 2913 328 2975 Contra
342 2911 496 2998 Spartaco
512 2909 692 2992 dimittere,
709 2934 782 2999 quae
795 2912 979 2975 baberente
993 2911 1066 2975 loco
1076 2902 1163 2973 eoni-

110 3008 214 3090 noda,
234 3028 269 3077 et
290 3033 389 3097 quam
405 3012 534 3099 integro
555 3013 698 3075 exercitu
718 3028 903 3099 sperarent,
924 3034 999 3075 cunr
1016 3011 1160 3098 pericrdo

109 3107 264 3175 victoriam
278 3134 423 3199 quaerere
437 3134 505 3174 nou
518 3112 673 3200 placebat.
687 3112 766 3193 Quo
778 3111 897 3175 deinde
912 3112 1025 3175 ordine
1040 3134 1076 3175 ac
1089 3112 1162 3175 loco
1257 3144 1265 3151 ·

109 3226 153 3269 res
168 3232 370 3299 unaqueque
386 3228 475 3301 gesta
490 3212 551 3292 sit,
568 3213 712 3293 amissis,
731 3236 802 3300 quae
822 3212 863 3276 de
886 3213 949 3276 hoc
966 3213 1051 3277 bello
1070 3228 1161 3277 erant

110 3310 247 3394 prodita,
261 3336 330 3376 non
348 3313 455 3378 habeo
470 3312 587 3378 dicere.

147 3410 230 3478 Vlll.
245 3413 333 3478 fllud
346 3431 472 3479 certum
485 3413 600 3503 utique
613 3415 769 3496 babetur,
788 3414 897 3477 multis
909 3413 1024 3502 praeliis
1037 3414 1159 3477 victura

110 3510 283 3599 ²Spartaeo
295 3515 465 3579 Varinium
478 3538 564 3595 esse,
578 3532 611 3579 et
621 3514 703 3579 adeo
716 3536 799 3605 egre
814 3514 976 3602 elapsum,
989 3530 1026 3577 ut
1037 3536 1159 3601 equum

110 3609 185 3676 illius
198 3615 326 3680 lietmes
339 3640 414 3681 eum
428 3617 567 3682 fascibus
585 3634 618 3681 et
636 3617 782 3706 insigniis
798 3616 999 3705 magistratus
1015 3614 1056 3679 ad
1069 3617 1163 3703 Spar·

111 3722 207 3779 tecum
233 3716 360 3805 fugitivi
380 3716 578 3799 detulerint,
600 3717 720 3805 quibus
742 3718 839 3782 etiam
862 3734 971 3805 postea
1001 3738 1078 3781 usus
1103 3731 1160 3779 est.

110 3812 225 3881 Eodem
241 3834 388 3908 tempore
408 3842 511 3906 quum
533 3821 616 3883 forte
635 3823 811 3908 praeclusus
829 3842 846 3883 a
867 3819 903 3883 P.
919 3818 1051 3882 Varinio
1071 3819 1162 3903 Spar-

112 3926 189 3980 tacus
208 3919 339 4000 fuisset,
360 3922 476 4009 insigni
492 3939 565 3985 astu
586 3922 712 4009 elapsus
732 3937 790 3985 est.
812 3922 925 4002 Quum
945 3920 1030 3983 eninr
1054 3918 1161 4005 operi·

142 4110 209 4175 §Vb
223 4117 343 4165 Plutus-eb.
352 4144 388 4154 ·-
400 4118 508 4166 Flon—
520 4117 618 4165 Sallust.
630 4120 725 4181 Frrgm.
