2875 4900
254 391 324 476 aaa
430 348 871 455 Josraamsnsnm
903 387 1152 455 saeptam.

252 508 484 590 formidabilis,
504 504 595 594 quod
607 503 716 569 adbuc
731 506 908 570 exercitum
923 506 1082 587 habebat,
1097 528 1207 593 neque
1218 504 1330 570 dimis-

254 635 350 677 surus
366 608 569 673 credebatur.
587 608 631 669 At
645 608 745 683 Cato,
761 630 804 670 ne
817 608 882 671 boe
897 607 990 670 initio
1006 608 1047 671 ad
1062 608 1184 687 majora
1197 631 1330 697 progre-

252 714 393 791 deretur,
404 708 545 788 obstitit,
554 708 781 795 persuasitque
795 708 939 789 senatui,
951 724 989 772 ut
1002 724 1151 797 negaret:
1166 732 1208 773 ne
1220 725 1328 773 tamen

252 814 345 901 queri
359 810 534 898 Pompeius
547 824 674 896 posset,
691 807 737 871 M.
758 808 833 873 Piso
847 832 1011 874 consensu
1025 812 1175 874 omniurn
1188 811 1330 875 comitiis

253 932 301 980 est
318 914 514 1002 designatus.

296 1016 421 1079 XXIII.
445 1010 570 1076 Eodem
591 1026 738 1098 tempore
759 1010 934 1100 Pompeius
958 1014 1052 1077 uxori
1072 1016 1207 1095 Tertiae,
1229 1015 1329 1079 Mucii

252 1117 400 1183 Scaevolae
414 1112 501 1193 filiae,
517 1134 704 1199 quanquam
718 1135 812 1177 soror
824 1114 1031 1178 Metellorum
1042 1132 1126 1197 erat,
1140 1133 1329 1205 corruptam

252 1244 271 1285 a
285 1224 408 1285 Caesare
422 1214 622 1302 suspicatus,
634 1214 781 1278 libellum
796 1214 923 1301 repudii
938 1216 1026 1279 misit
1038 1240 1077 1279 ex
1090 1218 1224 1297 itinere,
1239 1219 1329 1305 quod

249 1324 314 1403 jam
331 1335 399 1384 erat
413 1318 597 1405 ingressus3
617 1338 740 1403 quum,
758 1338 826 1403 quo
841 1318 977 1405 propius
996 1318 1118 1381 Italiam
1136 1318 1328 1400 accedebat,

253 1446 293 1488 eo
304 1423 413 1511 plures
427 1434 461 1482 et
473 1418 635 1508 graviores
647 1416 688 1479 de
700 1439 737 1479 ea
751 1438 900 1507 rumores
914 1417 1084 1505 exciperet.
1098 1417 1136 1481 Id
1150 1417 1329 1483 divortium

252 1548 269 1589 a
293 1522 454 1610 plerisque
476 1517 688 1581 vehementer
706 1516 922 1603 probabatur:
942 1542 1010 1606 quo
1032 1519 1195 1605 iniquiore
1217 1538 1328 1607 postea

253 1624 363 1689 animo
375 1618 550 1707 Pompeius
563 1618 654 1699 tulit,
667 1619 713 1682 M.
727 1618 904 1703 Scaurum,
918 1619 1016 1685 ducta
1026 1622 1152 1703 Mucia,
1167 1621 1328 1700 judicium

253 1748 351 1791 suum
368 1721 550 1786 traducere.

296 1826 416 1890 XXIV.
441 1822 505 1888 Sed
519 1821 609 1909 quasi
624 1821 753 1910 gentilis
771 1823 824 1885 sui
842 1846 1002 1911 suamque
1019 1823 1223 1888 vindicatura
1243 1823 1329 1903 inju-

251 1932 333 1993 riam
350 1924 503 2013 Pompeia
525 1923 642 2004 Quinti
662 1920 743 2004 filia,
763 1926 799 1988 L.
822 1924 918 1988 Sullae
936 1926 1063 2013 neptis,
1082 1924 1329 1990 adulterandam

252 2054 288 2095 se
312 2030 348 2094 P.
374 2024 489 2091 Clodio
514 2022 666 2107 tradidit,
691 2024 789 2088 simul
810 2027 950 2115 publicis
971 2028 1098 2091 violatis
1122 2028 1327 2091 caerimoniis.

253 2132 366 2214 Quum
388 2127 475 2191 enim
499 2139 637 2188 exeunte
657 2146 745 2188 anno
769 2125 859 2190 domi
879 2130 1026 2215 praetoris
1045 2131 1178 2193 Caesan's
1200 2152 1329 2193 morum

249 2257 311 2322 pro
329 2230 453 2320 populo
475 2224 585 2307 fieret,
606 2226 642 2290 P.
657 2225 791 2291 Clodius
810 2231 871 2316 Ap.
898 2232 933 2294 F.
956 2231 1194 2317 perditissimus
1217 2230 1329 2293 adole·

251 2354 363 2411 scens,
378 2327 515 2417 psaltriae
529 2326 648 2390 vestitu
659 2327 691 2390 in
702 2330 877 2393 sacrarium
894 2330 1067 2420 (opertum
1081 2332 1264 2420 vocabant)
1275 2354 1330 2396 ac·

252 2432 364 2500 cessit:
379 2451 486 2516 neque
499 2428 587 2492 enim
599 2428 706 2492 virum
721 2430 863 2513 interea,
877 2431 956 2496 dum
975 2434 1119 2498 Vestales
1140 2432 1185 2497 ibi
1199 2456 1329 2498 sacrum

251 2540 349 2600 Bonae
363 2533 438 2596 Deae
453 2531 611 2612 facerent,
628 2530 674 2594 fas
691 2549 759 2595 erat
776 2534 949 2616 interesse,
966 2552 1023 2598 aut
1042 2535 1179 2599 omnino
1193 2534 1257 2598 sub
1271 2559 1329 2599 eo·

253 2639 329 2702 dem
352 2649 439 2700 tecto
456 2631 597 2714 versari;
615 2631 648 2695 in
665 2648 815 2714 tantum,
833 2651 870 2698 ut
887 2635 1030 2722 picturas
1052 2659 1186 2724 quoque
1202 2657 1330 2699 mascu-

251 2741 360 2804 lorum
376 2733 591 2799 animantium
608 2735 739 2824 contegi
756 2758 827 2798 mos
842 2752 936 2801 esset.
953 2739 1044 2800 Inter
1056 2738 1125 2800 haec
1141 2753 1207 2799 tam
1224 2737 1331 2800 horn'·

253 2843 330 2906 bilia
347 2859 479 2916 amana,
505 2851 607 2898 mater
630 2837 763 2900 Caesaris
787 2838 934 2919 Aurelia,
951 2861 1110 2927 sororque
1127 2839 1232 2921 Iulia,
1252 2862 1328 2902 cum

253 2943 375 3010 caeteris
391 2937 568 3017 matronis,
586 2937 620 3001 P.
638 2938 791 3003 Clodium
807 2941 954 3004 ancillam
970 2942 1133 3029 Pompeiae
1151 2941 1328 3028 opperien-

252 3063 319 3110 tem
334 3038 636 3131 deprehenderant3
653 3041 830 3129 velatisque
845 3043 1004 3106 continuo
1018 3044 1132 3125 sacris,
1148 3066 1167 3107 a
1182 3045 1328 3109 mulien·-

253 3151 316 3212 bus
335 3146 435 3210 domo
454 3157 584 3206 exactus
603 3158 661 3205 est.

297 3247 401 3309 XXV.
420 3245 500 3306 Eam
521 3265 589 3306 rem
606 3242 719 3307 cadem
737 3246 846 3308 statim
864 3263 959 3311 nocte
977 3249 1048 3312 viro
1063 3272 1194 3337 quaque
1209 3273 1271 3314 suo
1284 3251 1329 3312 in·

252 3347 451 3426 dicentibus,
463 3368 539 3408 cum
550 3345 623 3408 luce
636 3368 695 3432 per
706 3363 808 3410 totam
823 3349 947 3412 Urbem
958 3352 1158 3438 percrebuit,
1171 3375 1328 3442 magnum

252 3463 286 3513 ct
300 3461 392 3510 atrox
407 3444 584 3509 admissum
605 3446 768 3533 piaculum
788 3471 867 3514 esse.
886 3449 1085 3516 Sacrificium
1102 3477 1120 3517 a
1137 3453 1328 3543 Virginibus

251 3551 466 3615 instauratum
484 3562 533 3610 est
549 3569 557 3611 :
574 3548 608 3610 in
630 3565 746 3612 senatu
767 3552 968 3615 mentionem
993 3553 1130 3618 faciente
1147 3555 1190 3636 Q.
1211 3556 1329 3619 Corni-

252 3650 346 3730 ficio,
371 3649 691 3712 senatusconsultum
718 3651 860 3733 Iactum,
885 3677 925 3716 ea
948 3654 988 3717 de
1009 3679 1043 3718 re
1063 3656 1112 3719 ad
1130 3657 1278 3744 Virgines
1298 3669 1328 3720 et

286 3836 303 3903 s
315 3837 402 3884 XXII.
412 3837 520 3900 Appian.
530 3833 644 3883 Mithrid.
658 3862 694 3871 —
705 3835 771 3886 Plut.
782 3839 809 3886 in
820 3840 907 3904 Pomp.
919 3852 945 3889 et
957 3843 1012 3890 Cat.
1024 3869 1059 3880 -
1077 3843 1136 3893 nio.
1149 3869 1186 3880 -—
1199 3845 1326 3893 Asconio

250 3927 351 3972 Sermo.
368 3947 403 3958 -
421 3917 437 3983 S
451 3921 549 3968 XXIII.
562 3921 615 3969 Cic.
633 3919 665 3967 ad
678 3922 765 3971 Famil.
775 3924 808 3982 V,
823 3940 854 3980 a,
869 3934 893 3972 ct
909 3924 942 3972 ad
955 3927 1032 3975 Attic.
1043 3929 1067 3984 I,
1084 3943 1125 3975 aa.
1140 3955 1176 3964 —
1189 3931 1288 3977 Sueten.
1297 3931 1325 3976 in

251 4009 313 4056 Caes.
324 4019 379 4068 cap.
392 4005 433 4052 60.
445 4002 506 4068 -s
520 4005 616 4051 XXIV.
630 4006 732 4052 Sueten.
749 4009 775 4052 in
789 4007 852 4056 Cea.
866 4023 919 4071 cap.
939 4016 963 4064 a.
975 4037 1009 4046 -
1018 4011 1070 4060 Cic.
1077 4010 1109 4057 ad
1122 4011 1201 4060 Attio.
1213 4014 1241 4070 1,
1261 4027 1289 4058 ra
1299 4021 1324 4057 et

255 4091 295 4136 rtl.
307 4115 340 4124 —-
354 4087 406 4133 Lir.
417 4087 483 4150 Epit.
497 4116 531 4125 -
541 4088 598 4137 uto.
611 4115 645 4126 -
655 4089 719 4138 Plut.
730 4092 825 4152 Quoest.
835 4093 908 4140 Rom.
917 4118 953 4130 -
965 4094 1052 4144 Seucc.
1061 4112 1101 4162 cp.
1114 4110 1157 4158 97.
1166 4124 1203 4133 -
1211 4094 1322 4148 Juvenal.

254 4173 303 4222 Sat.
313 4173 362 4228 Vl,
376 4187 399 4216 v.
413 4171 471 4222 338.
