2875 4900
250 381 272 450 8
425 377 855 448 JO.FRE1NSHEMII
884 379 1127 448 SUPPLEM.

242 491 324 566 'bern
336 499 477 564 intendit
490 521 622 564 cursum
634 522 643 562 z
654 514 771 586 prmter
786 498 865 580 alia,
887 500 1007 587 quibus
1024 499 1237 583 incitabatur,
1251 524 1310 589 per

249 601 413 666 somnium
425 621 558 688 quoque
570 598 812 664 stimulantibus
823 599 936 688 geniis.

292 703 382 767 xtx.
400 701 484 766 Nam
506 721 579 788 qure
597 699 826 789 Cappadocum
845 701 996 766 imtituto
1014 701 1126 766 Rome
1143 702 1310 768 colebatur

249 801 308 866 dea
327 803 493 890 (Lunam,
511 822 552 863 au
572 800 770 885 Minervam,
784 825 825 866 an
841 820 920 866 vero
935 801 1100 868 Bellonam
1115 803 1309 892 interpreta-

246 919 376 984 rentur,
387 903 449 991 ipsi
459 923 592 990 quoquc
606 901 819 989 dubitabant)
833 924 904 966 erro
917 903 1068 967 ussistmc
1078 903 1141 968 sibi
1151 925 1210 992 per
1220 905 1311 993 quie·

247 1019 311 1068 tem
324 1003 405 1068 vidit
416 1003 521 1085 Sulla,
533 1003 724 1091 fulmenque
737 1005 920 1093 porrigere,
937 1003 1143 1092 recitatisque
1158 1005 1309 1070 inimico·

246 1127 320 1168 rum
339 1105 407 1184 ejus
422 1104 627 1186 nominibus,
640 1105 821 1195 adsingule
836 1104 1023 1194 precepisse
1034 1105 1191 1190 ,.fsriret;
1209 1123 1309 1194 atque

247 1204 337 1286 illos,
354 1219 507 1294 tanquam
521 1205 563 1270 nd
577 1207 678 1271 ictum
693 1205 921 1287 concidentes,
935 1227 1134 1271 evauoecere.
1149 1205 1190 1272 Id
1201 1207 1309 1271 risum

246 1305 375 1394 college
393 1307 547 1388 narravit,
560 1308 635 1394 qui,
649 1329 725 1370 curn
740 1305 836 1370 laude
855 1322 890 1370 et
907 1305 1178 1394 gratulationibus
1193 1328 1310 1370 occur·

246 1427 338 1488 rens,
355 1406 395 1470 ad
414 1408 523 1473 omniu
538 1429 670 1496 operatu
690 1429 781 1470 suam
795 1408 996 1494 promiserat.
1014 1408 1142 1472 Interea
1154 1407 1308 1489 secundi,

245 1506 363 1572 deinde
374 1509 460 1572 tertii
473 1509 514 1572 ab
529 1509 617 1572 Urbe
630 1509 726 1596 legati
739 1523 913 1590 venerant,
929 1508 1067 1594 quibua,
1083 1529 1213 1572 eausam
1229 1529 1310 1572 con·

245 1607 306 1670 silii
318 1623 384 1672 tam
396 1609 565 1697 praecipitis
578 1609 834 1696 requirentibus,
848 1608 936 1672 idem
948 1630 1141 1697 responsum
1152 1609 1309 1674 omuibus

246 1705 373 1790 datum,
387 1709 435 1772 ad
449 1707 645 1774 liberandam
663 1707 832 1794 tyr-artnide
843 1711 987 1797 patn'am
1003 1710 1065 1772 in':
1077 1723 1243 1800 postremo
1258 1724 1310 1774 ta·

246 1829 320 1872 men
340 1807 472 1891 adjecit,
492 1813 520 1873 si
537 1823 663 1874 serimus
680 1831 754 1874 etun
765 1811 873 1875 Mane
884 1825 917 1876 et
925 1809 1063 1898 Sobthis
1077 1810 1259 1875 woden
1272 1813 1311 1875 in

245 1931 390 2000 campum
406 1912 561 2000 Martium
573 1909 665 1991 velit,
682 1909 766 1976 nitet
774 1932 820 1991 se,
836 1913 898 1976 nisi
906 1910 948 1974 de
960 1913 1122 1976 communi
1134 1913 1309 1992 smum,

245 2021 389 2076 acturum
401 2033 472 2076 esse.
696 2069 699 2076 .

289 2111 362 2176 XX.
374 2111 438 2176 Sed
453 2113 574 2177 Marius
590 2113 834 2202 Sulpiciusque,
851 2134 958 2200 neque
970 2112 1044 2179 fidei
1054 2134 1091 2178 se
1102 2113 1229 2177 inimici
1238 2135 1311 2178 cre·

169 2271 190 2288 ,
247 2211 324 2275 dere
334 2215 420 2294 ausi,
435 2235 541 2304 neque
552 2215 627 2278 satis
636 2215 738 2302 parati
748 2213 789 2278 ud
802 2213 1034 2295 resistendum,
1047 2235 1165 2278 novam
1176 2229 1309 2280 senetrrs

247 2315 378 2378 nomine
402 2315 595 2404 legationem
620 2315 774 2394 mittunt3
802 2313 895 2393 cujus
921 2313 991 2378 htec
1013 2310 1164 2376 mandata
1189 2311 1281 2380 tuere
1298 2335 1308 2378 ε

245 2413 438 2481 «Neminem
455 2415 574 2505 magis,
592 2437 689 2504 quam
704 2417 795 2504 ipsos
810 2414 979 2496 consules,
990 2413 1090 2496 scire,
1105 2430 1309 2502 quantopere

244 2536 393 2604 «semper
417 2532 546 2582 senatus
576 2517 773 2593 laborasset,
799 2516 848 2581 uti
871 2515 1064 2596 amborum,
1092 2530 1127 2579 et
1147 2516 1310 2603 precipue

244 2647 257 2671 ι
268 2616 302 2682 L.
318 2616 437 2698 Sullae,
461 2640 522 2705 pro
547 2617 815 2704 praestantissimis
843 2617 877 2680 in
905 2615 1138 2704 rempublicam
1165 2616 1309 2697 meritis,

244 2746 257 2772 r
267 2738 364 2804 quarn
383 2717 575 2806 amplissima
594 2717 734 2807 dignitus
755 2718 849 2782 foret.
873 2719 1036 2781 Caeterum
1052 2738 1125 2781 eam
1139 2738 1209 2780 esse
1226 2738 1309 2779 con·

245 2815 424 2881 sditionem
440 2818 572 2899 Rornae,
595 2836 631 2883 ut
649 2840 733 2904 saepe
753 2833 866 2882 contra
882 2819 1081 2881 voluntatem
1097 2811 1230 2881 seua'tus
1245 2839 1309 2905 po-

243 2946 256 2972 «
267 2916 335 3005 puli
349 2916 434 2998 itusa
450 2919 595 3000 valeant3
618 2919 795 3007 presertim
811 2919 870 2983 ubi
887 2935 1020 3007 propter
1036 2934 1162 2983 mettun
1177 2917 1309 2997 majoris

244 3020 362 3101 muli,
387 3018 658 3108 prudentissimus
686 3020 826 3109 quisque
855 3018 1102 3083 concedendum
1135 3019 1309 3083 temeritati

244 3150 257 3174 ι
267 3120 483 3186 multitudinis
499 3139 601 3210 putet.
625 3122 663 3186 ld
682 3122 765 3186 adeo
780 3142 887 3210 nuper
902 3120 1000 3185 etism
1016 3118 1188 3199 accidisse,
1206 3120 1247 3183 iis
1261 3120 1309 3181 lo-

243 3251 256 3276 ι
266 3221 374 3286 rendis
387 3222 529 3312 legibus,
543 3248 561 3287 a
573 3225 692 3311 quibus
708 3222 798 3287 haud
812 3223 922 3287 minus
936 3220 1051 3309 reliqui
1066 3220 1192 3301 Patres,
1207 3242 1308 3308 quam

245 3322 416 3385 «consules
432 3322 511 3410 ipsi,
524 3324 729 3388 abhorreant.
785 3343 791 3353 ‘

288 3422 378 3489 XXI.
396 3422 541 3487 «Verum
555 3425 737 3503 enimvero,
748 3425 783 3487 in
797 3424 900 3488 libero
915 3422 1040 3511 populo
1056 3422 1159 3485 mralta
1172 3418 1308 3485 serenda

244 3544 337 3587 «esse
361 3524 619 3612 potentioribus,
639 3522 745 3587 donec
768 3539 836 3587 erte
857 3539 890 3588 ct
904 3523 1074 3587 occasione
1092 3521 1308 3609 corrigantur.

244 3654 257 3679 r
267 3624 314 3687 lta
323 3624 545 3689 Gracchorum
559 3626 655 3705 olim,
669 3626 713 3689 ita
726 3642 838 3715 postes
846 3625 1012 3689 Saturnini
1022 3623 1223 3713 rogationes,
1235 3643 1310 3708 qute

243 3720 463 3788 «lemenebus
487 3726 601 3813 populi
627 3724 742 3790 studiis
764 3726 852 3790 nulle
874 3726 906 3790 vi
931 3724 1113 3814 potuissent
1133 3721 1308 3811 impediri,

242 3840 410 3913 «ternpore
426 3840 550 3913 captato
566 3826 645 3891 citra
662 3828 843 3893 tumultum
859 3827 992 3891 abolitas
1010 3848 1089 3891 esse.
1109 3824 1201 3889 ldem
1218 3845 1310 3887 nunc

277 4038 294 4102 s
308 4012 405 4088 xvntss
419 4036 543 4088 Plutarch.
556 4038 584 4087 in
597 4038 692 4099 hierio,
710 4054 764 4102 cap.
779 4038 825 4095 58,
841 4037 903 4085 etin
918 4036 998 4096 Sulla,
1016 4052 1070 4101 cap.
1087 4051 1129 4096 ¹7·
1147 4060 1184 4073 -·
1201 4030 1218 4097 §
1232 4032 1307 4081 xtx.

132 4124 137 4136 ¹
242 4120 351 4185 Appias.
368 4150 402 4161 —
417 4120 539 4171 Plutarch.
