2875 4900
285 360 349 449 ut
368 360 478 427 noc
505 358 598 425 mn.
623 360 692 425 xc
721 357 933 428 nrvrsru.
1065 386 1129 431 παι

106 479 318 569 propemodum
334 493 471 543 constat.
489 478 548 541 tus
566 479 666 566 igitur
682 478 868 559 intellectis,
887 478 1024 544 traditur
1041 482 1135 547 taedio

104 582 285 668 presentium
298 580 478 659 Sertorius,
500 593 534 643 et
549 601 592 641 ne
605 593 661 642 aut
682 581 786 642 lacere
804 595 859 643 aut
875 581 939 667 pati
958 596 1021 645 tam
1036 584 1135 647 tristis

103 702 249 745 necessum
273 694 378 760 esset,
404 678 515 769 fugam
543 679 577 741 in
605 676 783 767 longinqua
808 681 927 743 Oceani
953 682 1136 771 agitavisse,

101 780 175 866 apud
189 782 374 844 Fortunatas
388 779 457 843 illas
472 778 610 862 insulas,
626 778 716 867 quod
729 779 890 867 reliquum
908 799 991 847 esset
1006 784 1084 864 aevi,
1102 784 1135 847 in

102 880 193 966 quiete
207 897 385 947 exacturus.

137 982 243 1047 XXIV.
259 982 363 1069 Igitur
377 979 571 1067 aliquando,
590 1001 693 1067 quum
709 980 826 1043 famam
843 980 928 1045 illam
952 980 1040 1070 apud
1060 1004 1136 1047 suos

102 1083 152 1147 aa
163 1104 298 1171 sparsam
314 1104 391 1146 cum
409 1080 623 1146 admiratione
636 1078 769 1143 vidisset
782 1079 903 1167 excipi,
919 1082 1077 1161 ejusmodi
1088 1083 1137 1163 ja·

99 1204 160 1247 oeae
180 1204 341 1247 sermones
366 1184 463 1271 coepit
483 1204 492 1243 ε
510 1180 687 1244 «Fabulam
710 1178 794 1243 hano
818 1202 887 1244 esse
908 1180 1135 1263 credidissem,

100 1279 170 1347 misi
186 1306 248 1346 non
265 1281 440 1371 spernendi
456 1296 605 1345 auctores
621 1300 734 1342 verum
748 1279 880 1343 subesse
896 1281 1137 1367 persuaderent.

99 1382 201 1447 «liniti
220 1398 315 1465 sunt,
336 1383 391 1469 qni
410 1380 580 1447 sevidisse
602 1377 815 1459 confirment,
835 1394 867 1443 et
886 1370 926 1441 ne
943 1379 1054 1445 dolum
1075 1406 1137 1470 pu-

97 1500 189 1564 ·tem,
202 1485 320 1574 singuli
333 1483 468 1548 seorsim
481 1481 670 1570 intenngati
685 1478 727 1542 de
741 1479 857 1560 rebus,
870 1478 1042 1567 dequibus
1055 1482 1139 1546 iuter

96 1606 146 1647 «se
159 1603 358 1672 comparare,
373 1584 401 1647 si
421 1583 561 1647 maxime
575 1582 771 1662 voluissent,
797 1580 887 1643 nullo
910 1596 1003 1668 pacto
1020 1600 1137 1671 potue·

98 1700 199 1765 «mat,
213 1683 326 1749 mdem
347 1683 457 1747 omnia
475 1684 559 1747 miro
573 1703 733 1745 consensu
748 1680 903 1745 referunt.
919 1682 1029 1745 Unum
1051 1684 1138 1747 subit

95 1784 228 1865 mirari,
245 1784 339 1873 quod
353 1800 448 1849 tantas
461 1782 620 1847 felicitatis
635 1783 703 1845 lons
717 1804 756 1844 ex
770 1796 886 1844 cetero
901 1780 981 1844 orbe
995 1804 1061 1845 non
1081 1806 1139 1870 pe·

39 1939 43 1945 .
96 1902 220 1949 ·tnntur
233 1884 372 1949 auidius.
385 1888 437 1949 An
454 1883 623 1949 nonenim
639 1882 738 1945 satius
756 1884 856 1961 foret,
872 1897 1063 1947 contentum
1081 1885 1138 1965 iis,

93 2008 177 2071 «que
193 1986 226 2050 in
248 2008 327 2074 pane
344 2002 379 2051 et
398 1986 466 2049 otio
485 1984 669 2048 virentibus
689 1983 894 2069 omniparens
914 1982 1008 2047 tellus
1024 2000 1139 2071 sponte

96 2108 165 2149 -saa
176 2088 389 2168 ministraret,
407 2086 570 2151 dimittere
582 2084 693 2147 inanes
708 2098 766 2147 aut
776 2099 899 2147 atroces
910 2105 1020 2165 ouras,
1035 2100 1067 2147 et
1078 2084 1138 2149 sibi

93 2188 236 2276 -aliisque
250 2204 440 2277 parcentem
455 2188 526 2251 sine
546 2200 655 2265 metu,
670 2185 741 2247 sine
754 2182 889 2263 injuria,
911 2206 1046 2248 munere
1059 2184 1138 2273 deo·

93 2310 178 2352 «rum
190 2291 299 2354 oblata
313 2289 457 2376 accipere
470 2286 612 2351 cibaria?

34 2439 35 2459 r
131 2383 1141 2478 XXV.«Atnosimpsovidietimmites,quoscilicetaliquando

92 2488 281 2556 «beatiorem
303 2489 462 2555 ducamus
478 2489 595 2569 vium,
616 2487 761 2550 tumultu
780 2485 949 2574 turbisque
969 2487 1140 2554 miscemus

93 2595 232 2675 ·omnia;
250 2613 421 2679 annosque
434 2606 563 2655 nostros
578 2587 798 2678 pmdigimus,
815 2601 966 2676 tanquam
981 2588 1043 2652 alio
1060 2605 1141 2654 tenr-

92 2711 182 2776 ·pore
196 2693 335 2772 victuri3
357 2708 391 2756 et
405 2707 445 2755 ut
461 2713 612 2778 paremus
627 2711 840 2778 supervacua,
857 2689 1041 2754 necessariis
1058 2683 1141 2753 invi·

92 2813 176 2855 «rma
189 2795 369 2882 spoliamur
384 2793 635 2881 spoliamnsqne.
648 2791 697 2854 lta
710 2789 820 2854 multis
833 2789 1065 2854 calamitatibus
1080 2811 1142 2853 rna·

93 2889 207 2980 «lisque
232 2911 387 2983 cogentes
413 2893 600 2980 eoscu'que,
624 2906 658 2954 et
681 2889 846 2954 interdum
872 2888 997 2954 scelesti
1021 2889 1141 2976 magis,

92 3116 167 3159 «nos
184 3095 293 3162 iacere
312 3095 422 3178 decet,
440 3093 701 3160 commilitones?
722 3091 801 3180 quin
824 3089 993 3176 arripimus
1008 3111 1141 3153 vacrum

92 3210 272 3261 *ustorum
291 3197 457 3260 bonorum
479 3195 735 3284 possessionem3
757 3187 987 3276 utaliquando
1010 3187 1143 3276 incipis·
1255 3215 1262 3226 =

92 3317 177 3361 ·usus
187 3299 316 3379 vivere,
332 3313 520 3361 caeterorum
533 3295 719 3359 mortalium
736 3311 861 3357 errores
875 3304 1143 3378 tempestatesque

90 3395 146 3460 ·de
160 3400 241 3461 tutis
258 3397 407 3462 litoribus
424 3394 617 3483 despecturi.

129 3499 249 3563 XXVI.
263 3499 319 3562 «si
338 3498 489 3585 cuiquam
507 3511 656 3560 nostrum
672 3515 800 3582 sperare
815 3491 954 3555 multum
970 3489 1074 3553 ex-bis
1088 3511 1140 3553 re-

92 3596 272 3677 ·buslicet,
284 3598 464 3686 qunvulgo
474 3596 643 3686 precipuae
651 3593 828 3676 habentur,
840 3591 935 3681 egois
948 3611 1016 3656 esse
1028 3589 1143 3671 debeo,

92 3716 224 3784 ‹genere
251 3701 437 3776 Romanus,
461 3696 577 3761 ordine
600 3711 749 3776 senator,
774 3689 929 3784 dignitate
956 3693 1143 3781 pretorius,

93 3801 165 3884 «qui
176 3799 372 3866 medabus
382 3799 524 3888 magnis,
536 3793 775 3886 provinciisque
789 3794 919 3883 pnelui,
931 3793 988 3880 qui
999 3811 1050 3855 res
1061 3789 1143 3880 gessi

92 3902 230 3966 «nemini
241 3901 340 3982 hujus
353 3901 410 3965 arvi
423 3899 545 3964 ducum
560 3897 771 3986 poenitendas.
786 3896 840 3959 Me
854 3911 961 3958 umen
978 3914 1018 3954 eo
1031 3911 1145 3978 prope·

120 4091 232 4157 sur.
245 4091 342 4140 smus.
353 4093 443 4140 rm.
457 4106 496 4153 η.
