2875 4900
194 390 246 459 ΙΝ
280 389 392 457 LOC.
418 390 511 457 le.
539 391 747 469 LXXXIII
779 389 996 459 LIVIANI.
1062 414 1127 484 ¹²9

85 502 199 585 «dmm,
222 503 341 571 deinde
364 506 518 569 aemulum
541 506 632 596 regni
655 508 831 573 Chrestum
855 508 1016 573 immissos
1038 532 1126 591 esse,

83 622 180 694 «atque
195 606 247 669 his
265 607 369 669 causis
386 606 659 689 adscribendum,
678 607 769 697 quod
792 608 825 671 in
844 606 925 671 fines
944 624 1020 673 tuos
1042 610 1127 674 irru-

83 708 183 792 «ptrit,
208 722 355 773 testatur.
380 706 579 795 Quanquam
599 708 695 773 etlam
715 708 820 773 missis
836 708 975 772 Romam
994 708 1127 798 legatis,

82 825 268 897 «exspectare
288 796 419 873 senatui
439 830 633 897 responsum
650 824 795 897 poteras,
811 808 973 896 siquidem
995 832 1013 873 a
1029 810 1129 875 Nico·

81 908 177 975 «nede
201 910 311 973 Imaum
334 926 366 974 te
389 932 459 975 esse
481 909 671 997 putavisses.
687 910 752 975 Sed
770 909 813 973 de
829 908 1010 975 Nicomede
1031 926 1126 977 esto:

81 1010 147 1075 «rim
160 1010 358 1075 inferentem
367 1010 400 1073 vi
413 1010 588 1098 repuleris!
605 1032 677 1099 qum
689 1010 753 1075 l'uit
761 1009 984 1075 Ariobamanis
995 1010 1127 1095 injuria,

80 1134 183 1199 «quem
204 1110 294 1176 haud
317 1112 443 1194 minus,
465 1126 564 1200 atque
578 1111 809 1197 Nicomedem,
828 1112 880 1175 sui
895 1112 989 1203 regni
1004 1110 1126 1179 linibus

80 1236 140 1277 ¹tte
164 1212 247 1279 ‘stii

108 1236 209 1381 XXV.
224 1317 357 1403 «Atque
370 1314 434 1378 hoc
445 1336 547 1401 quum
563 1312 699 1395 faceres,
714 1336 783 1377 non
794 1328 826 1377 te
835 1311 971 1397 latebat,
986 1312 1071 1397 iore,
1089 1332 1127 1379 ut

77 1414 139 1501 «qui
162 1414 199 1477 in
223 1414 299 1479 Asia
323 1430 393 1479 tum
413 1414 508 1504 legati
529 1413 697 1501 ducesque
718 1412 845 1477 romani
865 1430 973 1495 erant,
995 1414 1125 1502 pulsum

76 1513 289 1578 «reducerent.
301 1512 366 1577 Sed
379 1514 444 1579 hoc
457 1514 590 1605 agebas,
609 1530 647 1579 ut
660 1514 783 1578 bellum
795 1515 954 1613 oriretur,
968 1514 1059 1602 quod
1069 1538 1127 1605 spe

75 1612 257 1679 «obtinendi
275 1629 436 1679 terrarum
459 1616 548 1681 orbis
568 1616 762 1705 imperium,
783 1614 946 1703 siquidem
962 1617 1126 1682 Romanos

75 1737 283 1805 «superasses,
293 1716 360 1796 jam
375 1716 453 1781 olim
467 1738 536 1781 eras
550 1716 742 1782 meditatus:
756 1715 818 1779 nisi
831 1716 916 1780 lorte
930 1731 995 1779 tam
1010 1738 1125 1803 parum

74 1816 194 1881 «ridere
219 1832 352 1881 caeteros
375 1816 557 1899 arbitraris,
580 1834 634 1900 ut,
658 1839 763 1905 quum
785 1816 877 1881 nullo
894 1815 1002 1881 adhuc
1021 1833 1127 1905 coepto

73 1917 188 1999 «bello,
204 1916 354 2006 Scythas,
370 1917 527 1996 Thraces,
543 1918 703 1983 Sarmatas
719 1917 872 1982 societate
880 1916 1049 2006 jungeres,
1066 1918 1128 1982 cir-

71 2040 159 2083 «cum
171 2040 272 2108 regna
285 2016 422 2083 finitima
431 2019 556 2122 legatos
569 2021 729 2100 mitteres,
744 2040 841 2083 naves
852 2016 1042 2099 edificares,
1055 2041 1128 2106 pro-

71 2138 168 2185 «retas
178 2120 478 2209 gubernatoresque
488 2142 527 2185 ex
534 2121 631 2211 longe
642 2119 761 2185 dissitis
772 2117 923 2208 gentibus
932 2138 1126 2201 arcesseres,

29 2252 30 2259 ¹
70 2242 184 2285 «neruo
201 2220 394 2285 intellexerit
408 2242 566 2309 quorsum
583 2222 644 2284 ista
659 2217 882 2307 pertinerent?

29 2394 30 2419 ,
102 2322 228 2385 xxvt.
242 2321 367 2403 «Quasi
380 2342 459 2385 vero
476 2321 649 2385 eonsilium
667 2336 762 2385 tuum
776 2319 846 2407 ipse
863 2333 1048 2407 temporum
1063 2334 1127 2384 sta·

69 2440 139 2488 «tus
158 2442 225 2486 non
246 2420 441 2510 prodiderit,
460 2420 550 2511 quod
568 2420 662 2488 nobit
680 2419 863 2486 defectione
883 2420 1068 2508 occupatis,
1084 2420 1126 2486 ab

68 2525 201 2590 «ultimo
212 2523 308 2587 Ponti
321 2524 414 2606 sinu,
430 2538 585 2612 tanquam
598 2523 733 2611 captatis
743 2521 785 2586 ad
795 2521 860 2585 hoe
872 2519 1020 2601 latebris,
1036 2535 1125 2584 astu·
1218 2555 1223 2565 ·

68 2643 136 2690 «tus
148 2622 318 2688 insidiator
330 2624 481 2711 erupistit
494 2647 601 2712 neque
611 2622 816 2712 Cappadoces
826 2637 952 2685 tantum
966 2636 999 2684 et
1011 2621 1126 2710 Bithy⁴

68 2749 165 2807 «nos,
190 2724 247 2790 sed
269 2725 446 2807 Galatiam,
468 2725 525 2790 sed
550 2724 819 2814 Paphlagoniam,
836 2722 943 2786 Asiam
965 2721 1124 2810 denique,

68 2849 152 2890 «non
163 2825 296 2915 ignarus
307 2841 426 2890 nostrat
436 2823 569 2892 ditionis
579 2847 665 2908 esse,
678 2824 832 2889 invasisti.
846 2822 975 2905 Quibus
986 2823 1020 2885 in
1033 2822 1125 2886 terris

68 2926 164 3016 «quid
182 2925 315 2992 tandem
333 2942 399 2992 ate
419 2926 564 3010 sceleris,
580 2943 638 2992 aut
655 2924 852 2990 crudelitatis
872 2921 1122 3011 pretermissum
1148 2917 1153 2932 ⁸

68 3029 155 3094 «eut
177 3044 269 3092 taceo
295 3028 438 3092 civitates
463 3028 630 3116 mancipiis
653 3041 710 3092 aut
734 3023 880 3091 obaeratis
900 3021 1049 3110 traditas,
1069 3037 1124 3104 ut,

67 3129 204 3216 «quibus
220 3128 354 3193 obnoxii
371 3151 442 3194 esse
456 3128 635 3206 debebant,
650 3127 701 3192 his
715 3126 932 3214 imperarent:
948 3122 990 3186 de
1003 3122 1124 3187 Graecis

68 3229 231 3296 «Asiaticis
247 3229 327 3294 nihil
339 3228 431 3311 dieo,
445 3251 586 3317 quorum
601 3227 763 3318 principes
776 3224 863 3288 mille
876 3239 1044 3287 sexcentus
1055 3245 1124 3288 uno

67 3330 279 3420 «proditionis
296 3330 435 3394 obtentu
454 3329 632 3395 trucidasti.
650 3328 926 3416 Gallograecorum
942 3322 1068 3411 sepulta
1083 3325 1125 3390 sit
1147 3396 1149 3401 ,

67 3432 258 3511 «memoria3
272 3453 458 3520 quanquam
470 3451 608 3519 corpora
618 3429 784 3518 sepultura
795 3423 1007 3514 prohibuisti,
1020 3446 1124 3513 quum

67 3532 188 3596 «socios
203 3548 279 3595 tuos
293 3546 326 3594 et
341 3529 504 3618 hospites,
518 3529 686 3596 communi
701 3549 821 3594 mensae
833 3525 1013 3607 adhibitos,
1028 3528 1125 3594 mise·

68 3633 227 3697 «rabiliter
244 3631 427 3697 occidisses,

108 3733 244 3798 XXVII.
256 3734 379 3814 «Cujus
389 3733 488 3797 animi
499 3732 579 3816 fuit,
591 3729 682 3820 quod
694 3732 791 3796 Italos
802 3751 917 3794 omnes
929 3752 1005 3794 cum
1016 3729 1124 3794 liberis

71 3849 120 3894 «et
129 3835 284 3899 uxoribus
297 3857 366 3899 uno
383 3832 435 3898 die
447 3835 534 3898 ferro
545 3849 602 3898 aut
616 3855 700 3920 aqua
712 3828 894 3896 sustulisti?
908 3850 976 3918 quo
989 3827 1121 3914 quidem

73 3948 231 4024 «tempore
248 3959 289 4000 ne
301 3959 388 4000 saera
400 3934 533 4023 quidem
551 3951 585 4000 et
600 3933 783 4000 veneranda
795 3933 867 3997 loca
883 3927 1034 4018 praesidio
1049 3950 1123 4015 per-

105 4131 119 4194 §
130 4137 223 4187 xxtt.
237 4137 361 4220 Plutarch,
369 4137 399 4186 de
409 4138 474 4186 Virt.
485 4137 583 4186 Mulier.
596 4151 649 4200 cap.
661 4141 703 4190 II.
714 4160 749 4171 -
758 4131 866 4197 Apphn.
875 4125 988 4176 Mithrid.
1075 4198 1078 4205 Δ

161 4233 200 4301 Χ·
939 4247 963 4314 u
