2875 4900
270 365 313 438 18
434 367 506 456 JO.
533 361 886 434 FREINSHEMII
919 359 1168 431 SUPPLElll.

264 484 497 574 interpretandi
513 481 687 548 calliditate
701 481 848 570 putabat.
861 481 966 572 lgitnr
975 497 1140 546 aversatus
1155 481 1341 548 hostilitatis

260 609 387 671 omen,
405 610 474 652 non
496 585 624 653 distulit
647 583 869 650 conscendere
891 583 1103 672 piscatorium
1122 585 1341 675 navigiolutn,

265 707 298 756 et
318 713 453 756 cursum
479 691 514 754 in
535 689 708 754 Cercinam
724 687 882 777 dirigere:
900 704 935 752 et
952 689 1146 776 opinionem
1159 689 1341 778 prudentia

264 793 334 873 ejus
351 815 421 860 sors
434 793 525 857 velut
538 791 648 856 dedita
663 813 764 879 opera
779 788 995 855 confirmavit.

308 895 406 960 XLV.
422 893 487 958 vix
501 893 536 957 in
552 893 654 958 altum
672 892 777 956 evecti
791 907 901 969 erant,
916 914 1022 979 quum
1039 891 1155 956 missos
1168 915 1188 956 a
1198 889 1343 957 Numida

263 995 377 1062 rident
392 993 520 1083 equites
537 1017 577 1058 eo
595 994 669 1083 ipso
684 993 720 1057 in
738 994 813 1058 loco
831 1010 1003 1084 vagantes,
1020 992 1112 1059 unde
1129 1015 1247 1058 navem
1259 1015 1342 1058 con·

264 1093 470 1162 seendcrant.
486 1093 540 1160 Sic
557 1095 644 1160 inter
653 1094 755 1160 Africi
769 1094 867 1160 maris
880 1095 1020 1177 insulas,
1041 1095 1101 1183 qui
1115 1095 1190 1184 plus
1207 1094 1342 1161 insidia·

261 1219 339 1262 rurn
363 1196 397 1260 in
419 1195 614 1260 continente
638 1194 796 1277 timebat,
815 1195 908 1284 quod
924 1196 1090 1285 reliquum
1112 1212 1181 1261 erat
1202 1196 1342 1280 hiemis,

264 1299 302 1362 C.
319 1296 442 1362 Marius
459 1295 575 1385 exegit.
594 1296 685 1360 Dum
703 1294 747 1360 ad
763 1295 856 1362 hunc
872 1296 1011 1362 modurn
1023 1297 1178 1364 inimicus
1194 1299 1231 1364 L.
1246 1299 1344 1364 Sullae

265 1411 352 1464 terra
368 1398 515 1487 marique
522 1397 682 1478 jactatur,
701 1398 773 1488 ipse
784 1421 897 1464 rerum
911 1398 1062 1467 omnium
1075 1415 1211 1488 potens,
1221 1416 1344 1466 statum

265 1499 403 1566 civitatis
425 1498 614 1583 ordinabat,
635 1521 703 1566 non
719 1499 853 1566 victoris
872 1499 1066 1579 insolentia,
1085 1500 1144 1566 sed
1164 1523 1344 1590 propemo-

265 1603 347 1668 dum
362 1602 541 1682 adjustum
557 1601 808 1692 legitimumque
823 1600 972 1668 modum.
991 1601 1098 1692 Igitur
1115 1617 1148 1668 et
1158 1603 1230 1666 teris
1246 1603 1345 1668 alieni

264 1704 451 1795 perplexam
468 1719 680 1792 atrocemque
696 1701 973 1784 controversiam,
990 1725 1067 1790 qum
1084 1725 1192 1791 nuper
1203 1702 1246 1768 ad
1259 1726 1345 1793 prae·

265 1807 345 1870 toris
361 1805 487 1871 romani
502 1827 618 1870 necem
635 1820 848 1894 pervenerat,
865 1826 906 1869 ex
918 1827 1015 1893 oequo
1030 1805 1188 1894 bonoque
1199 1805 1262 1870 lata
1272 1805 1346 1896 lege

266 1905 417 1972 Unciaria
432 1903 564 1972 decidit.

310 2009 428 2075 XLVI.
451 2005 530 2089 Eius
546 2004 627 2097 legis
644 2029 749 2096 quum
764 2022 998 2098 argumentum
1010 2008 1123 2091 lateat,
1137 2029 1260 2075 nomen
1273 2029 1347 2072 esse

289 2111 397 2176 idctur
412 2108 554 2190 indicio,
578 2107 807 2174 duodecimam
831 2107 933 2173 debiti
951 2125 1078 2199 partem
1096 2111 1264 2178 remissam
1284 2108 1346 2175 de·

265 2212 428 2280 bitoribns
441 2211 551 2275 luisse.
568 2210 707 2275 Comitia
723 2209 862 2294 deinde,
879 2211 1071 2301 priusquam
1086 2213 1349 2302 proficisceretur

266 2317 302 2380 in
317 2313 539 2403 provinciam,
552 2311 691 2395 habuit;
709 2313 826 2399 inquo
839 2315 972 2402 negotio
987 2331 1196 2380 mansuetum
1209 2336 1245 2378 se
1259 2336 1347 2402 prae-

267 2417 361 2498 buit,
380 2430 414 2481 et
435 2411 635 2481 omnimodis
655 2413 847 2503 popularem
865 2437 874 2479 ι
891 2437 968 2481 nam
994 2430 1029 2481 et
1053 2415 1200 2483 Nonium
1223 2415 1348 2479 sororis

268 2517 391 2594 lilium,
405 2533 439 2581 et
452 2516 520 2581 Ser.
536 2515 735 2605 Sulpicium,
752 2538 941 2605 quanqum
953 2518 1082 2583 subnisi
1095 2540 1154 2584 sua
1171 2540 1347 2583 commen.

267 2618 400 2684 datione
415 2634 540 2699 essent,
559 2616 778 2706 ignominiose
798 2618 946 2706 repulsos
967 2619 1103 2685 civiliter
1119 2619 1210 2701 tulit3
1218 2619 1349 2709 jucun·

267 2720 346 2784 dum
367 2719 428 2782 sibi
446 2726 510 2782 esse
533 2717 701 2800 dictitans,
718 2718 826 2783 videre
835 2720 1016 2810 populien,
1039 2720 1182 2787 mersae
1199 2733 1324 2809 recepta
1334 2770 1349 2803 ,

267 2820 446 2887 odcontra
459 2816 761 2905 auctomsbeneflcii
771 2832 919 2887 monem.
1235 2902 1243 2916 χ

313 2920 446 2988 xnvss.
472 2922 650 2986 Consulem
675 2943 810 3011 qnoque
830 2923 867 2989 L.
888 2923 1029 2990 Cinnam
1049 2923 1212 3017 designari
1228 2946 1348 3013 passus

268 3042 336 3107 est,
355 3024 431 3090 lieet
442 3022 596 3114 iniquum
611 3022 691 3107 sibi,
708 3039 742 3088 et
757 3025 905 3113 partibus
924 3025 1098 3091 adversum
1119 3026 1227 3092 sciret.
1251 3027 1351 3091 lure·

265 3124 408 3209 jurando
426 3142 536 3191 tamen
552 3123 681 3215 adegit,
696 3124 780 3189 nibil
794 3142 1010 3209 novaturum
1027 3128 1123 3215 isque
1135 3127 1169 3190 in
1183 3126 1353 3213 Capitolio

269 3226 381 3293 multis
400 3225 632 3314 presentibus,
651 3226 742 3291 silice
759 3226 865 3315 lapide
883 3226 1141 3317 comprehenso,
1158 3228 1186 3292 si
1202 3227 1352 3309 falleret,

269 3342 419 3417 precatus
435 3327 515 3392 deos
531 3324 658 3407 fuerat,
672 3326 717 3391 ita
730 3348 765 3391 se
778 3350 913 3417 quoque
924 3328 1106 3417 projectum
1118 3330 1254 3411 velleut;
1267 3352 1353 3394 cum

270 3430 358 3494 dicto
374 3428 515 3517 lapidem
532 3428 685 3493 emittens
698 3451 810 3495 manu.
829 3428 894 3494 Sed
912 3446 946 3495 et
960 3430 1117 3521 collegam
1129 3432 1159 3496 ei
1174 3434 1234 3497 Cn.
1248 3430 1355 3495 Octa-

269 3531 361 3595 vium
377 3528 520 3612 addidit,
539 3544 714 3619 compertae
728 3530 896 3597 modestioe
910 3532 1039 3615 virum,
1052 3533 1145 3615 cujus
1159 3533 1355 3599 maturitate

270 3632 430 3715 Cinnam,
445 3630 473 3695 si
487 3652 583 3696 ruere
597 3632 761 3721 ooepisset,
779 3632 930 3722 sperabat
948 3636 1082 3701 retineri
1101 3658 1207 3724 posse.
1228 3636 1287 3701 llis
1304 3636 1355 3699 ita

270 3734 412 3816 curatis,
434 3732 596 3797 consulari
625 3749 786 3821 potestate
806 3751 1005 3819 contentus,
1025 3737 1194 3825 praemisso
1217 3736 1259 3803 ad
1285 3738 1357 3801 Ca-

303 3971 320 4038 §
337 3972 428 4021 xmv.
445 3969 570 4020 Plutarch.
584 3970 682 4021 -vu
696 3972 766 4021 Max.
780 3974 803 4033 1,
821 3972 846 4021 5.
864 4000 896 4010 -
920 3972 937 4038 s
954 3974 1033 4022 xtv.
1046 3975 1155 4044 Appirn.
1166 4000 1203 4011 -
1213 3972 1269 4022 le.
1282 3973 1359 4039 Epit.

268 4084 303 4094 -
322 4058 385 4106 l'est.
400 4070 458 4103 voc.
476 4054 603 4104 (luciaria.
617 4056 681 4122 -s
698 4057 791 4106 xtvr.
804 4056 929 4107 Plutarch.
940 4056 967 4106 in
978 4058 1151 4121 Snllr,c.19.
1165 4084 1201 4096 -
1214 4056 1230 4123 s
1244 4058 1359 4107 xnvn.

267 4142 318 4189 llio
331 4138 398 4207 apud
413 4138 494 4190 vno.
505 4166 542 4179 -
553 4139 724 4191 Pleuron-
735 4140 845 4208 Appiam
855 4168 890 4182 -·
904 4142 959 4192 tiv.
969 4142 1036 4207 Epir.
