2875 4900
254 394 309 461 IN
340 392 452 459 LOC.
481 392 574 459 LlB.
603 391 768 459 LXXXI
798 395 1014 465 LlVlANl.
1125 402 1171 474 83

136 514 244 577 XVH.
271 513 373 591 Cujus
397 532 495 599 quam
521 511 736 575 intolerabilis
759 512 880 576 saeritia
903 514 1020 596 luerit,
1040 518 1080 581 ab
1104 544 1172 587 uno

96 614 296 679 documento
307 614 444 703 intelligi
456 627 565 701 potest
574 637 586 699 ;Ι
599 612 691 700 quod
704 612 893 677 Nicocrates
905 613 947 677 ad
960 633 1069 702 portas
1082 623 1172 691 urbis

96 717 248 783 custodes
269 716 438 804 apposuit,
458 715 515 802 qui
535 730 700 795 mortuos,
717 736 821 801 quum
838 715 1079 799 efferebantur,
1097 722 1172 809 igne

95 842 130 883 uc
142 820 234 883 ferro
250 818 387 883 admoto
406 832 587 897 tentarent,
598 816 721 903 nequis
733 816 941 881 simulatione
958 821 1072 884 mortis
1088 826 1174 892 effir.

95 942 169 1009 gere
186 918 398 1007 tyrannidem
414 932 535 1005 posset.
555 918 828 983 Caeterum'illum
848 919 964 1007 ingens
982 923 1083 985 animi
1099 948 1174 990 rnu-

96 1022 153 1085 lier
173 1020 378 1109 Aretaphila,
401 1019 566 1083 concitato
588 1019 622 1081 in
643 1033 721 1083 earn
741 1020 838 1083 fratre
857 1021 990 1106 tyranni
1006 1022 1173 1108 Leandro,

94 1124 289 1205 sustulerat;
304 1120 424 1185 deinde
435 1122 544 1208 ipsum
559 1120 655 1185 etiam
674 1120 877 1201 Leandnrm,
893 1137 1068 1208 postquam
1084 1127 1175 1190 simi-

94 1224 159 1288 lem
179 1246 217 1286 se
236 1222 370 1312 gerebat
387 1224 435 1302 ei,
450 1244 549 1308 quem
568 1222 787 1285 interemerat.
800 1223 1009 1287 Accesserant
1026 1242 1059 1289 et
1074 1225 1175 1293 liniti-

96 1347 230 1388 morum
254 1325 337 1388 bella
362 1325 490 1411 :igitur
514 1323 590 1389 licet
618 1324 724 1387 excisa
746 1324 919 1411 tyrannide
939 1324 980 1388 ad
1003 1330 1175 1416 optimates

95 1426 283 1514 respublica
305 1424 460 1504 redisset,
488 1440 595 1487 tamen
622 1446 683 1488 nec
707 1426 884 1489 auctoritas
904 1426 984 1508 illis,
1007 1452 1069 1493 nec
1094 1455 1175 1497 con·

96 1528 208 1593 cordia
229 1526 358 1610 aderat;
377 1548 479 1613 quum
498 1550 517 1589 a
540 1527 662 1591 recenti
682 1526 906 1591 dominatione
924 1529 1046 1595 timidis
1063 1555 1175 1601 neces-

96 1631 183 1695 sario
209 1646 381 1719 suspectus
407 1628 518 1706 fieret,
548 1628 696 1714 quisquis
726 1650 824 1714 supra
848 1645 981 1692 caeteros
1007 1632 1175 1721 ingenium
1243 1669 1246 1676 ·

95 1732 313 1818 animumque
331 1728 451 1793 habere
468 1727 670 1793 credebatur.

142 1832 268 1897 XVlIl.
290 1834 403 1913 Quum
422 1830 474 1894 his
487 1830 690 1917 temporibus
706 1829 742 1893 L.
753 1831 909 1895 Lucullus
921 1840 1176 1921 supervenisset,

96 1936 189 1998 velut
216 1932 375 1997 divinitus
403 1933 539 1995 missum
562 1934 650 2019 pacis
677 1932 901 2020 libertatisque
928 1937 1176 2006 instauratorem

96 2036 258 2125 amplexi,
283 2050 320 2097 ut
342 2035 429 2123 leges
449 2034 512 2097 sibi
532 2036 650 2114 lerret,
673 2050 867 2115 oraverunt,
886 2036 1006 2121 quibus
1021 2036 1176 2130 deinceps

97 2138 210 2203 civitas
225 2153 404 2225 regeretur.
419 2136 494 2217 lllc,
515 2136 681 2199 recensitis
694 2136 859 2200 veteribus
876 2138 1020 2226 legibus,
1039 2144 1177 2208 maxime

98 2264 181 2329 quas
200 2240 280 2302 olim
298 2237 460 2302 Ecdemus
480 2254 512 2300 et
530 2234 761 2323 Demophanes
777 2237 1043 2327 Megalopolitani
1061 2262 1177 2332 rogatu

98 2346 334 2430 Cyrenaeorum
357 2340 518 2418 tulerant,
547 2338 732 2427 additisque
763 2362 803 2403 ex
827 2346 976 2427 praesenti
998 2368 1061 2409 usu
1087 2348 1177 2429 aliis,

98 2444 338 2534 rempublicam
355 2465 469 2508 eorum
489 2442 573 2507 belle
589 2444 785 2530 composuit.
803 2441 843 2507 ld
857 2443 914 2508 ubi
932 2446 1113 2534 perfectum
1129 2469 1179 2516 est

99 2549 293 2637 negotium,
310 2545 424 2610 eadem
443 2546 550 2609 hieme
564 2546 598 2609 in
611 2543 793 2634 AEgyptum
807 2545 885 2610 inde
900 2549 1070 2637 navigavit.
1083 2553 1122 2615 In
1138 2577 1177 2617 eo

99 2672 201 2714 cursu
224 2651 389 2738 plerisque
412 2646 549 2710 navibus
574 2647 751 2735 piratarum
774 2645 908 2711 audacia
936 2647 1095 2737 depressis
1121 2670 1179 2717 aut

99 2753 224 2840 captis,
240 2751 308 2839 ipse
324 2749 499 2813 incolumis
515 2765 547 2812 et
561 2771 672 2836 sospes
688 2748 913 2813 Alexandriam
928 2753 1094 2838 pervenit,
1110 2756 1177 2816 exi·
1272 2765 1280 2779 “

101 2855 236 2941 mioque
250 2853 377 2916 honore
390 2869 423 2916 et
437 2850 617 2941 magnificis
630 2874 649 2914 a
663 2874 739 2941 rege
755 2851 938 2916 booribus
953 2856 1061 2918 cultus
1074 2873 1131 2920 est.

144 2957 240 3020 XIX.
265 2956 348 3018 Nam
375 2970 408 3017 et
432 2953 653 3042 quadruplum
678 2955 766 3036 ejus,
784 2954 878 3040 quod
901 2955 970 3018 aliis
992 2956 1178 3042 hospitibus

98 3058 258 3148 assignari
273 3072 503 3137 consueverat,
520 3056 549 3119 ei
566 3055 735 3120 decretum
752 3071 819 3135 est;
842 3071 876 3139 et
889 3077 1026 3119 munera
1037 3050 1059 3122 ¹e
1075 3057 1178 3122 talen-

99 3163 141 3225 tis
154 3159 325 3247 octoginta
339 3159 451 3239 missa,
470 3180 542 3245 quae
559 3174 668 3222 tamen
688 3157 741 3220 ille
753 3178 821 3219 non
836 3156 969 3242 accepit.
984 3157 1178 3226 Ptolemaeus

100 3278 174 3324 tutu
187 3261 310 3324 iterum
324 3259 497 3348 regnabat,
512 3259 650 3323 Lathmt'
664 3275 885 3348 cognomento
899 3260 1051 3324 acaeteris
1066 3260 1180 3333 distin·

100 3364 157 3453 gui
170 3362 307 3441 solitus3
323 3383 422 3448 quern
434 3377 511 3449 post
523 3361 629 3426 fratris
639 3358 813 3425 Alexandri
825 3381 955 3442 necem,
969 3362 1179 3430 Alexandrini
1191 3439 1200 3460 ο

99 3465 141 3529 ad
155 3480 252 3529 vetus
269 3485 407 3552 regnum
422 3485 440 3526 e
454 3465 564 3551 Cypro
581 3477 831 3526 revocaverant:
846 3484 922 3525 nam
936 3478 1073 3528 matrem
1087 3467 1180 3532 Cleo·

101 3585 227 3656 petram
237 3565 432 3647 Alexander,
443 3563 662 3628 Alexandrum
670 3563 816 3652 AEgyptii
825 3563 912 3627 bello
924 3569 1114 3654 persequuti
1128 3592 1180 3634 oo·

100 3671 260 3735 ciderant.
282 3669 398 3756 Neque
415 3665 523 3732 adhuc
541 3667 636 3754 plane
652 3681 762 3730 motus
778 3687 892 3729 ornnes
908 3668 1057 3732 exstincti
1071 3687 1178 3751 erant,

101 3794 295 3861 quanquam
303 3771 449 3852 Thebas,
462 3793 534 3858 quae
545 3769 748 3843 defecerant,
762 3768 894 3832 triennii
908 3769 995 3833 bello
1007 3772 1179 3859 recepisset

102 3875 319 3954 Ptolemaeus,
342 3871 491 3960 adeoque
514 3870 689 3960 redegisset
712 3870 871 3950 humiles,
893 3889 929 3934 ut
947 3873 1000 3936 vix
1023 3857 1179 3938 inemoria

141 4089 255 4154 §xvtt
272 4088 396 4138 rtumeh.
412 4087 442 4136 de
454 4088 510 4136 virt.
523 4087 621 4136 Mulier.
634 4103 690 4152 cap.
702 4088 745 4140 34.
758 4113 794 4124 -
808 4087 919 4151 Polyaen.
931 4089 1004 4133 strat.
1014 4085 1133 4134 tittvnt.
1146 4115 1181 4122 -

102 4175 119 4238 s
133 4177 230 4224 XVlll.
246 4173 372 4222 Plutarch.
386 4173 411 4220 in
424 4172 542 4230 Lucullo,
557 4183 582 4219 et
596 4173 693 4236 Philop.
705 4187 759 4234 cap.
774 4187 795 4216 r.
1127 4175 1132 4179 '

963 4263 1003 4332 6.
