2875 4900
329 393 382 468 ts
413 394 524 468 uoc.
551 395 645 468 Lm.
672 399 740 468 cx
769 403 986 474 mvrsur.
1126 421 1193 502 707

124 535 173 586 set
189 513 292 582 ictum
305 517 422 584 Varus.
443 518 599 600 Fabium,
620 519 677 607 qui
697 521 838 608 proximi
854 522 939 588 forte
954 541 1063 607 erant,
1078 527 1195 593 milites

123 621 317 686 occiderunt
330 643 337 684 :
351 621 446 710 isque
460 622 548 685 solus
562 621 716 686 Curionis
731 622 870 686 militum
885 646 922 688 ea
937 625 1047 714 pu'gna
1059 629 1194 711 cecidit;

122 721 380 786 adversariorum
394 719 565 788 desiderati
579 720 706 788 circiter
720 725 882 807 sexcenti,
896 740 929 789 et
943 725 1031 792 mille
1043 747 1195 817 praeterea

123 823 285 889 vulnerati
299 839 386 888 sunt.

164 924 283 989 LXIII.
294 923 419 1005 Varus,
433 946 537 1011 quum
547 945 624 988 suos
640 923 776 989 mirifice
788 927 1036 1012 perterrefactos
1048 929 1195 996 animad-

123 1040 283 1108 verteret,
304 1025 481 1091 exercitum
504 1024 546 1091 de
564 1025 658 1089 tertia
677 1025 785 1115 vigilia
801 1050 841 1090 ex
857 1029 968 1093 castris
983 1029 1018 1093 in
1034 1031 1195 1120 oppidum

123 1127 265 1193 reduxit.
282 1128 383 1193 Ctuio
396 1125 650 1194 circummunire
663 1126 822 1216 oppidum
834 1129 985 1212 instituit,
999 1154 1115 1222 magna
1127 1157 1194 1223 spe,

123 1227 215 1316 quod
228 1229 471 1318 hispaniensem
487 1228 619 1294 Caesaris
633 1227 821 1310 victoriam,
839 1251 912 1316 quas
927 1231 1108 1298 multorum
1121 1235 1194 1300 lite·

124 1331 169 1396 ris
183 1353 221 1395 ac
234 1330 358 1397 nuntiis
373 1332 407 1395 in
425 1330 567 1396 Africam
585 1327 824 1418 perferebatur,
841 1331 989 1396 omnium
1003 1335 1128 1399 animos
1141 1337 1196 1398 in·

124 1433 318 1498 elinamram
328 1431 361 1498 in
372 1432 430 1496 has
440 1447 545 1520 partes
555 1430 697 1494 rebatur.
709 1429 835 1493 Idcirco
844 1451 947 1517 quum
957 1455 1067 1523 regem
1078 1436 1195 1500 tubam

122 1533 236 1596 venire
259 1555 334 1598 cum
355 1531 481 1622 ingenti
503 1531 646 1596 exercitu
664 1529 823 1612 audisset,
845 1532 898 1595 vix
921 1532 1053 1600 credere
1072 1539 1196 1625 potuit3

123 1633 230 1700 donec
251 1635 361 1700 minus
381 1633 531 1721 quinque
546 1649 580 1696 et
596 1631 711 1722 viginti
731 1631 874 1696 millibus
889 1631 1002 1698 abesse
1016 1635 1130 1702 didicit
1143 1661 1195 1703 re·

123 1735 172 1824 gis
186 1735 314 1824 copias:
334 1751 405 1801 tum
419 1735 454 1798 in
470 1749 572 1798 eastra
589 1733 739 1798 Cornelia
757 1753 793 1796 se
806 1732 945 1820 recepit,
961 1734 1020 1798 ubi
1035 1748 1109 1801 tuto
1125 1739 1196 1804 bel-

122 1836 192 1900 lum
206 1834 357 1916 duceret,
371 1833 478 1900 donec
490 1857 530 1899 ex
542 1833 649 1900 Sicilia
663 1833 736 1898 duae
749 1834 817 1897 aliae
830 1834 990 1922 legiones,
1004 1852 1038 1901 et
1050 1839 1195 1927 reliquus

123 1937 287 2024 equitatus
310 1936 534 2004 adveheretur.
556 1935 620 2000 Sed
640 1937 674 2000 in
701 1935 827 2026 optimo
847 1935 983 2002 consilio
1005 1949 1196 2026 permanere

122 2037 249 2104 licitum
264 2037 294 2102 ei
310 2059 377 2102 non
393 2037 457 2102 fuit
477 2059 535 2125 per
549 2036 755 2101 Uticensium
775 2034 952 2124 quosdam,
969 2037 1026 2124 qui
1042 2039 1076 2103 in
1093 2059 1197 2106 matra

122 2139 194 2219 ejus
213 2141 433 2228 perfugerant.
448 2140 494 2220 li,
510 2153 697 2202 revocatum
717 2139 965 2225 Leptitanorum
983 2137 1070 2204 bello
1086 2163 1195 2231 regern

122 2240 307 2306 discessisse
324 2262 400 2305 cum
424 2240 564 2304 maxima
584 2238 752 2327 copiamm
774 2254 883 2326 parte,
904 2238 1117 2323 nuntiabant3
1136 2243 1193 2306 Sa·

122 2343 206 2406 bura
223 2342 307 2406 duce
317 2341 482 2408 modicam
500 2363 634 2404 manum
648 2359 784 2429 pergere
799 2339 946 2421 Uticam,
957 2342 1089 2429 jamque
1105 2343 1194 2409 baud

121 2444 239 2533 procul
252 2442 373 2533 oppido
389 2441 517 2509 distare.

166 2546 280 2611 LXIV.
303 2542 368 2610 Sed
390 2566 426 2611 ea
446 2542 746 2609 frausltlaurormu
765 2558 850 2623 erat,
868 2544 1117 2633 praemissusque
1137 2548 1194 2612 sa.

122 2648 206 2712 bura
221 2668 389 2711 rumorem
405 2668 483 2711 eum
500 2660 683 2733 sparserat:
705 2659 858 2708 caeterum
875 2664 932 2707 rex
947 2664 1023 2709 cum
1040 2646 1195 2713 omnibus

122 2748 225 2837 copiis
244 2747 450 2834 sequebatur.
466 2748 508 2810 At
524 2746 642 2824 Curio,
660 2743 832 2833 praemissis
849 2743 954 2830 prima
969 2760 1066 2809 nocte
1078 2747 1196 2834 equiti-

122 2852 203 2931 bus,
224 2865 340 2937 quarta
361 2847 469 2937 vigilia
486 2870 562 2911 cum
578 2844 762 2935 legionibus
783 2843 824 2908 ad
845 2858 949 2907 castra
965 2844 1097 2910 Saburae
1112 2868 1194 2911 con·

123 2949 237 3015 tendit.
253 2948 339 3013 Huic
354 2948 478 3035 equites
495 2962 690 3026 occurrunt,
707 2968 777 3009 rem
790 2968 810 3007 a
823 2967 858 3008 se
871 2944 955 3009 bene
971 2964 1093 3033 gestam
1112 2971 1195 3014 nun-

122 3054 229 3117 tiant:
253 3048 411 3137 cupiditas
437 3049 580 3113 hominis
610 3048 711 3137 magis
742 3044 985 3111 inflammatur:
1009 3049 1125 3136 quaerit
1152 3074 1192 3118 ex

121 3150 274 3239 captivis,
291 3148 363 3236 quis
379 3151 488 3213 castris
504 3148 546 3213 ad
565 3148 739 3237 bagradam
757 3147 886 3236 praesit?
901 3148 1118 3235 respondent,
1135 3152 1191 3215 Sa·

121 3252 249 3316 buram.
275 3251 334 3315 Ille
356 3248 466 3317 studio
490 3249 683 3315 conficiendi
705 3248 831 3313 itineris
849 3249 965 3336 quaerit
981 3250 1066 3315 ultra
1087 3253 1190 3335 nihil,

121 3374 364 3439 conversusque
384 3350 425 3415 ad
448 3372 547 3431 suos,
564 3350 732 3434 -videris,
752 3351 880 3439 inquit,
899 3349 1012 3415 eadem
1030 3356 1142 3419 omnia
1158 3374 1191 3421 et

121 3456 225 3536 mos,
249 3470 281 3519 et
295 3452 447 3542 perfugas
464 3452 625 3519 uticenses
642 3452 749 3519 dicere
762 3484 785 3516 υ.
805 3453 938 3517 Summa
961 3450 1079 3518 deiude
1099 3455 1191 3522 festi·

122 3558 252 3620 natione
266 3554 413 3643 procedit
424 3554 465 3621 ad
479 3556 617 3621 hostem.
632 3556 674 3620 At
686 3556 740 3619 ille
753 3554 960 3618 simulatione
974 3554 1100 3621 timoris
1112 3580 1192 3645 pau·

120 3660 210 3725 latim
231 3658 338 3738 cedit,
355 3658 598 3745 juvenilemque
620 3658 767 3723 animum
790 3656 892 3746 magis
914 3656 1080 3745 magisque
1100 3682 1190 3726 vante

120 3761 290 3825 alacritatis
304 3761 429 3849 implet.
447 3761 500 3825 Sic
516 3762 550 3825 in
568 3776 715 3849 patentes
731 3780 863 3847 campos
877 3774 1079 3847 protractus,
1096 3763 1189 3848 equi·

121 3876 190 3926 tatu
213 3861 382 3927 numidico
404 3863 665 3927 circumvenitur.
687 3861 776 3925 Fessi
798 3873 892 3923 erant
913 3858 1040 3921 romani
1064 3862 1200 3947 equites

121 3963 310 4052 peditesque
322 3963 445 4027 itineris
454 3964 711 4052 longinquitate,
726 3961 865 4025 sedecim
879 3959 1020 4024 millibus
1033 3981 1188 4047 passuum

156 4148 172 4211 s
191 4149 270 4195 mut.
289 4148 351 4195 Cas.

952 4228 1014 4315 45.
