2875 4900
291 358 362 433 656
464 364 530 433 JO.
558 361 901 433 FREINSHEMII
932 336 1178 431 SUPPLEM.

289 506 365 549 men
382 480 565 567 modestiae,
582 483 637 549 hic
655 505 791 573 quoque
810 481 893 549 illud
908 504 1023 565 suum,
1042 484 1117 548 Nisi
1128 482 1213 573 quid
1228 486 1357 568 ιιιὶἰιιι,
1412 465 1413 556 i

289 586 436 666 subjecit
455 587 527 651 Hoc
538 570 633 673 pacto
647 588 752 674 palam
765 585 924 673 susceptis
936 606 1015 649 oum
1027 586 1174 651 Cusare
1164 588 1358 671 mimicitiis,

289 708 393 774 quum
410 686 540 776 segnius
558 700 671 751 oaetera
680 706 879 775 ,quampro
896 684 1122 775 magnitudine
1137 688 1203 770 rei,
1217 689 1360 755 admini·
1413 747 1414 798 ,

288 804 433 870 straret,
429 786 524 851 nihil
540 787 679 875 profecit
694 788 780 851 ultra
786 806 914 874 ,qnam
929 787 1096 851 utCaesari
1112 788 1414 855 retinendarum

287 835 454 977 legionrim
482 888 703 953 honestiorem
732 902 924 977 preteream
951 888 1162 971 ‘conciliaret3
1195 890 1360 981 simulque

289 992 408 1055 laxaret
429 988 558 1053 vincula
582 989 650 1076 spei
674 1002 707 1052 et
729 988 884 1077 pudoris,
907 988 1028 1076 quibus
1051 936 1210 1057 hacteirus
1232 1009 1360 1059 retenta

288 1090 488 1179 cupiditas
462 1110 547 1170 ejus,
567 1089 757 1179 ambiguis
748 1104 836 1155 mter
849 1112 963 1178 paoem
979 1106 1013 1154 et
1027 1112 1119 1157 arma
1134 1094 1279 1159 consiliis
1298 1095 1360 1161 flu·

287 1207 461 1257 ctuarerat.

330 1294 469 1358 XXVII.
479 1289 544 1356 Sed
554 1291 666 1374 Curio,
679 1290 835 1382 cognitis,
852 1313 926 1379 que
939 1307 1140 1376 essentacra,
1150 1316 1254 1383 iprum
1266 1295 1359 1360 aliud
1415 1361 1416 1374 ,

285 1418 347 1484 pro
362 1397 486 1458 Caesare
502 1393 585 1457 nihil
597 1409 723 1482 posset,
737 1392 904 1457 coutinuis
920 1393 1136 1458 concionibus
1150 1394 1239 1483 apud
1249 1418 1359 1485 popu·
1415 1389 1416 1398 ’

285 1498 355 1561 lum
379 1511 526 1584 tempora
548 1494 735 1584 reipublicae
758 1492 913 1578 deflebat,
931 1494 1127 1583 Pompeium
1151 1512 1184 1562 ιι
1205 1502 1358 1565 consules

284 1618 458 1679 accusans;
478 1596 680 1684 jubebatque
704 1596 767 1660 hos
789 1593 934 1678 edicere,
957 1596 1098 1684 nequis
1120 1618 1241 1661 nomen
1263 1597 1358 1665 daret

286 1700 504 1765 conscribenti
527 1697 645 1763 milites
669 1697 838 1786 Pompeio.
855 1695 957 1781 Quod
976 1695 1033 1760 uhi
1056 1698 1176 1789 frustra
1194 1715 1357 1766 tentatum

286 1818 349 1879 est,
369 1817 468 1889 atque
490 1801 613 1865 interea
637 1799 824 1863 tribunatus
844 1815 974 1885 tempus
996 1797 1112 1881 exivit3
1135 1798 1198 1863 sibi
1221 1822 1358 1890 qnoque

285 1902 421 1984 timens,
437 1901 479 1967 ad
493 1903 649 1965 Gaesarem
664 1900 824 1982 excurrit,
839 1899 898 1987 qui
908 1914 981 1963 tuns
991 1921 1106 1964 recens
1119 1922 1196 1964 cum
1206 1900 1356 1987 peditum

285 2005 429 2070 millibus
444 2004 591 2091 quinque
607 2016 640 2067 et
654 2000 821 2090 equitibus
835 2001 989 2066 merentis
1005 2001 1118 2089 (tertia
1132 2000 1258 2065 decima
1269 2004 1356 2093 legio

285 2106 371 2195 erat)
390 2108 577 2171 Ravennam
596 2119 805 2192 pervenerat3
828 2126 902 2192 quae
924 2119 1069 2167 extrema
1088 2104 1262 2191 provincie
1284 2104 1354 2184 ejau

284 2210 381 2291 urbs,
399 2206 579 2294 eademque
602 2205 700 2270 ltaliae
725 2207 874 2293 proxima
894 2221 972 2271 erat.
997 2206 1050 2270 Ne
1073 2220 1182 2271 tamen
1203 2206 1355 2271 inimicos

283 2309 459 2399 Pompeius
483 2309 517 2371 in
533 2305 624 2371 Urbe
643 2305 856 2388 desideraret,
879 2308 927 2371 M.
945 2306 1126 2390 Antonius,
1148 2308 1232 2372 inito
1250 2308 1355 2373 tribu-

285 2427 363 2477 natu
381 2410 500 2499 plebis,
515 2408 717 2500 rogationem
731 2408 964 2498 promulgarit,
979 2419 1017 2472 ut
1029 2406 1165 2496 legiones
1177 2408 1268 2490 ᾰιιιι,
1275 2432 1354 2498 par·

283 2513 358 2577 abici
370 2511 592 2576 bellicaruain
601 2507 733 2575 Italthm
742 2509 904 2591 deductae,
919 2509 967 2574 ad
977 2511 1027 2574 M.
1036 2510 1186 2575 Bibulwn
1198 2513 1352 2576 mirma-

282 2627 355 2694 tur;
369 2614 517 2702 Pompeio
529 2609 1022 2701 scribendimilitrkjusmesset3
1034 2633 1108 2676 rasas
1119 2610 1352 2702 qur'sdclcctrm

282 2716 414 2782 habenti
426 2713 609 2804 respondere
625 2712 673 2776 ad
686 2735 802 2777 nomen
814 2727 983 2802 cogeretur.

325 2819 481 2884 XXVIII.
498 2816 588 2898 Quin
605 2831 638 2880 et
652 2814 686 2879 in
704 2816 864 2881 concione
878 2814 1035 2930 populia
1045 2814 1079 2880 d.
1090 2816 1123 2878 X
1138 2814 1229 2880 kal.
1216 2775 1282 2894 Jan.
1298 2815 1351 2880 hs-

282 2921 379 2986 bita
370 2942 404 2982 ιιι
427 2915 648 3005 Pompeium
639 2931 803 2996 invectus,
818 2916 930 2980 omnia
946 2915 1016 2996 ejus
1038 2931 1110 2980 aeta
1126 2915 1194 2996 jam
1211 2939 1349 3005 suquea

280 3041 356 3114 toga
381 3042 462 3109 pura
487 3016 743 3107 petulantissime
763 3015 916 3082 traduxit
938 3018 1068 3082 Interes
1090 3019 1197 3082 Cresar
1217 3019 1349 3084 comiter

280 3139 452 3211 exceptum
470 3121 649 3185 Curionem
664 3119 698 3182 in
715 3119 889 3184 eonsilium
903 3118 1056 3184 adhibuit
1070 3119 1113 3185 de
1126 3121 1347 3209 presentibus.

280 3227 395 3312 Neque
411 3221 581 3287 dubitabat
595 3220 665 3301 ille,
684 3220 766 3307 quin
784 3220 995 3286 arcessendus
1015 3243 1156 3310 propere
1174 3223 1347 3304 exereitus,

248 3363 251 3373 ν
279 3341 313 3391 ιι
328 3321 566 3412 experiundum
581 3321 680 3386 armis
700 3337 794 3386 esset.
812 3324 857 3387 At
873 3324 994 3405 (lucar,
1015 3324 1155 3413 speciem
1176 3325 1347 3412 preferens

280 3424 437 3514 equitatis
449 3439 483 3488 et
493 3423 672 3488 clementie
680 3443 806 3510 ,quum
820 3423 952 3488 interim
965 3423 1071 3490 nihilo
1081 3426 1214 3515 segnius
1224 3443 1348 3514 pararet

278 3525 420 3605 bellum,
438 3523 479 3589 ad
502 3525 624 3588 amicos
647 3523 681 3586 in
698 3523 823 3587 Urbem
844 3525 975 3607 scribit,
998 3527 1048 3589 uti
1067 3547 1140 3590 cum
1163 3527 1347 3592 adversarii}

271 3631 497 3719 paericnntur,
521 3647 602 3714 quo,
623 3624 757 3688 diutinis
776 3639 847 3690 octo
864 3625 1053 3713 kghrribus,
1076 3627 1347 3716 Tramolpinaqae

283 3729 409 3811 Gallr'a,
429 3727 624 3816 Cisalpinam
640 3739 672 3789 et
682 3725 848 3810 Illyricum
864 3749 939 3791 cum
952 3727 1077 3791 dnnhru
1092 3727 1262 3815 Iegrhar'bm
1273 3732 1345 3794 mi.

278 3848 379 3914 neret,
399 3831 498 3896 donec
513 3825 625 3894 corun!
638 3826 872 3916 dsmmsactus
885 3844 973 3894 essct.

312 4051 328 4116 s
339 4051 436 4099 xxvi.
447 4049 557 4115 Appiae.
569 4074 604 4085 -
613 4049 670 4096 Dio.
681 4045 743 4110 -§
755 4047 865 4096 xxvn.
876 4047 985 4112 Appian.
994 4073 1030 4084 -
1041 4047 1098 4096 uio.
1110 4073 1145 4084 -
1159 4047 1225 4096 llirt.
1236 4073 1270 4084 -
1282 4045 1341 4092 l‘lnt.

275 4137 300 4181 in
312 4137 404 4182 Aaron.
416 4159 450 4170 -··
462 4132 477 4196 S
493 4133 616 4180 xllvlll.
629 4131 681 4179 Cic.
694 4130 726 4178 nd
736 4129 813 4178 Attio.
823 4131 890 4188 vu,
904 4131 929 4178 8.
943 4157 982 4168 ·-
991 4129 1100 4196 Appian.
1111 4157 1145 4169 -
1154 4130 1221 4178 Plus.
1231 4131 1258 4178 in
1267 4129 1325 4178 ca
