2875 4900
244 481 247 487 ·
286 448 339 517 m
369 448 485 515 noc.
515 447 609 515 mn.
636 449 709 515 cn
741 448 957 517 nrvrnur.
1087 451 1156 537 451

82 572 214 661 gnavit3
224 570 352 657 illisque
362 590 429 633 non
437 568 679 651 desistentibus,
689 569 860 657 appellavit
871 571 1022 635 tribunos
1034 596 1042 637 :
1053 597 1159 661 quum

83 694 195 759 neque
211 670 335 734 tribuni
352 670 610 754 intercederent,
627 671 743 736 consul
758 686 875 759 sponte
892 672 1003 755 cessit,
1022 697 1160 764 eamque

82 774 255 836 sententiae
270 790 395 860 partem
412 774 545 838 remisit.
562 774 713 861 Magnam
727 794 765 835 ea
776 772 845 837 dies
862 776 978 839 Catoni
995 778 1167 843 celebritas·-

84 888 150 935 tem
167 874 295 955 attulit,
313 871 395 937 adeo
411 868 699 962 incomparabilem
715 896 776 962 pro
789 876 954 963 republica
972 893 1006 941 et
1018 879 1159 944 honesto

82 976 233 1038 animum
251 977 397 1040 attulisse
415 976 500 1057 viso,
516 992 552 1039 ut
568 974 673 1054 major
683 998 758 1062 pars
774 992 906 1041 senatus
917 978 1092 1045 abeuntem
1104 981 1161 1046 do-

84 1098 177 1139 mum
194 1093 459 1163 prosequeretur.
475 1076 599 1141 Consul
614 1077 758 1165 opperiri
777 1095 927 1162 noctem,
944 1103 986 1144 ne
1007 1081 1087 1167 quid
1101 1106 1161 1171 per

82 1200 156 1241 earn
174 1194 366 1259 novaretur,
385 1178 500 1242 inutile
521 1195 627 1260 ratus,
649 1179 837 1244 triumviros
858 1182 1008 1269 capitales
1029 1206 1159 1271 parare,

82 1303 158 1367 quae
175 1280 360 1367 pertineant
374 1278 415 1344 ad
431 1281 648 1369 supplicium,
663 1280 777 1363 jubet3
801 1295 852 1361 et,
869 1282 1025 1368 praesidiis
1047 1283 1159 1375 dispo-

82 1382 172 1463 sitis,
182 1384 358 1447 Lentulum
370 1406 389 1446 e
400 1384 517 1471 palatio
529 1406 588 1471 per
595 1383 725 1447 Sacram
734 1383 819 1447 viam
830 1382 1040 1473 mediumque
1049 1387 1160 1453 forum

82 1484 153 1570 ipse
173 1481 275 1547 ducit.

126 1583 212 1649 CIV.
227 1584 393 1672 Principes
406 1601 537 1649 senatus
549 1586 718 1651 consulem
734 1586 913 1673 stipabant;
928 1590 1083 1675 populus,
1096 1616 1162 1656 ma-

81 1683 257 1773 gnitudine
281 1686 329 1750 rei
350 1688 526 1769 attonitus,
548 1712 626 1757 cum
646 1688 784 1763 horrore
803 1705 836 1751 et
850 1691 1060 1755 veneratione
1074 1718 1158 1783 prac-

82 1786 212 1850 teribat.
231 1787 275 1849 Ut
288 1804 423 1851 ventum
443 1787 484 1851 ad
502 1812 664 1857 carcerem
683 1803 748 1869 est,
767 1788 909 1853 demisso
923 1789 956 1851 in
971 1791 1158 1859 Tullianum

81 1888 243 1969 Lentulo,
259 1889 331 1978 gula
344 1890 462 1977 laqueo
479 1890 664 1980 frangitur:
679 1889 768 1954 idem
786 1889 823 1953 fit
836 1889 1000 1980 Cetheg0,
1017 1894 1158 1977 Statilio,

80 1990 243 2069 Gabinio,
268 2005 300 2055 et
321 1992 482 2079 Caeparin,
504 2015 587 2079 quos
608 2007 763 2080 praetores
782 1991 993 2056 adduxerant.
1015 1997 1158 2079 Consul,

80 2109 230 2179 spectato
243 2093 420 2182 supplici0,
438 2092 638 2183 digrediens,
654 2116 759 2181 quum
774 2093 980 2181 frequentem
999 2094 1108 2161 adbuc
1123 2100 1159 2163 in

80 2195 155 2256 foro
165 2192 292 2257 videret
302 2193 432 2257 turbam
442 2242 450 2275 ,
462 2195 553 2258 velut
565 2211 695 2258 noctem
706 2193 902 2283 effringendi
915 2197 1051 2261 carceris
1063 2222 1158 2265 causa

78 2296 357 2384 exspectantium,
375 2297 436 2361 alta
447 2320 528 2361 voce
541 2297 785 2386 pronuntiavit,
802 2298 978 2361 vicerunt:
992 2299 1056 2363 hoc
1069 2302 1157 2364 enirn

77 2397 183 2461 verbo
198 2395 240 2460 ad
258 2398 371 2462 mortis
390 2398 579 2463 evitandum
596 2420 693 2462 omen
704 2396 840 2462 Veteres
856 2398 1044 2465 utebantur.

124 2499 193 2564 CV.
214 2501 360 2563 Domum
386 2498 504 2563 deinde
524 2500 589 2579 jam
615 2515 718 2587 coepta
743 2514 841 2562 nocte
862 2497 1055 2565 redeuntem
1081 2526 1157 2568 cum

77 2601 199 2688 plausu
217 2617 249 2662 et
266 2600 345 2664 laetis
362 2599 649 2664 acclamationibus
667 2599 804 2663 deduxit
820 2601 981 2689 populus;
999 2607 1156 2670 matronis

77 2702 177 2764 etiam
188 2699 325 2764 honoris
336 2699 405 2780 ejus
414 2724 520 2784 causa,
530 2701 694 2789 simulque
705 2716 902 2764 servatorem
911 2703 1009 2766 Urbis
1020 2705 1155 2771 videndi

77 2801 252 2891 cupidine,
266 2801 307 2865 de
321 2804 413 2867 tectis
432 2803 645 2868 efferentibus
661 2802 758 2866 faces.
775 2803 1061 2888 prosequebantur
1077 2829 1155 2870 eum

75 2905 225 2996 primarii
241 2905 319 2986 viri,
337 2905 433 2994 gestis
448 2905 599 2993 praeclare
612 2902 729 2983 rebus,
744 2918 778 2965 et
790 2902 1034 2989 triumphorum
1048 2905 1156 2992 splen·

76 3008 161 3072 dore
180 3006 325 3088 nobiles3
344 3006 463 3094 quibus
482 3029 549 3071 non
574 3005 655 3068 alius
675 3001 923 3067 intereundum
943 3026 1050 3069 sermo
1068 3024 1153 3088 erat,

76 3131 198 3198 quam,
220 3131 252 3171 se
269 3107 397 3197 quidem
412 3123 444 3172 et
458 3106 574 3170 similes
589 3105 670 3170 alios
690 3107 854 3192 imperium
865 3106 1034 3190 protulisse
1038 3109 1158 3196 populi

76 3212 210 3274 romani
215 3235 228 3290 ;
241 3224 394 3274 servatum
398 3209 555 3298 populum
568 3230 738 3272 romanum
747 3227 819 3268 eum
829 3207 956 3292 imperio
969 3221 1002 3269 et
1013 3209 1155 3296 impera·

75 3313 196 3378 toribus
201 3361 212 3392 ‚
235 3314 327 3376 unius
343 3312 494 3376 Ciceronis
512 3333 589 3398 opus
604 3333 687 3372 esse:
700 3308 785 3371 brute
801 3328 866 3369 non
879 3310 1035 3388 exercitu,
1054 3333 1154 3400 neque

76 3415 280 3494 cimelium,
296 3414 352 3478 sed
362 3415 425 3478 suit
436 3411 572 3476 consiliis
584 3424 757 3500 togatoque
767 3410 871 3470 nisum
885 3407 1060 3490 industria,
1079 3427 1152 3477 tan-

35 3521 39 3530 “
74 3535 144 3582 tum
156 3515 354 3595 incendium,
366 3537 430 3603 th
440 3513 682 3601 corfingratnra
693 3509 927 3599 opulentissima
932 3526 1005 3599 post
1015 3513 1152 3581 homines

73 3635 167 3682 natos
190 3617 302 3680 civitas
306 3614 428 3704 fuerit,
449 3617 586 3704 qumque
608 3612 783 3678 admodum
802 3615 974 3677 noxiorum
995 3621 1151 3703 sanguine

72 3722 265 3784 restruxisse.

119 3823 209 3887 CVI.
221 3819 343 3906 ,Neque
357 3818 509 3907 deinceps
526 3834 583 3882 aut
595 3819 628 3881 in
646 3817 788 3897 Rostris,
803 3831 860 3880 aut
878 3817 913 3879 in
931 3819 1021 3881 curia
1039 3822 1148 3886 minus

108 4057 124 4122 S
141 4057 211 4106 (3111.
225 4051 323 4101 Sallust.
342 4077 377 4088 -
389 4051 455 4101 Vell.
465 4054 505 4110 Il,
525 4052 567 4100 35.
586 4078 621 4088 —-
639 4049 749 4114 Appiae.
762 4075 798 4085 -
811 4048 865 4096 eie.
879 4073 915 4083 -
932 4047 947 4111 S
965 4047 1031 4099 CIV.
1050 4050 1149 4105 Sallust.

69 4169 106 4179 -
119 4141 186 4190 Plut.
201 4165 237 4174 -
249 4135 266 4202 S
278 4137 332 4186 CV.
345 4137 452 4202 Appian.
463 4165 499 4174 —
508 4137 559 4188 Cic.
571 4137 598 4184 in
607 4135 656 4184 Pis.
666 4149 722 4198 cap.
734 4133 758 4182 3.
769 4131 945 4189 -Pttn.v11‚
960 4133 1000 4181 3ο.
1013 4162 1048 4171 -
1058 4139 1151 4192 Juven.

71 4226 202 4281 samm,
220 4239 244 4270 v.
258 4223 320 4277 243.
336 4249 371 4258 —
388 4222 452 4270 Plut.

909 4335 972 4406 29.
