2875 4900
311 394 364 463 ΙΝ
396 394 509 463 LOC.
535 396 630 463 LIB.
659 397 731 465 Cll
764 395 979 465 leltNI.
1111 398 1181 493 427

110 529 247 581 conatus
261 531 364 595 essct,
381 528 493 579 contra
505 514 664 603 rmjorunt
679 515 986 604 uunimajudt‘cium
997 540 1033 579 eo
1046 532 1184 605 ternpota

103 616 330 704 perduellioni
340 614 437 704 fieri,
462 617 581 683 omissa
607 616 788 697 concione,
813 617 1004 704 priusquam
1028 619 1183 709 suffragia
1273 669 1276 674 ·

108 718 290 801 ferrentur,
310 718 345 783 in
361 718 545 785 Ianiculum
561 717 749 799 contendit,
764 718 948 805 vexilloque
965 719 1182 800 reau1s0‚ne·

109 821 290 885 cessitatem
309 818 457 885 solvendi
471 820 603 885 comitia
616 819 703 883 fecit.
717 820 833 906 Neque
847 820 932 884 ultra
942 820 1059 884 institit
1066 821 1182 887 Labie-

109 944 190 1002 nus,
208 944 397 1009 quanquam
409 922 470 987 alia
487 921 541 987 dio
552 937 701 1009 repetere
714 944 808 986 reum
823 922 994 1009 potuisset.
1007 923 1183 1011 Supererat

109 1022 150 1087 dc
168 1024 427 1112 proscriptorum
448 1024 557 1089 liberis
573 1024 761 1104 contentio,
776 1022 852 1087 ideo
868 1038 1007 1087 tractatu
1020 1026 1182 1113 asperior,

108 1124 202 1213 quod
214 1124 437 1191 adolescentes
450 1126 531 1190 boni
544 1140 576 1189 et
589 1126 709 1205 fortes,
726 1126 816 1189 nulla
826 1148 884 1189 sua
897 1126 1009 1213 etdpa,
1023 1127 1182 1212 petitione

108 1227 360 1315 magistratuum
377 1227 590 1307 arcebantur3
600 1242 736 1314 eratque
748 1227 817 1290 baec
828 1250 931 1313 quum
944 1250 1099 1311 numero,
1110 1246 1182 1293 tum

107 1328 229 1416 opibus
247 1330 382 1394 minime
395 1328 581 1417 spernenda
598 1350 725 1391 manus.

151 1430 252 1495 XLV.
269 1430 334 1495 Sed
347 1432 391 1495 ita
405 1446 475 1494 tum
491 1432 538 1494 rei
555 1430 763 1493 acerbitatem
779 1429 928 1493 oratione
950 1430 1088 1493 mollivit
1102 1452 1182 1493 eon·

105 1530 174 1612 aul,
189 1547 223 1593 et
234 1532 360 1621 legibus
369 1532 529 1595 Corneliis
542 1532 590 1595 sic
601 1530 764 1593 cohaerere
774 1546 892 1594 statum
899 1530 1040 1595 civitatis
1051 1530 1181 1613 docuit,

107 1646 146 1694 ut
157 1632 247 1719 ipsus
259 1654 392 1719 quoque
405 1633 548 1697 honoras
560 1647 673 1719 petere
683 1630 831 1719 puderet.
848 1633 884 1695 L.
894 1647 1005 1695 autem
1015 1634 1181 1698 Caecilium

107 1734 280 1797 tribunam
291 1735 409 1822 plebis,
420 1734 455 1797 P.
463 1734 559 1798 satta
568 1734 716 1814 fratrem,
729 1733 887 1820 eoquede
897 1733 1073 1822 mitiganda
1084 1758 1181 1821 poena

105 1834 252 1899 ambitus
275 1838 449 1917 ferentem,
474 1852 514 1898 ut
534 1834 625 1898 fratri
645 1834 770 1898 reditus
790 1832 832 1897 ad
855 1833 1014 1921 petendos
1036 1834 1180 1899 bonores

106 1952 209 2017 essct,
222 1938 269 2000 ita
276 1938 474 2019 immutavit,
487 1953 526 2000 ut
537 1952 570 2001 ct
580 1936 735 2015 abjiceret
747 1935 968 2023 mgationem,
979 1950 1028 2014 et,
1038 1935 1179 2023 Agrariae

106 2039 189 2128 legis
204 2062 238 2103 se
251 2039 321 2103 fore
333 2040 597 2119 intercessorem,
613 2036 832 2126 profiteretur.
843 2037 1035 2127 Legationes
1046 2060 1180 2124 quoque

106 2140 244 2223 liberas,
263 2164 450 2229 quanquam
470 2142 511 2205 a'd
528 2139 742 2206 commodum
758 2156 892 2203 senatus
907 2139 1070 2227 pertinere
1087 2138 1179 2203 vide·

106 2242 248 2325 bantur,
270 2244 535 2331 frequentissimo
553 2258 666 2307 senatu
688 2242 883 2307 assentiente
900 2242 1100 2322 sustulisset,
1116 2242 1179 2305 nisi

108 2342 224 2421 fuisset
244 2344 448 2409 atribunis
440 2360 682 2409 intercessum:
702 2360 834 2431 tempus
848 2360 958 2407 tamen
975 2344 1110 2423 minuit,
1127 2358 1178 2425 et,

108 2444 201 2534 quod
213 2444 380 2512 infinitum
394 2449 515 2530 bremt,
523 2469 672 2512 annuum
681 2446 768 2511 fecit.
783 2446 826 2510 Et
834 2446 916 2560 quia
929 2445 1077 2534 proviso,
1086 2393 1179 2559 quod

107 2545 318 2630 imminebat,
342 2548 428 2612 bello
436 2495 703 2637 ,rempublicam
724 2548 863 2636 pecunia
886 2549 971 2636 opus
993 2522 1177 2613 babituratir

107 2649 264 2735 putabat,
290 2649 388 2714 misso
416 2651 571 2716 Puteolos
596 2651 633 2714 P
642 2637 776 2714 Vatinio
799 2665 976 2737 quaestore,
1000 2672 1117 2715 aurum
1145 2665 1179 2714 et

108 2766 281 2840 argentum
297 2753 401 2816 vetuit
417 2751 588 2841 exportari.

154 2852 269 2916 XLVI.
287 2854 362 2918 llaec
378 2869 475 2942 atque
492 2853 567 2917 talia
587 2855 714 2918 consuli
734 2877 774 2917 eo
796 2854 919 2918 facibus
938 2853 1176 2941 procedebant,

109 2951 201 3038 quod
217 2953 423 3017 turbaturum
440 2955 516 3018 alias
535 2971 653 3020 cuncta
669 2955 843 3044 collegam,
862 2977 904 3018 ne
923 2971 1036 3018 contra
1050 2976 1179 3041 rempu-
1219 2958 1223 2967 “

109 3053 227 3117 blicam
242 3055 392 3136 sentiret,
406 3058 561 3144 patientia
571 3073 604 3120 et
619 3057 782 3143 obsequio
792 3056 994 3145 mitigatum,
1009 3071 1177 3143 postremo

108 3158 367 3222 commutatione
387 3159 560 3247 provincias
575 3158 770 3247 perpulerat.
788 3157 919 3244 Quippe
933 3155 1048 3218 Cicero
1067 3155 1178 3218 Mace·

108 3255 244 3320 doniam
267 3257 418 3339 sortitus,
440 3281 544 3346 quum
563 3282 634 3323 earn
651 3260 778 3347 placere
795 3258 924 3347 collegae
941 3255 1082 3337 rideret,
1100 3279 1177 3320 cum

109 3357 212 3422 Gallia
232 3361 460 3442 commutavit,
486 3385 559 3449 quae
584 3364 620 3429 C.
640 3361 784 3426 Antonio
804 3375 969 3424 evenerat.
994 3359 1086 3423 Inter
1108 3359 1179 3424 boec

110 3461 146 3523 P.
165 3461 324 3526 Lentulus
340 3461 495 3549 Spinther
508 3462 608 3526 aedilis
628 3463 749 3527 curulis
765 3478 854 3526 tanta
873 3460 1113 3551 magnificentia
1127 3462 1178 3525 lu·

108 3560 170 3626 dos
182 3560 301 3644 edidit,
315 3579 353 3628 ut
366 3565 552 3653 superiores
568 3587 682 3630 ornnes
699 3587 787 3629 novo
801 3565 935 3628 iuventa
951 3564 1112 3645 vincera,
1128 3587 1179 3627 ar*-

144 3823 161 3889 §
176 3827 266 3874 mv,
280 3823 333 3876 Cic.
349 3828 381 3878 ad
395 3829 472 3878 atde.
485 3845 532 3895 pro
547 3829 628 3888 Sulla,
647 3847 701 3896 cap.
711 3846 743 3878 aa
758 3842 784 3878 ct
795 3832 842 3890 23,
859 3841 885 3878 ct
896 3845 943 3895 pro
960 3830 1008 3878 Pit.
1022 3855 1056 3866 —
1069 3827 1086 3892 S
1099 3830 1176 3876 m.

108 3909 216 3970 Quintil.
227 3911 288 3960 lust.
297 3911 340 3960 Or.
351 3914 402 3969 xl,
415 3928 437 3960 1.
446 3913 606 3962 -PlimVll
613 3947 620 3970 ‚
634 3914 675 3962 30.
689 3941 723 3951 -
732 3915 784 3964 cie.
797 3914 829 3962 dc
840 3917 914 3978 Legg.
923 3915 973 3972 m,
987 3915 1016 3972 8,
1026 3923 1051 3960 ct
1059 3912 1176 3960 inVatin.

109 4007 164 4056 cap.
176 3992 202 4039 ⁵.
216 4016 251 4030 ·—
269 3993 285 4058 s
304 3997 395 4044 mr.
412 3995 535 4045 Plutarch.
551 4023 587 4036 ·-
604 3997 701 4046 Sallust.
720 4000 748 4044 ln
766 3999 839 4049 Catil.
857 4013 913 4062 cap.
929 3997 956 4044 6.
969 3996 1073 4052 acic.
1086 3997 1114 4043 in
1127 3998 1176 4044 Pia.

110 4091 166 4138 cap.
182 4091 211 4130 a,
230 4087 254 4124 et
273 4077 303 4125 dae
321 4077 821 4138 offic.11‚1s.-v‘atar.ttaxtn.n,
840 4091 869 4138 t,
888 4081 913 4130 6.
933 4107 967 4118 -
981 4080 1040 4129 nio.
1060 4106 1094 4117 -
1113 4079 1175 4128 Plin.

110 4159 163 4216 tx,
185 4161 226 4222 39.
