2875 4900
278 372 331 439 IN
362 371 473 441 LOC.
505 370 599 438 LIB.
627 368 699 437 CII
732 370 947 442 LlVlANI.
1079 382 1144 464 431

77 492 234 580 «Expelle
250 490 293 555 sis
315 490 405 555 bunc
427 486 596 578 spiritum,
621 510 719 577 quem
743 490 860 555 fnrstm
880 494 1061 561 sollicitavit
1078 523 1151 567 mea

76 616 237 675 «manus,
253 614 419 680 quemque
438 590 592 655 adversus
607 612 771 655 venenum
793 594 912 657 stultus
928 616 990 684 ego
1007 599 1151 667 medica.

76 711 221 759 ·menus
237 716 342 757 munn
352 724 375 756 υ.

117 798 185 861 LV.
213 798 262 860 lta
279 794 440 875 Bituitus,
458 816 560 881 quum
584 808 617 857 et
635 794 793 859 Pharnaci
816 817 884 859 rem
904 812 1026 884 matam
1046 802 1152 869 factu.

53 954 60 977 ,
76 922 130 963 rus
154 896 339 977 videretur,
358 896 511 983 jugulum
536 896 622 959 ultro
646 894 822 981 praebentis
839 896 967 979 bausit;
984 900 1083 967 simul
1097 928 1152 969 ac-

75 1015 245 1065 currentes
261 999 313 1063 alii
326 998 439 1089 gladiis
453 1018 491 1063 ac
507 997 625 1061 lanceis
642 997 864 1062 accelerarunt
878 998 909 1079 ei
924 1018 1087 1069 mortem:
1106 1006 1153 1071 sic

76 1102 202 1167 interiit
224 1101 359 1165 ultimus
385 1116 456 1163 tum
483 1100 533 1163 sui
556 1099 639 1178 juris
668 1120 804 1187 regum,
826 1115 943 1187 praeter
964 1102 1153 1190 Parthicos,

74 1220 151 1291 post
171 1203 291 1267 multas
308 1218 341 1265 et
356 1202 458 1267 illatas
474 1202 560 1282 aliis,
578 1219 611 1266 et
629 1216 776 1287 acceptas
790 1201 923 1267 abunde
938 1204 1152 1292 cabmitaoes,

76 1307 285 1392 fortuneque
305 1304 400 1369 miras
414 1302 670 1382 vicissitudines,
687 1325 729 1366 ne
745 1303 883 1393 simplici
899 1306 1033 1392 quidem
1046 1328 1154 1377 morte

75 1411 235 1474 sublatus.
250 1410 368 1473 AEtatis
384 1431 490 1473 annos
504 1408 597 1493 (narn
611 1406 798 1494 dubitatur)
810 1410 911 1496 paulo
920 1410 994 1498 plus
1006 1410 1153 1482 nunnae

75 1514 304 1601 septuaginta,
320 1514 413 1602 regni
428 1512 666 1600 quinquaginta
679 1528 804 1598 septem
821 1530 979 1600 exegerat.

121 1614 206 1679 LVI.
230 1614 277 1677 Eo
295 1628 442 1701 tempore
459 1614 638 1703 Pompeius
655 1613 769 1677 obibat
783 1613 891 1678 Coelen
908 1617 1054 1704 Syriam,
1073 1620 1156 1710 lega.

77 1732 129 1779 tos
141 1731 177 1779 et
193 1737 328 1780 munera
343 1716 489 1803 gentium
508 1716 688 1802 excipiens,
711 1738 785 1802 quoe
800 1738 839 1780 ex
854 1732 924 1781 tota
938 1720 1029 1807 Syria
1049 1722 1153 1812 AEgy·

76 1835 204 1905 ptoque
215 1816 449 1881 mittebantur:
466 1840 540 1881 uam
555 1832 589 1881 et
601 1816 766 1905 AEgyptus
779 1818 924 1905 inquieta
939 1820 1153 1890 seditionibus

75 1936 167 1999 erat,
186 1918 296 2006 adque
311 1942 365 1983 eas
387 1916 647 2005 comprimendas
670 1918 865 2007 Pompeium
884 1942 943 1986 rex
956 1922 1153 2007 advocabat,

75 2021 165 2086 dona
184 2022 405 2109 pecnmmque
423 2020 504 2109 ipsi,
528 2035 560 2083 et
578 2020 734 2083 exercitui
749 2036 873 2085 restem
890 2024 1033 2090 mittens.
1055 2028 1154 2091 Venit

76 2138 110 2184 et
125 2122 169 2185 ab
186 2124 338 2211 Hyrcano
361 2124 547 2209 Antipater,
567 2136 600 2183 et
619 2120 821 2185 Nicodemus
838 2122 880 2185 ab
898 2122 1041 2212 Hyrcani
1056 2130 1154 2193 fratre

74 2221 289 2303 Aristobulo,
306 2222 347 2285 de
361 2244 463 2310 regno
477 2222 767 2309 hierosolymitano
783 2224 993 2291 certantibus.
1022 2230 1087 2316 lpsi
1101 2253 1156 2294 oc·

76 2344 212 2389 cttrrere
227 2324 308 2404 jussi
325 2323 367 2387 ad
385 2321 632 2409 disceptandum
647 2324 771 2413 reguli,
788 2346 892 2411 quum
910 2329 1090 2393 Aristobuli
1106 2332 1153 2396 le·

75 2440 191 2516 gatus,
207 2424 283 2490 data
304 2424 346 2490 ab
369 2446 408 2490 eo
430 2425 521 2513 prius
542 2423 684 2488 Gabinio
711 2439 855 2490 trecenta
875 2428 1014 2511 talenta,
1034 2430 1154 2499 deinde

76 2529 202 2592 Scauro
226 2527 462 2617 quadringenta
490 2549 649 2616 arguens,
677 2549 776 2615 supra
800 2545 930 2594 caeteras
952 2531 1153 2619 inimicitias,

76 2629 200 2694 horum
215 2631 311 2695 etiam
328 2628 405 2692 odia
423 2643 647 2715 comparasset.

122 2729 223 2794 LVll.
248 2731 375 2793 lnterea
390 2750 492 2814 quum
506 2749 563 2791 ver
577 2728 795 2816 appannisset,
813 2747 981 2796 contracto
995 2756 1034 2797 ex
1048 2736 1154 2801 hiber·

77 2830 129 2894 nis
151 2831 315 2910 exercitu,
338 2828 513 2915 Pompeius
537 2828 571 2892 in
594 2828 804 2893 damascenos
822 2829 903 2896 lines
925 2833 1003 2897 lecit
1022 2839 1153 2924 expedi.

77 2933 224 3013 tionem,
242 2932 353 2996 multis
371 2931 404 2994 in
421 2930 473 2994 via
489 2930 601 2994 excisis
622 2931 787 3018 lamonem
803 2934 957 3016 castellis,
974 2937 1151 3024 supplicio·

76 3055 143 3120 que
161 3033 287 3098 allectis
308 3032 474 3121 tyrannis,
494 3031 552 3118 qui
573 3031 693 3119 passim
712 3054 772 3119 per
789 3032 934 3097 civitates
953 3037 1150 3105 exstiterant.

77 3135 227 3199 Primum
244 3135 278 3198 in
292 3155 451 3221 apameno
467 3155 545 3221 agro
562 3149 652 3220 capta
666 3154 706 3196 ex
719 3132 834 3196 itinere
849 3149 882 3195 et
900 3132 1009 3198 diruta
1019 3159 1075 3202 arx
1086 3157 1151 3223 est,

76 3259 177 3324 quam
203 3235 384 3300 Antiochus
407 3234 585 3321 Cyzicenus
608 3250 780 3297 struxerat.
806 3231 933 3297 Deinde
958 3235 993 3298 in
1016 3237 1151 3306 lturoeos

77 3339 272 3417 transitum,
297 3336 353 3424 qui
378 3335 440 3399 sub
462 3335 626 3398 Ptolemaei
646 3334 788 3399 Mennoei
809 3333 934 3401 ditione
951 3337 1065 3403 Libani
1083 3365 1156 3431 par.

77 3455 141 3504 tem
160 3437 371 3519 habitabant,
392 3435 566 3502 latrociniis
587 3435 699 3501 dediti.
722 3437 941 3501 lllnnitissima
959 3439 1079 3505 borum
1098 3467 1153 3509 ca-

77 3541 188 3620 stella,
203 3539 339 3606 Sinnam
352 3555 385 3603 et
395 3541 548 3618 borama,
560 3538 593 3600 in
606 3553 718 3602 monte
728 3539 805 3619 sita,
819 3554 853 3602 et
865 3538 1000 3604 inferius
1011 3544 1151 3632 llotryn,

77 3659 108 3706 et
120 3643 314 3732 Gigartum,
331 3657 363 3704 et
380 3639 549 3728 speluncas
560 3640 651 3719 juxta
663 3663 752 3703 mare
763 3688 772 3721 ,
785 3655 819 3704 et
830 3643 997 3706 castellum
1008 3644 1043 3707 in
1052 3646 1150 3736 jugo,

76 3740 168 3830 quod
186 3740 390 3832 appellabant
405 3740 680 3829 Theuprosopon,
696 3741 874 3830 Pompeius
890 3743 1023 3809 evertit:
1042 3763 1151 3834 tyran-

78 3867 161 3926 nus,
180 3845 381 3932 Tripolitano
397 3843 573 3932 Dionysio,
587 3843 644 3930 qui
661 3843 760 3931 paulo
773 3861 848 3908 aute
861 3845 969 3910 securi
978 3869 1151 3933 percussus

111 4062 128 4127 5
146 4064 201 4110 tv.
220 4061 279 4110 nio.
295 4086 331 4096 -
342 4059 407 4108 Vsll.
423 4061 461 4119 ll,
480 4067 523 4116 so.
537 4085 573 4098 ·-
585 4058 693 4124 Appian-
704 4085 741 4096 -
752 4061 857 4124 Eutrop·
873 4087 908 4098 -
922 4059 987 4110 etin.
1003 4086 1038 4096 —
1053 4059 1070 4124 ς
1087 4063 1151 4112 tvl.

77 4146 203 4212 xiphilin.
214 4172 251 4182 -
262 4143 365 4208 loseph.
379 4143 466 4207 Antiq.
478 4144 548 4202 XIV,
563 4143 586 4192 5.
604 4171 640 4182 -
654 4144 763 4208 Appia.
