2875 4900
284 436 350 482 rra
457 412 528 481 JO.
555 409 900 481 FREINSHEMII
929 410 1179 481 SUPPLEM.

279 548 317 599 ut
329 532 371 598 ad
384 542 498 624 'regem
515 532 637 622 legatos
653 531 783 596 mittere
798 532 907 612 liceat,
926 529 1114 607 orantibus,
1129 554 1234 619 quum
1251 554 1345 623 nega·

277 652 351 700 tum
366 634 543 699 aZenobio
560 647 662 716 esset3
679 655 768 697 arma
783 631 919 714 tradita,
935 631 1066 697 obsides
1081 631 1190 714 datos,
1206 656 1312 699 muros
1326 658 1346 699 ιι

277 737 425 802 llarbaris
441 736 582 800 insessos
598 750 804 824 reputantes,
824 757 864 799 eo
883 733 1144 819 descenderunt,
1160 752 1199 800 ut
1213 736 1345 825 impera-

279 855 347 905 tam
361 837 534 927 pecuniam
550 834 741 925 penderent.

323 940 438 1005 XLIV.
458 937 522 1003 Sed
544 936 621 1018 uhi,
639 936 792 1001 detractis
813 936 966 1000 fanorum
990 936 1210 1019 ornamentis,
1233 937 1345 1001 mulie·

277 1052 421 1129 'rumque
437 1040 557 1106 collato
575 1036 717 1121 mundo,
732 1060 817 1128 aegre
835 1037 922 1101 hanc
937 1058 1101 1102 summam
1119 1037 1345 1120 confecerunt,

279 1141 444 1207 Zenobius
462 1138 585 1227 aliquid
603 1139 716 1205 deesse
736 1138 879 1227 ponderi
895 1140 1080 1220 cavillatus,
1099 1139 1210 1204 adesse
1230 1139 1345 1203 iterum

277 1245 313 1309 in
325 1244 453 1308 theatro
467 1244 637 1307 universos
645 1240 742 1321 jussit
755 1262 764 1304 ι
777 1238 856 1304 inde
870 1262 974 1327 quum
986 1240 1152 1305 theatrum
1164 1241 1295 1330 viasque
1306 1240 1346 1305 ad

278 1368 368 1411 mare
382 1344 538 1409 ducentes
553 1344 684 1409 armatis
705 1342 873 1432 sepsisset,
887 1340 1083 1406 nominatim
1103 1358 1252 1407 evocatos
1272 1364 1348 1430 pras-

276 1447 415 1535 ·cipuum
435 1466 619 1533 quemque,
641 1441 761 1509 deinde
777 1458 911 1509 coeteros
932 1444 1082 1532 ipsorum
1105 1443 1205 1509 servis
1224 1443 1346 1508 vinctos

278 1546 427 1630 tradidit,
439 1562 477 1611 ut
486 1546 520 1611 in
530 1546 671 1612 Colchos
680 1546 933 1634 deportarentur
942 1569 952 1611 ι
962 1548 1097 1611 seorsim
1108 1544 1227 1610 deinde
1235 1569 1255 1610 a
1262 1546 1347 1628 riris,

278 1670 321 1712 ne
331 1647 412 1735 quid
422 1646 605 1713 acerbitatis
614 1664 713 1735 atque
721 1646 855 1711 ludibrii
863 1646 1227 1729 deesset,infirmiorem
1236 1670 1347 1712 sexum

276 1764 473 1837 etatemque
488 1747 634 1813 barbaris
647 1747 839 1813 custodibus
855 1747 1041 1814 evehendos
1056 1750 1230 1815 commisit.

321 1850 420 1914 XbV.
432 1849 518 1914 Urbs
529 1848 689 1913 Chiorum
701 1849 843 1937 ponticis
856 1849 981 1913 colonis
995 1866 1045 1914 est
1057 1849 1191 1932 tradita,
1208 1872 1348 1938 agerque

277 1950 453 2016 aZeuobio
467 1950 673 2014 distributus.
682 1952 843 2015 Caetemm
856 1966 982 2039 partem
992 1951 1142 2033 uarium,
1156 1973 1259 2040 quum
1271 1974 1350 2040 prre·

278 2054 504 2119 terreberetur
522 2052 763 2117 Heracliensem
781 2075 891 2134 oram,
910 2068 1112 2141 exceperunt
1131 2053 1345 2133 Heracleotae,

276 2155 399 2244 quibus
411 2155 551 2219 amicitia
560 2176 636 2219 eum
645 2154 737 2219 Chiis
747 2153 988 2236 intercedebat3
1005 2154 1172 2242 Chiosque
1183 2154 1217 2218 in
1231 2154 1349 2219 rubem

277 2278 370 2321 tuam
389 2270 552 2345 receptos,
569 2254 677 2321 donec
691 2256 862 2321 confectus
880 2256 919 2321 iis
932 2257 967 2319 iu
981 2256 1118 2344 patriam
1133 2256 1256 2321 reditus
1269 2256 1349 2338 fuit,

276 2351 481 2446 hospitaliter
494 2378 604 2421 secum
617 2356 816 2423 habuerunt.
832 2356 872 2421 Id
885 2358 1028 2446 primum
1044 2358 1079 2421 in
1097 2374 1186 2423 tanta
1197 2356 1287 2422 clade
1297 2380 1352 2423 so·

276 2461 390 2526 latium
402 2459 527 2524 miseris
536 2459 613 2542 fuit3
627 2461 832 2549 proximum,
844 2461 937 2548 quod
948 2461 1132 2525 Zenobium
1144 2461 1234 2525 haud
1243 2459 1351 2525 multo

278 2577 354 2650 post
376 2584 506 2649 poenam
529 2562 628 2627 luisse
650 2562 811 2627 scelerum
836 2578 1078 2652 compererunt.
1105 2563 1273 2651 Ephesum
1295 2563 1352 2626 ille

277 2683 355 2728 cum
368 2663 525 2728 militibus
537 2665 722 2753 appulerat,
739 2662 853 2728 eadem
867 2663 995 2744 omnia,
1009 2686 1083 2752 quae
1095 2663 1187 2746 Chii,
1202 2663 1354 2751 exempla

277 2765 437 2831 editurus.

322 2865 437 2930 XLVI.
459 2865 526 2946 Illi,
550 2865 613 2928 nisi
634 2865 748 2953 positis
768 2866 887 2946 armis,
910 2882 943 2929 et
960 2888 1061 2954 parvo
1077 2867 1251 2946 comitatu,
1266 2867 1355 2930 reci·

277 2990 355 3056 pere
375 2968 544 3033 hominem
569 2983 787 3032 recusarunt:
808 2967 867 3055 qui
886 2965 945 3030 ubi
962 2969 1088 3056 aceepit
1106 2967 1355 3049 conditionem,

276 3083 311 3134 et
326 3068 413 3158 apud
433 3069 730 3158 Philopoemenem,
749 3069 804 3132 cui
824 3091 882 3132 rex
895 3091 997 3158 gener
1013 3069 1105 3133 urbis
1123 3067 1356 3157 praefecturam

277 3169 500 3250 commiserat,
515 3168 697 3251 divertens,
712 3190 773 3258 per
782 3189 966 3258 preconem
978 3169 1095 3252 edixit,
1110 3185 1148 3235 ut
1163 3169 1204 3234 ad
1217 3171 1360 3234 concio·

277 3293 354 3335 nem
365 3273 506 3360 populus
519 3271 718 3335 conveniret„
733 3271 882 3358 Ephesii,
897 3272 979 3335 nihil
991 3293 1059 3335 non
1073 3272 1239 3362 ingratum
1251 3295 1360 3362 oppe-

277 3373 416 3454 rientes,
431 3395 501 3437 rem
514 3372 548 3436 in
561 3389 754 3462 sequentem
768 3371 855 3437 diem
870 3373 1062 3453 rejecerunt.
1075 3373 1140 3438 Sed
1152 3389 1264 3455 nocte,
1277 3398 1361 3462 quae

278 3473 478 3554 intercessit,
494 3489 591 3560 capto
604 3473 690 3538 inter
700 3494 737 3536 se
747 3473 900 3551 consilio,
916 3498 1005 3538 arina
1016 3476 1267 3563 corripuerunt3
1280 3491 1363 3540 tru-

278 3595 383 3662 soque
393 3574 428 3635 in
444 3595 606 3638 carcerem
620 3573 784 3656 Zenobio,
800 3591 831 3640 et
842 3576 949 3641 statim
960 3576 1151 3658 interfecto,
1167 3577 1363 3643 centuriare

279 3673 547 3757 multitudinem,
572 3690 623 3758 et,
648 3698 688 3740 ex
712 3677 797 3766 agris
819 3678 853 3740 in
880 3677 996 3741 urbem
1021 3679 1249 3766 comportatis,
1276 3701 1364 3766 quae

278 3791 450 3867 poterant,
465 3776 635 3860 omnibus,
650 3777 805 3843 adversus
820 3778 886 3842 vim
902 3801 1015 3868 parare
1031 3801 1065 3843 se
1078 3779 1308 3845 instituerunt.

322 3879 455 3946 XLVII.
474 3880 551 3945 llaec
566 3879 677 3946 audita
695 3881 897 3962 Trallianos,
915 3883 1136 3972 Hypaepenos,
1156 3881 1365 3972 Metropoli·

314 4092 330 4158 s
344 4093 435 4142 xm.
447 4095 576 4144 Memnon.
589 4121 625 4132 -
638 4093 695 4144 Nic.
708 4091 1245 4157 Danm.etPosidou.apudAtben.V1,
1261 4093 1305 4142 rt.
1323 4121 1369 4134 --

278 4177 386 4244 Appitu.
396 4176 510 4226 Mithrid.
