2875 4900
291 360 345 429 IN
375 357 488 427 LOC.
515 359 610 427 LIB.
638 358 711 425 CII
742 358 955 429 LIVIANI.
1086 363 1158 447 433

132 484 200 547 Lx.
221 479 386 545 Omnibus
402 494 546 545 tamena
562 479 648 543 bello
664 476 929 561 dehortantibus,
944 479 1112 549 descendit
1123 486 1159 550 in

89 602 189 649 castra
200 582 365 670 Pompeii,
378 581 544 667 multaque
558 579 599 644 de
609 580 682 658 jure
693 602 756 643 suo
768 579 943 667 loquutus,
957 582 1157 649 concedente

89 686 142 748 illo
152 685 187 748 in
197 683 366 749 castellum
377 699 426 747 est
434 704 608 771 regressus.
621 683 692 745 Hoc
703 681 822 745 iterum
835 696 933 769 atque
942 685 1039 747 tertio
1053 708 1157 772 quum

90 784 236 867 fecisset,
249 784 336 847 inter
348 806 440 871 spem
457 797 648 871 metumque
661 783 855 872 ambiguus,
869 806 904 847 se
918 784 963 848 ita
976 801 1157 875 temperare

90 887 245 975 cupiens,
267 902 306 949 ut
327 906 436 972 neque
459 883 599 971 prodere
625 882 817 973 dignitatem
844 884 1028 969 videretur,
1049 904 1158 978 neque·

91 987 285 1075 Pompeium
311 984 517 1066 offenderet;
543 1000 700 1049 neutrum
726 986 801 1050 satis
828 1002 1042 1075 assequutus,
1065 989 1160 1069 jussu

89 1088 230 1153 llomani
242 1086 371 1175 scripsit
381 1086 422 1151 ad
435 1086 658 1175 praesidiorum
677 1089 864 1175 prmfectos,
878 1102 916 1153 ut
928 1090 1059 1155 castella
1071 1114 1160 1179 quoe-

90 1192 166 1253 dnm
186 1190 358 1254 traderent.
381 1187 508 1255 Deinde
531 1188 655 1253 bellum
676 1188 858 1277 indignanti
879 1189 990 1253 animo
1007 1192 1161 1275 volvens,

91 1292 239 1357 discessit
255 1290 489 1377 Hierosolyma.
515 1292 631 1378 Neque
647 1290 823 1377 Pompeius
838 1290 965 1356 distulit
979 1294 1091 1381 sequi,
1112 1318 1161 1360 ca·

91 1396 232 1481 stt-isque
250 1391 291 1456 ad
307 1392 519 1455 Hierichunta
529 1390 662 1478 positis,
671 1391 851 1479 palmarum
866 1392 1065 1480 balsamique
1084 1417 1162 1481 pro·

90 1510 193 1557 ventu
210 1493 372 1573 nobilem,
388 1508 478 1557 extra
493 1491 613 1555 vallum
628 1490 807 1579 equitando
819 1492 1043 1573 exercebatur3
1056 1513 1161 1582 quum

91 1596 144 1659 citi
162 1609 375 1659 secluserunt
395 1593 539 1680 equites,
557 1592 687 1673 letum,
707 1608 747 1655 ut
766 1614 806 1655 ex
824 1592 972 1657 laureatis
996 1594 1161 1659 hastarum

92 1694 283 1782 cuspidibus
300 1692 436 1783 intelligi
453 1708 598 1781 poterat,
616 1692 770 1758 nuntium
786 1692 970 1757 afferentes.

131 1796 220 1861 LXI.
246 1797 419 1859 Concursu
444 1794 544 1881 igitur
562 1795 743 1876 exercitus,
767 1794 985 1881 precibusque
1008 1814 1160 1879 coactus,

91 1898 200 1961 statim
215 1895 292 1985 legit
305 1894 472 1982 epistolas,
488 1910 520 1959 et
533 1908 705 1984 suggestu,
717 1918 785 1959 non
796 1895 998 1981 cespitibus,
1011 1912 1050 1961 ut
1062 1900 1162 1963 moris

92 2012 178 2077 erat,
198 1994 256 2059 sed
273 2018 331 2083 per
347 1994 587 2059 festinationem
609 1996 750 2059 militum
768 1998 978 2084 comportatis
993 1997 1160 2076 jumento-

91 2120 166 2161 rum
180 2095 430 2161 sarcinariorum
441 2094 566 2159 clitellis
580 2094 714 2177 effecto,
731 2095 952 2159 Mithridatem
962 2100 1079 2163 vnete
1089 2122 1163 2188 pro·

91 2198 266 2267 nuntiavit.
280 2196 361 2262 lude
376 2197 441 2261 laeti
456 2218 570 2260 omnes
584 2194 625 2259 ad
638 2194 882 2260 sacrificandum
895 2178 1161 2288 epulandumque

92 2324 125 2365 se
148 2297 453 2378 converterun13in
476 2318 545 2361 uuo
561 2318 697 2383 corpore
713 2296 835 2361 bellurn
854 2299 1067 2380 exstinctum,
1086 2301 1161 2365 infi-

92 2404 248 2490 nitosque
260 2399 373 2489 populi
386 2399 513 2462 romani
526 2396 636 2462 hostes
652 2396 775 2462 deletos
790 2396 862 2462 rati.
874 2397 1051 2487 Pompeius
1063 2402 1160 2468 ctiam

93 2494 240 2584 minore',
259 2523 358 2588 quam
371 2498 576 2580 credidisset,
589 2499 699 2564 labore
713 2521 775 2564 suo
790 2497 987 2564 debellatum
999 2503 1159 2590 gaudens,

92 2607 178 2670 etin
202 2602 358 2692 patriam,
380 2617 419 2666 ut
437 2601 579 2688 primum
604 2617 738 2688 posset,
757 2599 941 2681 rediturus,
964 2604 1070 2668 statim
1089 2621 1161 2668 orta

92 2705 164 2770 luce
183 2703 408 2790 Hierosolyma
424 2723 630 2790 progressus,
653 2700 874 2768 Aristobulum
895 2705 1028 2786 terruit,
1047 2719 1085 2768 ut
1102 2704 1161 2769 de·

92 2803 273 2884 scandens,
288 2801 435 2890 pecuniis
451 2802 617 2890 promissis
628 2849 640 2882 ,
651 2801 767 2866 urbem
785 2816 818 2866 et
836 2803 947 2868 omnia
966 2805 1001 2868 in
1016 2821 1160 2893 potesta·

93 2923 158 2971 tem
177 2907 249 2987 ejus
264 2902 407 2968 dederet.

134 3007 241 3072 LXII.
264 3004 567 3094 Pompeius,'venia
583 3005 723 3070 vicissim
739 3004 832 3085 data,
847 3005 1022 3070 Gabinium
1043 3006 1085 3071 ad
1107 3030 1161 3074 ac·

93 3105 281 3197 cipiendam
301 3105 474 3194 pecuniam
500 3107 597 3170 misit.
624 3105 687 3170 Sed
711 3105 889 3170 Aristobuli
913 3106 1054 3173 factione
1071 3109 1163 3174 clau-

94 3209 195 3274 dente
215 3221 344 3294 portas,
362 3205 416 3270 ille
437 3205 533 3270 datus
555 3206 588 3269 in
612 3205 793 3270 custodiam
816 3223 884 3286 est,
908 3208 986 3272 urbs
1011 3209 1141 3276 obsessa
1152 3235 1165 3278 :-

94 3331 195 3397 qnam
212 3307 270 3370 ubi
287 3306 429 3395 Hyrcani
443 3305 588 3394 partibus
602 3305 702 3370 dediti
715 3324 928 3396 aperuerunt,
947 3310 1023 3375 Piso
1037 3312 1163 3401 legatus

94 3409 262 3500 Pompeii,
278 3409 366 3496 regia
384 3423 558 3496 occupata,
576 3407 761 3495 praesidinm
777 3408 821 3470 ibi
836 3410 962 3496 posuit,
976 3409 1163 3503 domusque

95 3511 218 3592 atalia,
231 3509 368 3596 templo,
382 3507 472 3595 quod
488 3507 623 3574 rebelles
636 3525 888 3596 occupaverant,
902 3512 1007 3577 vicina
1019 3537 1164 3581 commu·
1210 3552 1213 3556 ·

95 3613 197 3692 nisit,
211 3608 329 3674 deinde
351 3610 528 3697 templum,
545 3632 610 3696 qua
622 3608 813 3695 respiciebat
833 3611 1045 3696 Aquilonem,
1069 3615 1166 3680 infir-

96 3715 182 3778 mius
208 3735 246 3776 ea
265 3725 376 3798 parte,
400 3732 498 3798 quam
519 3727 635 3776 caetero
658 3709 802 3791 ambitu,
823 3709 958 3793 videns,
974 3735 1164 3804 oppugnare

95 3815 204 3903 coepit.
220 3813 298 3876 Erat
317 3828 425 3878 tamen
447 3811 493 3876 ibi
513 3835 646 3900 quoque
659 3834 800 3900 praeceps
815 3828 848 3876 et
860 3813 998 3901 abrupta
1010 3815 1117 3897 vallis,
1131 3833 1165 3881 et

131 4027 148 4092 S
162 4025 293 4076 exuunt.
306 4027 332 4076 in
340 4029 431 4092 Pomp.
444 4053 477 4064 ·-
489 4027 505 4091 S
516 4025 696 4091 Lxldotcpb.
707 4027 794 4089 Antiq.
806 4027 876 4076 etde
888 4029 916 4074 Β.
929 4028 994 4077 lud..
1005 4055 1040 4066 -—
1054 4031 1106 4080 Cic.
1121 4048 1167 4098 pro

96 4113 220 4169 Munna,
234 4127 290 4176 cap.
303 4113 342 4160 rt.
352 4138 388 4148 -
399 4111 472 4167 Oros.
480 4111 530 4170 vt,
544 4109 569 4157 6.
582 4137 617 4148 ·-
627 4109 686 4158 Dio.
699 4135 733 4146 -
746 4110 879 4174 Hegesipp.
890 4112 915 4170 1,
932 4111 971 4157 1⁶.

205 4209 248 4276 Χ.
955 4203 1000 4274 28
