2875 4900
272 366 343 439 586
445 373 512 439 JO.
539 372 886 443 FREINSHEMll
916 370 1166 441 SUPPLEM.

271 491 433 580 figurans,
445 508 546 580 ponte
554 492 664 573 junxit
674 493 883 581 Euphraten,
896 507 1180 583 transgressusque
1190 492 1262 555 laeta
1270 492 1347 557 belli

270 591 361 657 initia
376 592 509 674 habuit,
523 594 601 681 quia
609 594 723 658 Parthi
736 594 891 659 adversus
907 594 1117 682 improvisam
1128 593 1346 681 irruptionem

268 714 385 780 parum
405 693 623 781 providerant.
647 696 799 759 Occurrit
816 712 925 759 tamen
943 694 986 759 ad
1004 695 1121 759 lcbnas
1141 694 1197 782 (id
1215 698 1347 761 castello

269 814 391 857 nomen
416 794 485 882 est)
508 818 584 860 eum
605 796 717 885 paucis
741 797 908 884 equitibus
926 819 1014 860 unus
1031 820 1072 862 ex
1086 798 1277 887 purpuratis
1295 800 1346 863 Si-

269 893 373 977 laces3
397 896 568 985 victusque
595 920 730 986 prorsus
754 898 926 964 contendit
951 898 993 963 ad
1020 921 1153 988 regem,
1174 901 1347 989 presentia

270 1012 491 1061 nunilltttmls.

312 1098 433 1164 xvtll.
468 1100 602 1164 Interim
633 1100 769 1165 Crassus
795 1101 932 1189 impune
960 1100 1133 1188 diripiebat
1155 1101 1346 1190 Mesopota·

268 1198 385 1279 mium,
411 1200 619 1289 civitatesque
641 1218 676 1265 et
700 1202 828 1266 castella
853 1202 890 1264 in
917 1200 1119 1267 deditionem
1144 1203 1344 1291 accipiebat,

267 1299 419 1363 lubenter
434 1300 662 1369 deficientibus
678 1303 817 1385 Grascis,
836 1325 980 1391 quorum
993 1303 1040 1367 ibi
1053 1304 1241 1391 frequentes
1257 1305 1346 1369 colo

268 1400 337 1465 nias
356 1401 494 1491 Magnus
513 1404 711 1485 Alexander,
732 1419 767 1468 et
780 1419 894 1492 postea
913 1426 1116 1468 successores
1132 1405 1203 1484 ejus
1224 1406 1345 1469 consti·

268 1518 406 1568 tuerant.
419 1504 468 1569 llli
476 1553 486 1586 ,
495 1506 692 1571 Parthorum
703 1504 879 1593 imperium
890 1505 1027 1594 gravati,
1036 1526 1181 1592 quorum
1188 1503 1344 1570 dominos

268 1604 367 1669 fuisse
384 1606 521 1688 majores
540 1631 618 1673 suos
630 1606 817 1688 audierant,
833 1606 976 1694 auspicia
990 1607 1236 1686 Romanorum,
1255 1606 1343 1695 apud

268 1727 351 1793 quos
374 1708 408 1771 in
431 1710 536 1797 pretio
557 1710 690 1775 Graecos
713 1731 783 1772 esse
800 1722 937 1789 norant,
953 1706 1044 1770 haud
1057 1708 1215 1796 gravatim
1228 1730 1344 1797 seque·

268 1806 398 1873 bantur.
426 1811 645 1877 Zenodotium
669 1827 801 1892 tamen,
823 1810 917 1891 cujus
937 1825 1095 1898 tyrannm
1115 1824 1186 1873 erat
1204 1810 1343 1897 Apollo·

162 1928 170 1941 ·
269 1910 342 1973 nius
360 1909 373 1999 (
384 1912 563 1978 Osrhoenae
579 1934 617 1976 ea
632 1912 743 1977 civitas
759 1912 841 1991 fuit,
857 1910 1027 1976 Osrhoene
1039 1932 1139 2000 pom
1151 1911 1344 1999 pfflfmn

269 2009 553 2102 Mesopotamia),
584 2036 687 2102 quum
709 2012 875 2077 accivisset
894 2011 1081 2101 praesidium
1097 2014 1341 2093 Romanorum,

270 2129 402 2179 centum
417 2116 534 2181 milites
550 2116 689 2198 occidit,
704 2132 738 2180 et
753 2116 878 2181 obeam
889 2137 1008 2179 noxam
1020 2113 1186 2203 dbeptum
1199 2130 1269 2197 est,
1282 2138 1342 2203 up-

270 2213 381 2301 pidani
392 2217 455 2281 sub
468 2217 561 2282 hasta
572 2216 715 2282 venditi:
728 2218 863 2283 Crassus
874 2220 1045 2305 inperator
1055 2217 1245 2304 appellem.
1255 2218 1288 2280 ls
1300 2216 1342 2280 ob

267 2332 400 2389 restam
418 2318 549 2409 exiguas
564 2318 683 2407 cupide
702 2334 855 2407 acceptus
872 2318 1001 2398 bonor,
1019 2318 1111 2382 valde
1127 2318 1341 2382 existimatio·

266 2440 342 2482 nem
358 2419 428 2500 ejus
442 2420 486 2486 im
491 2421 626 2504 minuit,
642 2420 736 2510 quasi
749 2420 975 2510 desperatione
993 2422 1154 2502 majorum
1168 2442 1209 2485 ex
1220 2420 1340 2485 levium

269 2537 436 2609 gestorum
452 2545 606 2588 successu
620 2545 770 2588 summos
785 2521 920 2610 adipisci
932 2523 1076 2587 bonores
1091 2537 1295 2611 propemet.

311 2625 401 2688 xlx.
424 2625 494 2690 Nec
516 2625 604 2689 enim
626 2624 808 2714 quidquam
832 2640 987 2711 praeterea
1007 2639 1182 2688 omentum
1203 2639 1264 2686 aut
1281 2622 1339 2686 bo-

266 2724 338 2789 stile
354 2742 424 2792 tcta
441 2749 479 2790 ea
494 2726 658 2816 expeditio
679 2727 815 2808 babuit,
831 2742 949 2814 sponte
963 2724 1005 2788 ad
1019 2746 1099 2789 eum
1115 2721 1339 2788 deficientibus

266 2825 388 2894 multis,
409 2827 525 2916 Neque
544 2827 776 2910 dubitabatur,
794 2828 876 2916 quin
897 2849 1054 2918 magnam
1074 2847 1182 2915 opem
1197 2828 1338 2914 pretium

263 2926 410 3011 fecisset,
434 2931 462 2994 si
487 2929 605 2995 eodem
624 2930 751 3019 impetu
771 2930 858 2994 inter
880 2945 1039 2993 tenorem
1063 2928 1284 2992 barbarorum
1301 2925 1337 2992 ad

263 3031 463 3120 Babylonem
476 3050 511 3098 et
522 3033 718 3114 Seleuciam,
732 3031 832 3096 urbes
845 3053 1017 3118 nunqtmm
1034 3029 1189 3094 diutuma
1204 3027 1273 3094 fide
1286 3053 1337 3119 pa·

266 3149 351 3198 catas
365 3135 511 3218 Parthis,
531 3135 623 3225 signa
641 3157 778 3199 romana
795 3132 1020 3221 promovisset.
1036 3128 1103 3195 Sed
1116 3129 1189 3211 ille,
1204 3147 1336 3194 conteu-

264 3249 317 3297 tus
338 3251 455 3322 sponte
470 3236 604 3317 oblatis,
625 3257 667 3300 ne
687 3234 741 3300 illa
761 3233 895 3322 quidem
913 3233 1017 3313 tueri,
1036 3254 1097 3320 pro
1113 3231 1335 3321 magnitudine

263 3337 419 3424 periculi,
438 3361 524 3402 curas
538 3337 665 3403 habuit.
682 3339 814 3427 Septem
831 3335 974 3400 millibus
987 3333 1154 3424 peditum,
1173 3333 1335 3422 equitibus

265 3437 352 3501 mille
371 3461 431 3526 per
450 3438 598 3526 praesidia
614 3439 816 3522 distributis,
830 3437 1011 3504 recessitis
1023 3436 1167 3524 Syriam,
1181 3437 1335 3526 spatium·

266 3561 331 3628 que
347 3538 439 3606 dedit
456 3542 544 3608 hosti
557 3541 766 3632 comparandi
781 3565 869 3624 sese,
889 3557 922 3606 et
937 3536 1151 3628 recuperandi
1164 3539 1293 3602 amissa

308 3643 382 3708 XX.
406 3642 457 3708 Ne
474 3645 572 3710 armis
595 3643 729 3734 quidem
751 3643 917 3734 parandis,
942 3659 1001 3706 aut
1024 3638 1209 3706 exercendo
1234 3639 1332 3704 milite

264 3747 468 3836 consumpsit
481 3746 697 3812 hibemomm
714 3763 861 3836 tempus3
877 3745 934 3810 sed
948 3744 1095 3834 pecuniae
1111 3741 1266 3832 cogendas
1282 3741 1330 3804 in·

297 3969 414 4036 sxvtt.
427 3971 493 4021 utor.
508 3972 560 4030 nt,
574 3986 614 4018 tt.
632 3995 666 4007 -
683 3967 741 4016 nto.
755 3995 790 4006 -
808 3967 876 4016 rtur.
890 3994 925 4005 .-
937 3969 1009 4015 0102.
1019 3965 1070 4023 vt,
1093 3967 1132 4012 1³.
1153 3989 1189 4000 -
1207 3960 1223 4027 ς
1240 3959 1327 4007 xvnr.

271 4052 336 4102 Plut.
356 4082 391 4092 -
410 4054 496 4104 Cellar.
514 4056 605 4120 Geogr.
624 4055 700 4118 antiq.
714 4051 759 4102 lib.
773 4055 831 4112 111,
847 4067 901 4117 cap.
916 4052 955 4100 15.
976 4075 1013 4090 -
1032 4050 1089 4098 nto.
1111 4075 1147 4086 -
1162 4046 1178 4112 s
1192 4047 1263 4094 m.
1275 4044 1326 4091 nio.

264 4163 298 4176 ·-
317 4137 381 4186 Plut.
