2875 4900
252 369 342 462 '704'
436 369 504 436 JO.
533 365 871 434 FREINSl‘lEblll
904 357 1149 438 SUPPLEM.

261 509 448 578 quanquam
463 487 650 553 eurumdem
668 490 807 576 partium
822 506 924 571 esset,
938 489 1074 554 exclusit
1088 492 1273 580 provincia,
1287 517 1327 557 ne

147 577 151 586 i
259 591 360 655 lilium
372 589 504 678 quidem
520 589 702 654 valetudine
711 589 866 653 affectum
877 612 1057 678 exponere,
1069 591 1125 655 sed
1137 613 1201 656 nec
1212 616 1326 680 aquarn

259 693 389 757 haurire
412 713 536 779 passus.
563 693 671 779 Atque
690 691 751 755 iste
770 691 904 778 quidem
921 693 1026 756 Varus
1041 692 1242 781 provinciam
1259 719 1326 760 eam

260 796 350 882 prius
373 815 412 858 ex
432 812 569 881 praetura
591 793 795 872 obtinuerat3
819 815 886 879 quo
900 793 1027 857 facilius
1046 794 1076 856 ei
1097 794 1178 876 fnit,
1196 814 1328 884 propter

261 895 431 957 bominum
458 894 674 980 locorumque
702 894 872 975 notitiam,
898 894 1043 959 delectus
1068 917 1185 983 agere,
1212 914 1246 961 et
1270 898 1328 962 alia

261 995 389 1059 tuendae
406 995 579 1082 provinciae
598 1015 721 1081 parare.
735 995 840 1084 Igitur
854 995 934 1059 duas
949 997 1017 1077 jam
1029 997 1172 1086 legiones
1190 998 1330 1064 babebat

260 1096 322 1158 snb
340 1095 439 1184 signis
459 1117 467 1158 :
487 1115 548 1157 nec
566 1095 674 1158 minus
692 1096 870 1182 reponebat
885 1098 953 1184 spei
974 1099 1009 1161 in
1025 1098 1131 1162 Mauri
1148 1100 1236 1188 regis
1249 1103 1330 1164 arni·

261 1195 353 1277 ciria,
370 1196 423 1260 cui
438 1191 631 1258 transilitum
645 1217 665 1258 a
681 1211 771 1284 patre
782 1197 965 1285 Hiempsale
978 1214 1046 1262 erat
1059 1199 1241 1286 hospitium
1256 1225 1330 1266 cum

263 1299 436 1385 Pompeio,
453 1311 486 1358 et
506 1296 736 1360 maximarum
756 1298 901 1361 Curione
915 1297 1077 1379 simultas,
1094 1300 1152 1386 qui
1170 1299 1206 1363 in
1224 1302 1331 1366 tribu·
1384 1330 1388 1340 ·

260 1416 338 1462 natu
352 1399 456 1488 legem
472 1397 513 1462 de
529 1397 728 1485 publicando
744 1398 835 1461 Jubae
850 1421 952 1488 regno
967 1400 1239 1488 promulgaverat.

303 1501 401 1563 LVII.
424 1497 587 1563 Adversus
610 1499 670 1562 bos
690 1497 771 1562 duas
793 1499 937 1588 legiones
956 1501 1059 1564 Curio
1080 1505 1330 1590 transportavit,

259 1615 292 1664 et
307 1600 505 1686 quingentos
527 1600 668 1686 equites,
685 1599 822 1664 naribus
839 1601 944 1689 longis
960 1599 1153 1683 duodecim,
1170 1617 1205 1666 et
1220 1607 1331 1670 multis

259 1700 423 1764 onerariis.
437 1699 487 1765 Ad
497 1701 595 1780 hujus
612 1700 719 1764 classis
732 1717 944 1788 conspectum
956 1703 991 1765 L.
1006 1703 1113 1765 Cesar
1125 1703 1330 1788 adolescens,

259 1803 316 1890 qui
342 1801 383 1866 ad
413 1801 570 1890 Clupeam
594 1799 772 1865 adventum
799 1801 1002 1864 lulianorum
1032 1825 1108 1865 cum
1136 1802 1251 1868 decern
1277 1829 1330 1870 ro·

185 1911 187 1916 ’
261 1905 366 1968 stratis
387 1903 636 1992 opperiebatur,
656 1900 867 1965 multitudine
884 1903 1032 1965 velorum
1051 1903 1204 1984 territus,
1220 1905 1331 1968 Adru-

259 2023 383 2072 metum
407 2005 557 2094 perfugit.
579 2005 679 2068 Curio
697 2019 814 2092 praeter
831 2003 959 2067 Utieem
981 2002 1022 2066 ad
1039 2002 1163 2066 flumen
1186 2005 1330 2094 bagrada

259 2129 462 2198 progressus,
480 2105 689 2170 exscensione
704 2107 807 2185 facta,
823 2122 924 2168 eastra
941 2105 1035 2168 locat.
1056 2103 1140 2168 lnde
1154 2104 1196 2168 ad
1214 2109 1328 2196 explo-

257 2209 358 2274 randa
380 2223 481 2272 castra
502 2207 653 2270 Cornelia
669 2205 892 2293 (nobilitatem
907 2227 1095 2293 nomenque
1113 2208 1188 2271 loco
1207 2210 1328 2295 prioris

258 2309 400 2376 Africani
427 2305 588 2396 expeditio
614 2307 755 2394 fecerat)
780 2329 857 2374 cum
883 2307 1029 2394 equitatu
1048 2308 1176 2396 pergit;
1201 2310 1329 2398 levique

258 2410 369 2499 praelio
387 2409 480 2474 victis
498 2405 668 2489 Numidis,
687 2409 763 2497 qui,
782 2424 943 2482 uttutum
961 2409 1141 2499 agrestibus
1158 2428 1328 2500 receptum

257 2504 419 2593 licerent,
438 2534 477 2575 ex
493 2511 604 2573 castris
621 2510 696 2573 Vari
714 2509 837 2599 oppido
854 2510 1036 2589 conjunctis
1050 2528 1281 2593 excurrerant,
1298 2529 1329 2575 et

257 2614 398 2677 adventu
423 2613 594 2701 longarum
620 2613 752 2675 navium
778 2610 950 2690 audacior,
972 2613 1166 2699 pronuntiat
1189 2615 1326 2677 navibus

257 2715 431 2797 onerariis,
448 2736 520 2803 quae
534 2734 673 2777 numero
685 2714 813 2777 circiter
825 2712 973 2775 ducentae
986 2712 1116 2776 stabant
1127 2713 1169 2778 ad
1180 2715 1325 2793 Uticam,

252 2838 312 2903 pro
322 2816 460 2879 hostibus
471 2837 504 2877 se
514 2813 707 2893 habitarum,
718 2816 776 2903 qui
786 2836 850 2876 non
860 2812 1016 2902 extenplo
1027 2836 1152 2879 cuniam
1162 2816 1212 2878 ad
1219 2832 1327 2881 castra

259 2918 404 2984 Cornelia
422 2918 595 2980 direxisset.

299 3019 415 3083 LVlll.
441 3017 627 3104 Obsequuti
640 3033 717 3080 sunt
732 3017 894 3097 universi,
911 3016 1154 3104 exercitumque
1172 3016 1325 3081 Curionis

257 3124 405 3187 omnium
421 3142 531 3185 rerum
548 3120 641 3207 copia
654 3119 871 3207 repleverunt.
891 3118 970 3182 Mox
984 3119 1104 3182 iterum
1120 3118 1153 3181 in
1169 3134 1274 3182 eastra
1284 3117 1325 3181 ad

257 3223 430 3314 brgradant
446 3245 479 3285 se
495 3222 617 3309 recepit
638 3220 758 3302 Curio,
779 3219 855 3306 quia
873 3218 1061 3299 adversarii,
1083 3234 1185 3282 cestra
1201 3220 1325 3282 Corne-

256 3326 297 3391 lia
309 3321 544 3412 occupaturum
557 3320 708 3409 suspecti,
721 3342 819 3407 aquas
830 3340 958 3383 veneno
970 3319 1151 3383 infecerant
1161 3341 1170 3398 ;
1182 3333 1215 3381 et
1224 3319 1327 3382 atela-

256 3426 398 3491 matione
419 3424 518 3488 totius
542 3422 700 3486 exercitus
717 3420 896 3508 appellatus
914 3421 1105 3507 imperator,
1125 3435 1260 3507 postero
1273 3419 1326 3483 die

256 3540 366 3593 movet
386 3526 530 3603 Uticam,
554 3540 586 3587 et
609 3538 709 3587 castra
733 3544 836 3610 prope
858 3520 1014 3609 oppidum
1038 3520 1142 3607 ponit.
1168 3519 1325 3585 Nondum

255 3630 405 3720 perlectis
428 3626 599 3714 operibns,
628 3622 664 3687 lit
689 3622 825 3703 certior,
851 3620 962 3685 adesse
984 3642 1102 3709 magna
1128 3620 1220 3683 lube
1241 3619 1325 3708 regis

255 3730 391 3810 auxilia,
416 3726 608 3813 Uticamque
629 3724 699 3788 sine
718 3724 837 3787 timore
859 3743 993 3813 pergere
1014 3744 1022 3787 ε
1042 3722 1144 3811 igitur
1161 3722 1324 3809 equitibus

291 3970 307 4035 s
327 3970 390 4017 LVI.
401 3965 459 4015 Dio.
469 3992 503 4003 -
510 3967 611 4013 Sueton.
624 3964 650 4011 in
661 3965 723 4011 Can.
736 3987 771 3999 -
783 3960 892 4025 Applau.
906 3988 941 3999 -
948 3962 1011 4010 Ceo
1020 3962 1049 4009 Β.
1060 3960 1115 4008 Cir.
1123 3959 1167 4009 lib.
1179 3962 1191 4007 l
1204 3971 1229 4007 et
1243 3961 1275 4007 n.
1289 3985 1323 3995 -

257 4052 309 4101 Cio.
321 4065 368 4116 pro
379 4049 463 4113 Liger.
478 4064 489 4094 r
502 4059 526 4096 et
535 4046 576 4108 76.
586 4074 620 4084 -
627 4048 699 4095 Oros.
706 4073 741 4081 —-
751 4046 803 4091 Lir.
812 4044 878 4108 llpit.
889 4070 924 4081 -
931 4046 1023 4093 Lucan.
1037 4043 1083 4102 Π,
1095 4044 1156 4091 666.
1186 4070 1200 4081 ·
1219 4042 1236 4107 s
1249 4042 1323 4089 LVII.

255 4133 362 4199 Appian.
376 4160 411 4169 —
424 4132 485 4180 css.
497 4158 531 4167 -
542 4130 599 4179 Dio.
611 4156 647 4167 ·-·
658 4132 748 4177 Lucan.
762 4128 811 4190 IV,
822 4126 882 4174 655.
