<?xml version="1.0" encoding="UTF-8"?>
<!DOCTYPE html PUBLIC "-//W3C//DTD XHTML 1.0 Transitional//EN"
    "http://www.w3.org/TR/xhtml1/DTD/xhtml1-transitional.dtd">
<html xmlns="http://www.w3.org/1999/xhtml" xml:lang="en" lang="en">
 <head>
  <title>
</title>
<meta http-equiv="Content-Type" content="text/html;charset=utf-8" />
  <meta name='ocr-system' content='tesseract 3.04.00' />
  <meta name='ocr-capabilities' content='ocr_page ocr_carea ocr_par ocr_line ocrx_word'/>
</head>
<body>
  <div class='ocr_page' id='page_1' title='image "bibliothecaclas116lemagoog_0529.png"; bbox 0 0 2875 4900; ppageno 0'>
   <div class='ocr_carea' id='block_1_1' title="bbox 179 366 1146 467">
    <p class='ocr_par' dir='ltr' id='par_1_1' title="bbox 179 366 1146 467">
     <span class='ocr_line' id='line_1_1' title="bbox 179 366 1146 467; baseline 0.014 -40"><span class='ocrx_word' id='word_1_1' title='bbox 179 422 183 427; x_wconf 88' lang='lat'>.</span> <span class='ocrx_word' id='word_1_2' title='bbox 276 366 959 441; x_wconf 79' lang='lat' dir='ltr'>INLOG.LIB.CIVL1V1AN1.</span> <span class='ocrx_word' id='word_1_3' title='bbox 1077 370 1146 467; x_wconf 73' lang='lat'>519</span> 
     </span>
    </p>
   </div>
   <div class='ocr_carea' id='block_1_2' title="bbox 93 488 1223 3906">
    <p class='ocr_par' dir='ltr' id='par_1_2' title="bbox 94 488 1150 1385">
     <span class='ocr_line' id='line_1_2' title="bbox 95 488 1147 577; baseline 0.006 -26"><span class='ocrx_word' id='word_1_4' title='bbox 95 510 167 575; x_wconf 88' lang='lat' dir='ltr'>quas</span> <span class='ocrx_word' id='word_1_5' title='bbox 190 488 257 568; x_wconf 80' lang='lat' dir='ltr'>ejus</span> <span class='ocrx_word' id='word_1_6' title='bbox 281 490 395 577; x_wconf 91' lang='lat' dir='ltr'>populi</span> <span class='ocrx_word' id='word_1_7' title='bbox 419 491 553 555; x_wconf 89' lang='lat' dir='ltr'>nomine</span> <span class='ocrx_word' id='word_1_8' title='bbox 575 490 737 556; x_wconf 87' lang='lat' dir='ltr'><strong>nihildum</strong></span> <span class='ocrx_word' id='word_1_9' title='bbox 763 508 887 557; x_wconf 89' lang='lat' dir='ltr'>mutato</span> <span class='ocrx_word' id='word_1_10' title='bbox 912 491 987 556; x_wconf 87' lang='lat' dir='ltr'>satis</span> <span class='ocrx_word' id='word_1_11' title='bbox 1010 494 1147 559; x_wconf 87' lang='lat' dir='ltr'>demon·</span> 
     </span>
     <span class='ocr_line' id='line_1_3' title="bbox 95 590 1147 677; baseline 0.004 -24"><span class='ocrx_word' id='word_1_12' title='bbox 95 606 175 653; x_wconf 89' lang='lat' dir='ltr'>strat.</span> <span class='ocrx_word' id='word_1_13' title='bbox 193 592 251 655; x_wconf 88' lang='lat' dir='ltr'>His</span> <span class='ocrx_word' id='word_1_14' title='bbox 273 591 349 677; x_wconf 90' lang='lat' dir='ltr'>quia</span> <span class='ocrx_word' id='word_1_15' title='bbox 373 590 503 656; x_wconf 89' lang='lat' dir='ltr'>finitimi</span> <span class='ocrx_word' id='word_1_16' title='bbox 522 593 657 657; x_wconf 87' lang='lat' dir='ltr'>fuerunt</span> <span class='ocrx_word' id='word_1_17' title='bbox 677 593 839 672; x_wconf 82' lang='lat' dir='ltr'>Lemovii,</span> <span class='ocrx_word' id='word_1_18' title='bbox 860 593 1057 657; x_wconf 72' lang='lat' dir='ltr'>pomeraniae</span> <span class='ocrx_word' id='word_1_19' title='bbox 1080 594 1147 657; x_wconf 84' lang='lat' dir='ltr'>cui·</span> 
     </span>
     <span class='ocr_line' id='line_1_4' title="bbox 94 691 1146 780; baseline 0.004 -27"><span class='ocrx_word' id='word_1_20' title='bbox 94 707 173 754; x_wconf 89' lang='lat' dir='ltr'>tores</span> <span class='ocrx_word' id='word_1_21' title='bbox 188 692 305 775; x_wconf 84' lang='lat' dir='ltr'>fuisse,</span> <span class='ocrx_word' id='word_1_22' title='bbox 320 716 388 755; x_wconf 91' lang='lat' dir='ltr'>non</span> <span class='ocrx_word' id='word_1_23' title='bbox 409 691 571 758; x_wconf 89' lang='lat' dir='ltr'>immerito</span> <span class='ocrx_word' id='word_1_24' title='bbox 587 693 660 780; x_wconf 91' lang='lat' dir='ltr'>quis</span> <span class='ocrx_word' id='word_1_25' title='bbox 676 694 859 759; x_wconf 85' lang='lat' dir='ltr'>arbitretur.</span> <span class='ocrx_word' id='word_1_26' title='bbox 881 696 1049 758; x_wconf 82' lang='lat' dir='ltr'>Extremus</span> <span class='ocrx_word' id='word_1_27' title='bbox 1065 696 1146 759; x_wconf 88' lang='lat' dir='ltr'>Sue·</span> 
     </span>
     <span class='ocr_line' id='line_1_5' title="bbox 94 794 1147 884; baseline 0.008 -31"><span class='ocrx_word' id='word_1_28' title='bbox 94 814 202 855; x_wconf 81' lang='lat' dir='ltr'>rorum</span> <span class='ocrx_word' id='word_1_29' title='bbox 214 794 248 857; x_wconf 88' lang='lat' dir='ltr'>in</span> <span class='ocrx_word' id='word_1_30' title='bbox 262 796 333 882; x_wconf 87' lang='lat' dir='ltr'>ipso</span> <span class='ocrx_word' id='word_1_31' title='bbox 349 794 480 859; x_wconf 82' lang='lat' dir='ltr'>Oceano</span> <span class='ocrx_word' id='word_1_32' title='bbox 495 796 608 862; x_wconf 76' lang='lat' dir='ltr'><strong>statuit</strong></span> <span class='ocrx_word' id='word_1_33' title='bbox 622 796 759 861; x_wconf 80' lang='lat' dir='ltr'>Suionas</span> <span class='ocrx_word' id='word_1_34' title='bbox 773 797 921 878; x_wconf 87' lang='lat' dir='ltr'>Tacitus,</span> <span class='ocrx_word' id='word_1_35' title='bbox 933 798 1147 884; x_wconf 86' lang='lat' dir='ltr'>Sitonnmqne</span> 
     </span>
     <span class='ocr_line' id='line_1_6' title="bbox 94 896 1149 986; baseline 0.008 -31"><span class='ocrx_word' id='word_1_36' title='bbox 94 910 215 979; x_wconf 79' lang='lat' dir='ltr'><strong>gentes,</strong></span> <span class='ocrx_word' id='word_1_37' title='bbox 234 918 376 982; x_wconf 89' lang='lat' dir='ltr'>quorum</span> <span class='ocrx_word' id='word_1_38' title='bbox 396 896 444 959; x_wconf 90' lang='lat' dir='ltr'>illi</span> <span class='ocrx_word' id='word_1_39' title='bbox 464 918 586 961; x_wconf 89' lang='lat' dir='ltr'>nomen</span> <span class='ocrx_word' id='word_1_40' title='bbox 605 914 702 984; x_wconf 86' lang='lat' dir='ltr'>atque</span> <span class='ocrx_word' id='word_1_41' title='bbox 716 899 896 985; x_wconf 84' lang='lat' dir='ltr'>potentiam</span> <span class='ocrx_word' id='word_1_42' title='bbox 912 899 1077 986; x_wconf 86' lang='lat' dir='ltr'>antiquam</span> <span class='ocrx_word' id='word_1_43' title='bbox 1092 899 1149 963; x_wconf 92' lang='lat' dir='ltr'>ho·</span> 
     </span>
     <span class='ocr_line' id='line_1_7' title="bbox 95 992 1150 1085; baseline 0.007 -30"><span class='ocrx_word' id='word_1_44' title='bbox 95 992 204 1081; x_wconf 77' lang='lat' dir='ltr'>(licque</span> <span class='ocrx_word' id='word_1_45' title='bbox 219 996 380 1080; x_wconf 68' lang='lat' dir='ltr'>retinent,</span> <span class='ocrx_word' id='word_1_46' title='bbox 396 1018 547 1061; x_wconf 80' lang='lat' dir='ltr'>sermone</span> <span class='ocrx_word' id='word_1_47' title='bbox 560 998 673 1078; x_wconf 86' lang='lat' dir='ltr'>etiam,</span> <span class='ocrx_word' id='word_1_48' title='bbox 689 1000 766 1085; x_wconf 86' lang='lat' dir='ltr'>quia</span> <span class='ocrx_word' id='word_1_49' title='bbox 780 1014 948 1085; x_wconf 83' lang='lat' dir='ltr'>penetrare</span> <span class='ocrx_word' id='word_1_50' title='bbox 960 1022 999 1063; x_wconf 90' lang='lat' dir='ltr'>eo</span> <span class='ocrx_word' id='word_1_51' title='bbox 1011 1000 1150 1063; x_wconf 82' lang='lat' dir='ltr'>Romani</span> 
     </span>
     <span class='ocr_line' id='line_1_8' title="bbox 94 1095 1150 1187; baseline 0.004 -31"><span class='ocrx_word' id='word_1_52' title='bbox 94 1095 204 1182; x_wconf 87' lang='lat' dir='ltr'>aliique</span> <span class='ocrx_word' id='word_1_53' title='bbox 227 1097 352 1161; x_wconf 84' lang='lat' dir='ltr'>externi</span> <span class='ocrx_word' id='word_1_54' title='bbox 374 1120 442 1161; x_wconf 89' lang='lat' dir='ltr'>non</span> <span class='ocrx_word' id='word_1_55' title='bbox 465 1113 674 1186; x_wconf 90' lang='lat' dir='ltr'>potuerumt,</span> <span class='ocrx_word' id='word_1_56' title='bbox 690 1099 825 1187; x_wconf 88' lang='lat' dir='ltr'>propius</span> <span class='ocrx_word' id='word_1_57' title='bbox 842 1098 1012 1163; x_wconf 84' lang='lat' dir='ltr'>accedente</span> <span class='ocrx_word' id='word_1_58' title='bbox 1034 1098 1075 1162; x_wconf 91' lang='lat' dir='ltr'>ad</span> <span class='ocrx_word' id='word_1_59' title='bbox 1094 1121 1150 1161; x_wconf 85' lang='lat' dir='ltr'>ve-</span> 
     </span>
     <span class='ocr_line' id='line_1_9' title="bbox 96 1198 1150 1287; baseline 0.004 -30"><span class='ocrx_word' id='word_1_60' title='bbox 96 1210 206 1279; x_wconf 81' lang='lat' dir='ltr'>terem,</span> <span class='ocrx_word' id='word_1_61' title='bbox 222 1216 261 1263; x_wconf 91' lang='lat' dir='ltr'>ut</span> <span class='ocrx_word' id='word_1_62' title='bbox 280 1220 320 1261; x_wconf 86' lang='lat' dir='ltr'>ex</span> <span class='ocrx_word' id='word_1_63' title='bbox 338 1198 570 1286; x_wconf 87' lang='lat' dir='ltr'>antiquissimis</span> <span class='ocrx_word' id='word_1_64' title='bbox 591 1198 813 1263; x_wconf 73' lang='lat' dir='ltr'>monumentis</span> <span class='ocrx_word' id='word_1_65' title='bbox 829 1199 1018 1287; x_wconf 72' lang='lat' dir='ltr'>germanicae</span> <span class='ocrx_word' id='word_1_66' title='bbox 1033 1198 1150 1287; x_wconf 71' lang='lat' dir='ltr'>linguae</span> 
     </span>
     <span class='ocr_line' id='line_1_10' title="bbox 96 1298 414 1385; baseline 0.016 -29"><span class='ocrx_word' id='word_1_67' title='bbox 96 1310 179 1358; x_wconf 88' lang='lat' dir='ltr'>certo</span> <span class='ocrx_word' id='word_1_68' title='bbox 195 1298 414 1385; x_wconf 84' lang='lat' dir='ltr'>cognoscitur.</span> 
     </span>
    </p>

    <p class='ocr_par' dir='ltr' id='par_1_3' title="bbox 94 1396 1223 2696">
     <span class='ocr_line' id='line_1_11' title="bbox 133 1396 1150 1488; baseline 0.003 -29"><span class='ocrx_word' id='word_1_69' title='bbox 133 1396 221 1460; x_wconf 82' lang='lat' dir='ltr'>XXI.</span> <span class='ocrx_word' id='word_1_70' title='bbox 241 1398 368 1463; x_wconf 82' lang='lat' dir='ltr'>Sitones</span> <span class='ocrx_word' id='word_1_71' title='bbox 376 1398 570 1488; x_wconf 81' lang='lat' dir='ltr'>Norvegiam</span> <span class='ocrx_word' id='word_1_72' title='bbox 579 1398 757 1486; x_wconf 88' lang='lat' dir='ltr'>possedisse</span> <span class='ocrx_word' id='word_1_73' title='bbox 766 1417 959 1487; x_wconf 88' lang='lat' dir='ltr'>argumento</span> <span class='ocrx_word' id='word_1_74' title='bbox 973 1415 1042 1479; x_wconf 87' lang='lat' dir='ltr'>est,</span> <span class='ocrx_word' id='word_1_75' title='bbox 1060 1398 1150 1486; x_wconf 91' lang='lat' dir='ltr'>quod</span> 
     </span>
     <span class='ocr_line' id='line_1_12' title="bbox 97 1495 1151 1589; baseline 0.006 -32"><span class='ocrx_word' id='word_1_76' title='bbox 97 1495 270 1561; x_wconf 90' lang='lat' dir='ltr'>Suionibus</span> <span class='ocrx_word' id='word_1_77' title='bbox 291 1499 410 1563; x_wconf 83' lang='lat' dir='ltr'>similes</span> <span class='ocrx_word' id='word_1_78' title='bbox 428 1500 641 1589; x_wconf 86' lang='lat' dir='ltr'>contiguique</span> <span class='ocrx_word' id='word_1_79' title='bbox 657 1499 843 1580; x_wconf 81' lang='lat' dir='ltr'>tradantur3</span> <span class='ocrx_word' id='word_1_80' title='bbox 866 1524 903 1563; x_wconf 88' lang='lat' dir='ltr'>ac</span> <span class='ocrx_word' id='word_1_81' title='bbox 926 1499 1013 1588; x_wconf 90' lang='lat' dir='ltr'>apud</span> <span class='ocrx_word' id='word_1_82' title='bbox 1030 1522 1085 1564; x_wconf 89' lang='lat' dir='ltr'>eos</span> <span class='ocrx_word' id='word_1_83' title='bbox 1102 1500 1151 1563; x_wconf 84' lang='lat' dir='ltr'>vi·</span> 
     </span>
     <span class='ocr_line' id='line_1_13' title="bbox 95 1594 1152 1689; baseline 0.005 -31"><span class='ocrx_word' id='word_1_84' title='bbox 95 1594 204 1660; x_wconf 88' lang='lat' dir='ltr'>deatur</span> <span class='ocrx_word' id='word_1_85' title='bbox 216 1614 310 1663; x_wconf 84' lang='lat' dir='ltr'>aetate</span> <span class='ocrx_word' id='word_1_86' title='bbox 324 1600 426 1663; x_wconf 86' lang='lat' dir='ltr'>Taciti</span> <span class='ocrx_word' id='word_1_87' title='bbox 444 1622 594 1689; x_wconf 73' lang='lat' dir='ltr'>regnasse</span> <span class='ocrx_word' id='word_1_88' title='bbox 611 1622 704 1665; x_wconf 86' lang='lat' dir='ltr'>soror</span> <span class='ocrx_word' id='word_1_89' title='bbox 719 1598 922 1681; x_wconf 86' lang='lat' dir='ltr'>Hasmundi,</span> <span class='ocrx_word' id='word_1_90' title='bbox 936 1601 1043 1665; x_wconf 88' lang='lat' dir='ltr'>minor</span> <span class='ocrx_word' id='word_1_91' title='bbox 1059 1600 1152 1664; x_wconf 87' lang='lat' dir='ltr'>annis</span> 
     </span>
     <span class='ocr_line' id='line_1_14' title="bbox 94 1696 1153 1789; baseline 0.008 -33"><span class='ocrx_word' id='word_1_92' title='bbox 94 1696 202 1779; x_wconf 82' lang='lat' dir='ltr'>fratre,</span> <span class='ocrx_word' id='word_1_93' title='bbox 216 1697 276 1762; x_wconf 91' lang='lat' dir='ltr'>sed</span> <span class='ocrx_word' id='word_1_94' title='bbox 287 1698 420 1763; x_wconf 91' lang='lat' dir='ltr'>audacia</span> <span class='ocrx_word' id='word_1_95' title='bbox 432 1701 602 1788; x_wconf 88' lang='lat' dir='ltr'>superior:</span> <span class='ocrx_word' id='word_1_96' title='bbox 618 1723 680 1765; x_wconf 89' lang='lat' dir='ltr'>nec</span> <span class='ocrx_word' id='word_1_97' title='bbox 693 1702 797 1765; x_wconf 89' lang='lat' dir='ltr'>multo</span> <span class='ocrx_word' id='word_1_98' title='bbox 809 1718 883 1789; x_wconf 88' lang='lat' dir='ltr'>post</span> <span class='ocrx_word' id='word_1_99' title='bbox 895 1702 991 1766; x_wconf 88' lang='lat' dir='ltr'>Sticla</span> <span class='ocrx_word' id='word_1_100' title='bbox 1007 1717 1040 1765; x_wconf 90' lang='lat' dir='ltr'>et</span> <span class='ocrx_word' id='word_1_101' title='bbox 1050 1704 1153 1766; x_wconf 84' lang='lat' dir='ltr'>Russa</span> 
     </span>
     <span class='ocr_line' id='line_1_15' title="bbox 95 1795 1153 1890; baseline 0.008 -33"><span class='ocrx_word' id='word_1_102' title='bbox 95 1795 247 1885; x_wconf 84' lang='lat' dir='ltr'>virgines,</span> <span class='ocrx_word' id='word_1_103' title='bbox 266 1822 342 1864; x_wconf 88' lang='lat' dir='ltr'>curn</span> <span class='ocrx_word' id='word_1_104' title='bbox 360 1799 492 1864; x_wconf 86' lang='lat' dir='ltr'>Trando</span> <span class='ocrx_word' id='word_1_105' title='bbox 510 1801 609 1864; x_wconf 88' lang='lat' dir='ltr'>fratre</span> <span class='ocrx_word' id='word_1_106' title='bbox 626 1800 805 1865; x_wconf 87' lang='lat' dir='ltr'>diutissime</span> <span class='ocrx_word' id='word_1_107' title='bbox 826 1800 868 1865; x_wconf 91' lang='lat' dir='ltr'>de</span> <span class='ocrx_word' id='word_1_108' title='bbox 888 1824 989 1890; x_wconf 87' lang='lat' dir='ltr'>regno</span> <span class='ocrx_word' id='word_1_109' title='bbox 1011 1818 1153 1865; x_wconf 82' lang='lat' dir='ltr'>certave-</span> 
     </span>
     <span class='ocr_line' id='line_1_16' title="bbox 94 1899 1152 1988; baseline 0.006 -29"><span class='ocrx_word' id='word_1_110' title='bbox 94 1914 176 1963; x_wconf 81' lang='lat' dir='ltr'>runt</span> <span class='ocrx_word' id='word_1_111' title='bbox 197 1900 273 1983; x_wconf 89' lang='lat' dir='ltr'>Qua</span> <span class='ocrx_word' id='word_1_112' title='bbox 291 1916 400 1963; x_wconf 89' lang='lat' dir='ltr'>tamen</span> <span class='ocrx_word' id='word_1_113' title='bbox 418 1922 453 1964; x_wconf 91' lang='lat' dir='ltr'>re</span> <span class='ocrx_word' id='word_1_114' title='bbox 471 1899 627 1988; x_wconf 83' lang='lat' dir='ltr'>distingui</span> <span class='ocrx_word' id='word_1_115' title='bbox 640 1924 659 1963; x_wconf 92' lang='lat' dir='ltr'>a</span> <span class='ocrx_word' id='word_1_116' title='bbox 670 1901 849 1965; x_wconf 86' lang='lat' dir='ltr'>Suionibus</span> <span class='ocrx_word' id='word_1_117' title='bbox 866 1922 933 1966; x_wconf 89' lang='lat' dir='ltr'>non</span> <span class='ocrx_word' id='word_1_118' title='bbox 948 1899 1152 1965; x_wconf 85' lang='lat' dir='ltr'>debuerunt:</span> 
     </span>
     <span class='ocr_line' id='line_1_17' title="bbox 95 1999 1153 2089; baseline 0.004 -30"><span class='ocrx_word' id='word_1_119' title='bbox 95 2019 165 2063; x_wconf 87' lang='lat' dir='ltr'>narn</span> <span class='ocrx_word' id='word_1_120' title='bbox 182 2018 217 2065; x_wconf 89' lang='lat' dir='ltr'>et</span> <span class='ocrx_word' id='word_1_121' title='bbox 238 1999 325 2087; x_wconf 92' lang='lat' dir='ltr'>apud</span> <span class='ocrx_word' id='word_1_122' title='bbox 346 2000 417 2063; x_wconf 93' lang='lat' dir='ltr'>illos</span> <span class='ocrx_word' id='word_1_123' title='bbox 437 2001 618 2087; x_wconf 86' lang='lat' dir='ltr'>antiquitus</span> <span class='ocrx_word' id='word_1_124' title='bbox 633 2001 764 2088; x_wconf 89' lang='lat' dir='ltr'>utrique</span> <span class='ocrx_word' id='word_1_125' title='bbox 781 2001 872 2065; x_wconf 87' lang='lat' dir='ltr'>sexui</span> <span class='ocrx_word' id='word_1_126' title='bbox 886 2000 1153 2089; x_wconf 76' lang='lat' dir='ltr'>praestansvirtus</span> 
     </span>
     <span class='ocr_line' id='line_1_18' title="bbox 94 2099 1152 2189; baseline 0.004 -30"><span class='ocrx_word' id='word_1_127' title='bbox 94 2099 204 2181; x_wconf 80' lang='lat' dir='ltr'>affuit3</span> <span class='ocrx_word' id='word_1_128' title='bbox 220 2118 255 2165; x_wconf 91' lang='lat' dir='ltr'>et</span> <span class='ocrx_word' id='word_1_129' title='bbox 273 2100 372 2165; x_wconf 90' lang='lat' dir='ltr'>modo</span> <span class='ocrx_word' id='word_1_130' title='bbox 387 2101 521 2189; x_wconf 77' lang='lat' dir='ltr'>virginis</span> <span class='ocrx_word' id='word_1_131' title='bbox 543 2124 680 2189; x_wconf 88' lang='lat' dir='ltr'>regnum</span> <span class='ocrx_word' id='word_1_132' title='bbox 701 2102 785 2182; x_wconf 89' lang='lat' dir='ltr'>fuit,</span> <span class='ocrx_word' id='word_1_133' title='bbox 804 2102 930 2188; x_wconf 87' lang='lat' dir='ltr'>qualem</span> <span class='ocrx_word' id='word_1_134' title='bbox 953 2100 1072 2188; x_wconf 79' lang='lat' dir='ltr'>aequari</span> <span class='ocrx_word' id='word_1_135' title='bbox 1092 2101 1152 2165; x_wconf 90' lang='lat' dir='ltr'>sibi</span> 
     </span>
     <span class='ocr_line' id='line_1_19' title="bbox 94 2200 1154 2292; baseline 0.002 -29"><span class='ocrx_word' id='word_1_136' title='bbox 94 2200 315 2288; x_wconf 85' lang='lat' dir='ltr'>magnitudine</span> <span class='ocrx_word' id='word_1_137' title='bbox 336 2201 455 2282; x_wconf 87' lang='lat' dir='ltr'>animi,</span> <span class='ocrx_word' id='word_1_138' title='bbox 477 2224 652 2289; x_wconf 86' lang='lat' dir='ltr'>rerumque</span> <span class='ocrx_word' id='word_1_139' title='bbox 674 2219 837 2292; x_wconf 87' lang='lat' dir='ltr'>gestarum</span> <span class='ocrx_word' id='word_1_140' title='bbox 859 2202 978 2291; x_wconf 86' lang='lat' dir='ltr'>gloria,</span> <span class='ocrx_word' id='word_1_141' title='bbox 1002 2218 1034 2267; x_wconf 89' lang='lat' dir='ltr'>et</span> <span class='ocrx_word' id='word_1_142' title='bbox 1052 2202 1154 2288; x_wconf 89' lang='lat' dir='ltr'>impe·</span> 
     </span>
     <span class='ocr_line' id='line_1_20' title="bbox 94 2299 1154 2392; baseline 0.002 -30"><span class='ocrx_word' id='word_1_143' title='bbox 94 2299 182 2364; x_wconf 88' lang='lat' dir='ltr'>randi</span> <span class='ocrx_word' id='word_1_144' title='bbox 206 2301 351 2382; x_wconf 89' lang='lat' dir='ltr'>artibus,</span> <span class='ocrx_word' id='word_1_145' title='bbox 378 2324 475 2365; x_wconf 91' lang='lat' dir='ltr'>nemo</span> <span class='ocrx_word' id='word_1_146' title='bbox 503 2304 555 2365; x_wconf 82' lang='lat' dir='ltr'>vel</span> <span class='ocrx_word' id='word_1_147' title='bbox 578 2303 793 2367; x_wconf 82' lang='lat' dir='ltr'>maximorum</span> <span class='ocrx_word' id='word_1_148' title='bbox 818 2326 932 2392; x_wconf 87' lang='lat' dir='ltr'>regum</span> <span class='ocrx_word' id='word_1_149' title='bbox 958 2302 1154 2391; x_wconf 82' lang='lat' dir='ltr'>indignetur.</span> 
     </span>
     <span class='ocr_line' id='line_1_21' title="bbox 95 2398 1154 2492; baseline 0.003 -29"><span class='ocrx_word' id='word_1_150' title='bbox 95 2398 205 2490; x_wconf 83' lang='lat' dir='ltr'>Neque</span> <span class='ocrx_word' id='word_1_151' title='bbox 216 2404 306 2468; x_wconf 91' lang='lat' dir='ltr'>enim</span> <span class='ocrx_word' id='word_1_152' title='bbox 317 2403 451 2484; x_wconf 89' lang='lat' dir='ltr'>animis,</span> <span class='ocrx_word' id='word_1_153' title='bbox 464 2404 513 2468; x_wconf 91' lang='lat' dir='ltr'>uti</span> <span class='ocrx_word' id='word_1_154' title='bbox 525 2403 736 2492; x_wconf 87' lang='lat' dir='ltr'>corporibus,</span> <span class='ocrx_word' id='word_1_155' title='bbox 751 2402 932 2470; x_wconf 81' lang='lat' dir='ltr'>differentia</span> <span class='ocrx_word' id='word_1_156' title='bbox 945 2426 1039 2468; x_wconf 79' lang='lat' dir='ltr'>sexus</span> <span class='ocrx_word' id='word_1_157' title='bbox 1053 2403 1154 2468; x_wconf 83' lang='lat' dir='ltr'>inest:</span> 
     </span>
     <span class='ocr_line' id='line_1_22' title="bbox 95 2496 1223 2596; baseline 0.004 -33"><span class='ocrx_word' id='word_1_158' title='bbox 95 2523 206 2589; x_wconf 78' lang='lat' dir='ltr'>neque,</span> <span class='ocrx_word' id='word_1_159' title='bbox 220 2527 295 2593; x_wconf 89' lang='lat' dir='ltr'>pars</span> <span class='ocrx_word' id='word_1_160' title='bbox 316 2528 372 2585; x_wconf 91' lang='lat' dir='ltr'>ea,</span> <span class='ocrx_word' id='word_1_161' title='bbox 388 2528 460 2592; x_wconf 84' lang='lat' dir='ltr'>quae</span> <span class='ocrx_word' id='word_1_162' title='bbox 479 2506 597 2570; x_wconf 88' lang='lat' dir='ltr'>servire</span> <span class='ocrx_word' id='word_1_163' title='bbox 619 2506 653 2568; x_wconf 90' lang='lat' dir='ltr'>in</span> <span class='ocrx_word' id='word_1_164' title='bbox 675 2507 810 2596; x_wconf 88' lang='lat' dir='ltr'>singulis</span> <span class='ocrx_word' id='word_1_165' title='bbox 830 2506 1017 2570; x_wconf 88' lang='lat' dir='ltr'>hominibus</span> <span class='ocrx_word' id='word_1_166' title='bbox 1039 2505 1155 2586; x_wconf 87' lang='lat' dir='ltr'>debet,</span> <span class='ocrx_word' id='word_1_167' title='bbox 1222 2496 1223 2500; x_wconf 26' lang='lat'>¹</span> 
     </span>
     <span class='ocr_line' id='line_1_23' title="bbox 94 2602 1111 2696; baseline 0.005 -31"><span class='ocrx_word' id='word_1_168' title='bbox 94 2602 147 2666; x_wconf 91' lang='lat' dir='ltr'>ubi</span> <span class='ocrx_word' id='word_1_169' title='bbox 160 2603 202 2670; x_wconf 86' lang='lat' dir='ltr'>de</span> <span class='ocrx_word' id='word_1_170' title='bbox 219 2607 358 2696; x_wconf 89' lang='lat' dir='ltr'>imperio</span> <span class='ocrx_word' id='word_1_171' title='bbox 375 2607 411 2670; x_wconf 87' lang='lat' dir='ltr'>in</span> <span class='ocrx_word' id='word_1_172' title='bbox 428 2607 684 2695; x_wconf 88' lang='lat' dir='ltr'>quamplurimos</span> <span class='ocrx_word' id='word_1_173' title='bbox 695 2608 819 2696; x_wconf 88' lang='lat' dir='ltr'>agitur,</span> <span class='ocrx_word' id='word_1_174' title='bbox 836 2606 1035 2695; x_wconf 89' lang='lat' dir='ltr'>respicienda</span> <span class='ocrx_word' id='word_1_175' title='bbox 1053 2623 1111 2671; x_wconf 87' lang='lat' dir='ltr'>est.</span> 
     </span>
    </p>

    <p class='ocr_par' dir='ltr' id='par_1_4' title="bbox 93 2705 1161 3906">
     <span class='ocr_line' id='line_1_24' title="bbox 136 2705 1155 2798; baseline 0 -27"><span class='ocrx_word' id='word_1_176' title='bbox 136 2707 243 2771; x_wconf 83' lang='lat' dir='ltr'>XXII.</span> <span class='ocrx_word' id='word_1_177' title='bbox 269 2709 314 2771; x_wconf 91' lang='lat' dir='ltr'>Ut</span> <span class='ocrx_word' id='word_1_178' title='bbox 336 2708 397 2772; x_wconf 88' lang='lat' dir='ltr'>nisi</span> <span class='ocrx_word' id='word_1_179' title='bbox 421 2708 548 2798; x_wconf 89' lang='lat' dir='ltr'>culpam</span> <span class='ocrx_word' id='word_1_180' title='bbox 566 2709 659 2771; x_wconf 86' lang='lat' dir='ltr'>istam</span> <span class='ocrx_word' id='word_1_181' title='bbox 681 2709 810 2773; x_wconf 89' lang='lat' dir='ltr'>Tacitus</span> <span class='ocrx_word' id='word_1_182' title='bbox 830 2708 900 2772; x_wconf 88' lang='lat' dir='ltr'>aliis</span> <span class='ocrx_word' id='word_1_183' title='bbox 919 2707 1040 2772; x_wconf 87' lang='lat' dir='ltr'>meritis</span> <span class='ocrx_word' id='word_1_184' title='bbox 1061 2705 1155 2772; x_wconf 87' lang='lat' dir='ltr'>rede-</span> 
     </span>
     <span class='ocr_line' id='line_1_25' title="bbox 96 2805 1155 2896; baseline 0.003 -29"><span class='ocrx_word' id='word_1_185' title='bbox 96 2805 220 2888; x_wconf 88' lang='lat' dir='ltr'>misset,</span> <span class='ocrx_word' id='word_1_186' title='bbox 232 2806 398 2871; x_wconf 87' lang='lat' dir='ltr'>notandus</span> <span class='ocrx_word' id='word_1_187' title='bbox 409 2830 449 2871; x_wconf 86' lang='lat' dir='ltr'>eo</span> <span class='ocrx_word' id='word_1_188' title='bbox 460 2808 593 2872; x_wconf 90' lang='lat' dir='ltr'>nomine</span> <span class='ocrx_word' id='word_1_189' title='bbox 599 2806 688 2873; x_wconf 91' lang='lat' dir='ltr'>haud</span> <span class='ocrx_word' id='word_1_190' title='bbox 695 2808 914 2896; x_wconf 84' lang='lat' dir='ltr'>perfunctorie</span> <span class='ocrx_word' id='word_1_191' title='bbox 923 2809 1039 2888; x_wconf 89' lang='lat' dir='ltr'>fuerit,</span> <span class='ocrx_word' id='word_1_192' title='bbox 1049 2807 1155 2894; x_wconf 91' lang='lat' dir='ltr'>quod,</span> 
     </span>
     <span class='ocr_line' id='line_1_26' title="bbox 95 2905 1156 2998; baseline 0.001 -30"><span class='ocrx_word' id='word_1_193' title='bbox 95 2907 149 2991; x_wconf 86' lang='lat' dir='ltr'>qui</span> <span class='ocrx_word' id='word_1_194' title='bbox 165 2907 313 2972; x_wconf 87' lang='lat' dir='ltr'>mulieris</span> <span class='ocrx_word' id='word_1_195' title='bbox 336 2908 472 2996; x_wconf 89' lang='lat' dir='ltr'>imperio</span> <span class='ocrx_word' id='word_1_196' title='bbox 490 2925 662 2998; x_wconf 89' lang='lat' dir='ltr'>regantur,</span> <span class='ocrx_word' id='word_1_197' title='bbox 682 2930 737 2972; x_wconf 87' lang='lat' dir='ltr'>eos</span> <span class='ocrx_word' id='word_1_198' title='bbox 750 2909 845 2972; x_wconf 89' lang='lat' dir='ltr'>etiam</span> <span class='ocrx_word' id='word_1_199' title='bbox 858 2931 876 2970; x_wconf 90' lang='lat' dir='ltr'>a</span> <span class='ocrx_word' id='word_1_200' title='bbox 887 2909 1040 2972; x_wconf 89' lang='lat' dir='ltr'>servitute</span> <span class='ocrx_word' id='word_1_201' title='bbox 1053 2905 1156 2970; x_wconf 89' lang='lat' dir='ltr'>desci-</span> 
     </span>
     <span class='ocr_line' id='line_1_27' title="bbox 95 3005 1156 3096; baseline 0.001 -27"><span class='ocrx_word' id='word_1_202' title='bbox 95 3005 173 3071; x_wconf 85' lang='lat' dir='ltr'>visse</span> <span class='ocrx_word' id='word_1_203' title='bbox 191 3007 367 3089; x_wconf 58' lang='lat' dir='ltr'>judicarim</span> <span class='ocrx_word' id='word_1_204' title='bbox 385 3009 485 3072; x_wconf 89' lang='lat' dir='ltr'>homo</span> <span class='ocrx_word' id='word_1_205' title='bbox 505 3011 652 3074; x_wconf 87' lang='lat' dir='ltr'>Nerones</span> <span class='ocrx_word' id='word_1_206' title='bbox 672 3025 769 3096; x_wconf 89' lang='lat' dir='ltr'>atque</span> <span class='ocrx_word' id='word_1_207' title='bbox 786 3009 933 3072; x_wconf 89' lang='lat' dir='ltr'>Othones</span> <span class='ocrx_word' id='word_1_208' title='bbox 948 3025 981 3072; x_wconf 87' lang='lat' dir='ltr'>et</span> <span class='ocrx_word' id='word_1_209' title='bbox 998 3008 1156 3072; x_wconf 90' lang='lat' dir='ltr'>Domitia-</span> 
     </span>
     <span class='ocr_line' id='line_1_28' title="bbox 95 3107 1156 3198; baseline 0 -29"><span class='ocrx_word' id='word_1_210' title='bbox 95 3126 152 3170; x_wconf 90' lang='lat' dir='ltr'>nos</span> <span class='ocrx_word' id='word_1_211' title='bbox 173 3132 305 3198; x_wconf 87' lang='lat' dir='ltr'>passus,</span> <span class='ocrx_word' id='word_1_212' title='bbox 324 3132 465 3196; x_wconf 91' lang='lat' dir='ltr'>quorum</span> <span class='ocrx_word' id='word_1_213' title='bbox 489 3111 624 3174; x_wconf 88' lang='lat' dir='ltr'>mollitie</span> <span class='ocrx_word' id='word_1_214' title='bbox 645 3125 743 3197; x_wconf 88' lang='lat' dir='ltr'>atque</span> <span class='ocrx_word' id='word_1_215' title='bbox 769 3107 894 3198; x_wconf 81' lang='lat' dir='ltr'>flagitiis</span> <span class='ocrx_word' id='word_1_216' title='bbox 913 3110 1066 3196; x_wconf 87' lang='lat' dir='ltr'>pleraque</span> <span class='ocrx_word' id='word_1_217' title='bbox 1083 3129 1156 3195; x_wconf 90' lang='lat' dir='ltr'>pars</span> 
     </span>
     <span class='ocr_line' id='line_1_29' title="bbox 95 3207 1158 3292; baseline 0.001 -23"><span class='ocrx_word' id='word_1_218' title='bbox 95 3210 142 3274; x_wconf 84' lang='lat' dir='ltr'>vel</span> <span class='ocrx_word' id='word_1_219' title='bbox 156 3211 448 3292; x_wconf 83' lang='lat' dir='ltr'>abjectissimarmn</span> <span class='ocrx_word' id='word_1_220' title='bbox 464 3211 659 3276; x_wconf 86' lang='lat' dir='ltr'>feminarum</span> <span class='ocrx_word' id='word_1_221' title='bbox 675 3209 889 3275; x_wconf 87' lang='lat' dir='ltr'>erubesceret.</span> <span class='ocrx_word' id='word_1_222' title='bbox 907 3207 970 3274; x_wconf 91' lang='lat' dir='ltr'>Sed</span> <span class='ocrx_word' id='word_1_223' title='bbox 983 3207 1025 3271; x_wconf 93' lang='lat' dir='ltr'>ad</span> <span class='ocrx_word' id='word_1_224' title='bbox 1040 3207 1158 3272; x_wconf 87' lang='lat' dir='ltr'>descri-</span> 
     </span>
     <span class='ocr_line' id='line_1_30' title="bbox 93 3308 1159 3400; baseline 0.003 -30"><span class='ocrx_word' id='word_1_225' title='bbox 93 3309 241 3396; x_wconf 90' lang='lat' dir='ltr'>ptionem</span> <span class='ocrx_word' id='word_1_226' title='bbox 254 3309 433 3375; x_wconf 74' lang='lat' dir='ltr'>Germaniae</span> <span class='ocrx_word' id='word_1_227' title='bbox 449 3310 569 3395; x_wconf 80' lang='lat' dir='ltr'>rede03</span> <span class='ocrx_word' id='word_1_228' title='bbox 583 3327 759 3400; x_wconf 86' lang='lat' dir='ltr'>supersunt</span> <span class='ocrx_word' id='word_1_229' title='bbox 770 3310 856 3375; x_wconf 88' lang='lat' dir='ltr'>enirn</span> <span class='ocrx_word' id='word_1_230' title='bbox 867 3308 909 3374; x_wconf 89' lang='lat' dir='ltr'>ad</span> <span class='ocrx_word' id='word_1_231' title='bbox 922 3309 1072 3374; x_wconf 82' lang='lat' dir='ltr'>dextrum</span> <span class='ocrx_word' id='word_1_232' title='bbox 1083 3309 1159 3373; x_wconf 89' lang='lat' dir='ltr'>Sue·</span> 
     </span>
     <span class='ocr_line' id='line_1_31' title="bbox 94 3409 1158 3502; baseline 0.003 -31"><span class='ocrx_word' id='word_1_233' title='bbox 94 3410 152 3474; x_wconf 81' lang='lat' dir='ltr'>vici</span> <span class='ocrx_word' id='word_1_234' title='bbox 164 3412 265 3479; x_wconf 87' lang='lat' dir='ltr'>maris</span> <span class='ocrx_word' id='word_1_235' title='bbox 276 3413 352 3476; x_wconf 87' lang='lat' dir='ltr'>litus</span> <span class='ocrx_word' id='word_1_236' title='bbox 364 3412 555 3501; x_wconf 84' lang='lat' dir='ltr'>AEstyorum</span> <span class='ocrx_word' id='word_1_237' title='bbox 565 3429 694 3502; x_wconf 81' lang='lat' dir='ltr'>gentes,</span> <span class='ocrx_word' id='word_1_238' title='bbox 707 3435 848 3499; x_wconf 90' lang='lat' dir='ltr'>quorum</span> <span class='ocrx_word' id='word_1_239' title='bbox 860 3410 959 3476; x_wconf 93' lang='lat' dir='ltr'>bodie</span> <span class='ocrx_word' id='word_1_240' title='bbox 967 3410 1062 3475; x_wconf 84' lang='lat' dir='ltr'>durat</span> <span class='ocrx_word' id='word_1_241' title='bbox 1071 3409 1158 3498; x_wconf 92' lang='lat' dir='ltr'>apud</span> 
     </span>
     <span class='ocr_line' id='line_1_32' title="bbox 95 3510 1160 3601; baseline 0.001 -28"><span class='ocrx_word' id='word_1_242' title='bbox 95 3510 261 3578; x_wconf 79' lang='lat' dir='ltr'>Iinnones</span> <span class='ocrx_word' id='word_1_243' title='bbox 274 3513 460 3601; x_wconf 81' lang='lat' dir='ltr'>appellatio,</span> <span class='ocrx_word' id='word_1_244' title='bbox 480 3530 513 3578; x_wconf 91' lang='lat' dir='ltr'>et</span> <span class='ocrx_word' id='word_1_245' title='bbox 523 3532 581 3600; x_wconf 88' lang='lat' dir='ltr'>per</span> <span class='ocrx_word' id='word_1_246' title='bbox 593 3513 760 3578; x_wconf 84' lang='lat' dir='ltr'>livoniam</span> <span class='ocrx_word' id='word_1_247' title='bbox 775 3535 881 3577; x_wconf 88' lang='lat' dir='ltr'>sermo</span> <span class='ocrx_word' id='word_1_248' title='bbox 895 3529 1091 3600; x_wconf 87' lang='lat' dir='ltr'>usurpatur:</span> <span class='ocrx_word' id='word_1_249' title='bbox 1105 3533 1160 3574; x_wconf 92' lang='lat' dir='ltr'>an·</span> 
     </span>
     <span class='ocr_line' id='line_1_33' title="bbox 95 3611 1158 3703; baseline 0 -29"><span class='ocrx_word' id='word_1_250' title='bbox 95 3611 232 3699; x_wconf 88' lang='lat' dir='ltr'>tiquitus</span> <span class='ocrx_word' id='word_1_251' title='bbox 254 3615 289 3677; x_wconf 88' lang='lat' dir='ltr'>in</span> <span class='ocrx_word' id='word_1_252' title='bbox 305 3613 467 3678; x_wconf 87' lang='lat' dir='ltr'>Prussiam</span> <span class='ocrx_word' id='word_1_253' title='bbox 488 3636 593 3700; x_wconf 89' lang='lat' dir='ltr'>usque</span> <span class='ocrx_word' id='word_1_254' title='bbox 610 3613 853 3703; x_wconf 86' lang='lat' dir='ltr'>pertingebant,</span> <span class='ocrx_word' id='word_1_255' title='bbox 874 3628 1066 3702; x_wconf 88' lang='lat' dir='ltr'>argumento</span> <span class='ocrx_word' id='word_1_256' title='bbox 1084 3633 1158 3675; x_wconf 90' lang='lat' dir='ltr'>suo-</span> 
     </span>
     <span class='ocr_line' id='line_1_34' title="bbox 96 3711 1161 3803; baseline -0.002 -27"><span class='ocrx_word' id='word_1_257' title='bbox 96 3712 177 3797; x_wconf 85' lang='lat' dir='ltr'>cini,</span> <span class='ocrx_word' id='word_1_258' title='bbox 199 3714 293 3803; x_wconf 90' lang='lat' dir='ltr'>quod</span> <span class='ocrx_word' id='word_1_259' title='bbox 312 3715 373 3778; x_wconf 86' lang='lat' dir='ltr'>soli</span> <span class='ocrx_word' id='word_1_260' title='bbox 395 3715 541 3778; x_wconf 90' lang='lat' dir='ltr'>omnium</span> <span class='ocrx_word' id='word_1_261' title='bbox 564 3737 601 3778; x_wconf 91' lang='lat' dir='ltr'>ea</span> <span class='ocrx_word' id='word_1_262' title='bbox 616 3730 707 3778; x_wconf 76' lang='lat' dir='ltr'>aetate</span> <span class='ocrx_word' id='word_1_263' title='bbox 728 3712 894 3802; x_wconf 87' lang='lat' dir='ltr'>legebant,</span> <span class='ocrx_word' id='word_1_264' title='bbox 909 3711 1031 3799; x_wconf 79' lang='lat' dir='ltr'>glesum</span> <span class='ocrx_word' id='word_1_265' title='bbox 1048 3711 1161 3798; x_wconf 51' lang='lat' dir='ltr'>appel*</span> 
     </span>
     <span class='ocr_line' id='line_1_35' title="bbox 97 3806 1144 3906; baseline -0.004 -26"><span class='ocrx_word' id='word_1_266' title='bbox 97 3815 214 3900; x_wconf 80' lang='lat' dir='ltr'>lantes,</span> <span class='ocrx_word' id='word_1_267' title='bbox 228 3842 298 3906; x_wconf 89' lang='lat' dir='ltr'>quo</span> <span class='ocrx_word' id='word_1_268' title='bbox 314 3818 448 3882; x_wconf 90' lang='lat' dir='ltr'>nomine</span> <span class='ocrx_word' id='word_1_269' title='bbox 465 3816 584 3882; x_wconf 87' lang='lat' dir='ltr'>vitrum</span> <span class='ocrx_word' id='word_1_270' title='bbox 599 3806 751 3882; x_wconf 83' lang='lat' dir='ltr'>Germani</span> <span class='ocrx_word' id='word_1_271' title='bbox 770 3837 932 3879; x_wconf 86' lang='lat' dir='ltr'>vocamus.</span> <span class='ocrx_word' id='word_1_272' title='bbox 1141 3813 1144 3822; x_wconf 87' lang='lat'>&#39;</span> 
     </span>
    </p>
   </div>
   <div class='ocr_carea' id='block_1_3' title="bbox 97 3975 1159 4148">
    <p class='ocr_par' dir='ltr' id='par_1_5' title="bbox 97 3975 1159 4148">
     <span class='ocr_line' id='line_1_36' title="bbox 129 3975 1159 4063; baseline 0 -16"><span class='ocrx_word' id='word_1_273' title='bbox 129 3999 220 4063; x_wconf 72' lang='lat' dir='ltr'>ssu.</span> <span class='ocrx_word' id='word_1_274' title='bbox 234 3999 314 4051; x_wconf 67' lang='lat' dir='ltr'>racis.</span> <span class='ocrx_word' id='word_1_275' title='bbox 323 4027 358 4036; x_wconf 89' lang='lat'>-</span> <span class='ocrx_word' id='word_1_276' title='bbox 371 4000 475 4048; x_wconf 78' lang='lat' dir='ltr'>norom.</span> <span class='ocrx_word' id='word_1_277' title='bbox 486 4003 527 4060; x_wconf 88' lang='lat'>11,</span> <span class='ocrx_word' id='word_1_278' title='bbox 545 4016 628 4050; x_wconf 84' lang='lat'>11.-</span> <span class='ocrx_word' id='word_1_279' title='bbox 642 3999 704 4048; x_wconf 79' lang='lat' dir='ltr'>run.</span> <span class='ocrx_word' id='word_1_280' title='bbox 715 4001 854 4056; x_wconf 78' lang='lat' dir='ltr'>xxxvii,</span> <span class='ocrx_word' id='word_1_281' title='bbox 867 4015 891 4046; x_wconf 58' lang='grc' dir='ltr'>ι.</span> <span class='ocrx_word' id='word_1_282' title='bbox 905 3975 940 4034; x_wconf 72' lang='grc' dir='ltr'>-ἑ</span> <span class='ocrx_word' id='word_1_283' title='bbox 951 3997 1047 4062; x_wconf 75' lang='lat' dir='ltr'>sxxr.</span> <span class='ocrx_word' id='word_1_284' title='bbox 1058 3997 1159 4046; x_wconf 61' lang='lat' dir='ltr'>utimr.</span> 
     </span>
     <span class='ocr_line' id='line_1_37' title="bbox 97 4081 1071 4148; baseline 0.001 -21"><span class='ocrx_word' id='word_1_285' title='bbox 97 4081 203 4148; x_wconf 66' lang='lat' dir='ltr'>Norveg.</span> <span class='ocrx_word' id='word_1_286' title='bbox 219 4082 246 4140; x_wconf 89' lang='lat' dir='ltr'>I,</span> <span class='ocrx_word' id='word_1_287' title='bbox 265 4099 307 4144; x_wconf 78' lang='lat'>²5·</span> <span class='ocrx_word' id='word_1_288' title='bbox 330 4111 365 4121; x_wconf 94' lang='lat'>—</span> <span class='ocrx_word' id='word_1_289' title='bbox 384 4083 401 4148; x_wconf 66' lang='lat' dir='ltr'>S</span> <span class='ocrx_word' id='word_1_290' title='bbox 419 4087 503 4132; x_wconf 80' lang='lat' dir='ltr'>xxn.</span> <span class='ocrx_word' id='word_1_291' title='bbox 516 4086 592 4134; x_wconf 77' lang='lat' dir='ltr'>Tacit.</span> <span class='ocrx_word' id='word_1_292' title='bbox 607 4085 689 4134; x_wconf 78' lang='lat' dir='ltr'>Germ.</span> <span class='ocrx_word' id='word_1_293' title='bbox 703 4083 746 4139; x_wconf 71' lang='grc'>45.</span> <span class='ocrx_word' id='word_1_294' title='bbox 762 4111 793 4120; x_wconf 94' lang='grc'>-</span> <span class='ocrx_word' id='word_1_295' title='bbox 815 4081 877 4130; x_wconf 74' lang='lat' dir='ltr'>run.</span> <span class='ocrx_word' id='word_1_296' title='bbox 894 4083 1033 4138; x_wconf 73' lang='lat' dir='ltr'>XXXVII,</span> <span class='ocrx_word' id='word_1_297' title='bbox 1048 4083 1071 4128; x_wconf 80' lang='lat'>3.</span> 
     </span>
    </p>
   </div>
   <div class='ocr_carea' id='block_1_4' title="bbox 0 0 1447 4900">
    <p class='ocr_par' dir='ltr' id='par_1_6' title="bbox 0 0 1447 4900">
     <span class='ocr_line' id='line_1_38' title="bbox 0 0 1447 4900; baseline 0 0"><span class='ocrx_word' id='word_1_298' title='bbox 0 0 1447 4900; x_wconf 95' lang='lat' dir='ltr'> </span> 
     </span>
    </p>
   </div>
  </div>
 </body>
</html>
