2875 4900
776 150 791 197 Ι

295 402 350 471 ΙΝ
381 400 493 469 Ιιθῦ.
520 400 614 467 LlB.
642 397 730 465 XCl
762 400 972 469 LIVIANI.
1098 398 1165 497 237

103 538 331 611 procurrerent
346 520 380 584 in
399 521 547 601 bostem,
564 518 619 581 bic
632 510 765 605 quoque
783 540 887 582 novus
903 518 995 583 labor
1005 520 1168 608 prioribus

103 622 257 687 molestiis
272 620 453 685 accedebat.

142 724 266 787 XXVI.
293 724 383 785 Inter
404 722 489 785 hanc
509 720 747 784 dubitationem
764 720 865 809 pulsis
885 720 1041 811 utrinque
1061 726 1169 789 corni·

102 823 184 903 bus,
202 823 248 885 ita
271 821 595 903 circumveniuntur,
617 836 656 884 ut
672 843 781 908 neque
801 822 1013 911 repugnando
1032 828 1169 907 serrari,

103 944 209 1011 neque
225 944 399 1010 erumpere
414 920 455 985 arl
470 921 580 1011 fugam
598 938 741 1009 possent.
760 922 809 985 lbi
826 922 1106 990 vehementissime
1122 927 1170 991 di·

103 1026 256 1088 micatum
267 1039 337 1105 est,
353 1024 397 1087 ita
410 1022 570 1111 proloptis
585 1021 752 1109 avidisque
767 1020 923 1104 ducibus,
938 1039 977 1087 ut
989 1025 1120 1091 Metello
1134 1028 1167 1092 in

102 1148 239 1215 tagum,
263 1124 424 1189 Hirtuleio
448 1125 483 1186 in
507 1123 677 1187 brachium
697 1124 760 1186 tela
782 1124 951 1187 venirent:
972 1148 1079 1213 neque
1102 1144 1166 1191 tam

102 1226 242 1307 virtute,
265 1248 364 1313 quam
379 1224 500 1312 quibus
519 1221 660 1286 diximus
680 1222 778 1287 rebus
787 1260 801 1304 ,·
812 1224 980 1289 inferiores
996 1226 1168 1293 Sertoriani

103 1326 309 1390 exstiterunt.
333 1326 381 1388 lta
399 1324 512 1413 viginti
530 1323 673 1387 millibus
691 1323 832 1387 militum
855 1326 1000 1409 amissis,
1021 1328 1114 1415 pauci
1136 1331 1169 1394 in

102 1427 302 1493 Lusitaniam
323 1448 399 1489 cum
421 1424 505 1488 duce
526 1424 727 1513 refugerunt.
752 1426 867 1513 Neque
890 1443 997 1492 tamen
1019 1430 1072 1494 ille
1087 1431 1169 1496 cladi

103 1547 240 1589 suorum
256 1524 315 1589 diu
336 1540 497 1613 superstes
511 1524 590 1605 luit,
606 1523 687 1588 dum
700 1527 852 1612 reparatis
865 1528 989 1591 viribus
1005 1530 1168 1597 fortunam

104 1626 216 1691 denuo
240 1642 363 1707 tentat,
388 1648 465 1691 cum
488 1627 586 1689 fratre
609 1624 650 1688 ad
674 1624 841 1714 Segoviam
870 1628 1068 1695 interfectus.
1094 1634 1170 1715 Quo

105 1742 252 1814 ternpore
264 1726 460 1807 Barbarum,
475 1726 532 1815 qui
544 1726 630 1789 forte
644 1743 803 1807 evaserat,
818 1728 970 1791 nuntium
987 1729 1084 1795 cledis
1100 1734 1170 1798 Ser-

104 1829 227 1909 torius,
244 1850 347 1915 quum
361 1828 651 1915 maximepugnam
667 1826 820 1891 adversus
828 1828 955 1893 hostem
972 1830 1077 1914 ciens,
1089 1856 1107 1897 e
1119 1858 1172 1899 re·

103 1929 199 2018 stigio
220 1927 366 2016 pugione
384 1928 544 2008 trajecisse
563 1926 700 2007 dieittu3
716 1928 857 2009 veritus,
874 1952 933 2011 ne,
951 1930 1038 1994 inter
1055 1934 1171 1999 milites

102 2030 232 2119 vulgata
246 2030 293 2093 rei
309 2028 410 2111 fama,
422 2030 548 2093 animos
561 2050 675 2092 eorum
689 2029 885 2094 alienissimo
899 2046 1045 2118 tempore
1059 2032 1172 2097 infrin-

103 2148 204 2219 geret.
973 2140 976 2149 '

146 2232 287 2295 xxvtr.
304 2230 460 2320 Magnum
474 2230 563 2294 enim
578 2230 715 2294 omnino
726 2230 972 2295 incommodum
989 2252 1168 2321 acceperut,

103 2333 225 2421 insigni
246 2332 353 2415 duce,
380 2332 558 2420 multisque
585 2332 836 2396 fortissimorum
862 2324 1008 2397 virorum
1030 2324 1171 2401 millibus

101 2419 292 2522 deperditis.
311 2431 374 2498 Sed
391 2449 629 2498 nemo·temere
645 2449 716 2497 tum
736 2430 777 2496 ad
794 2432 964 2498 aliosbelli
975 2451 1085 2518 casus,
1100 2454 1171 2502 tum

104 2536 135 2598 in
150 2534 340 2624 reparandis
356 2533 520 2616 cladibus,
536 2532 679 2598 Sertorio
692 2532 760 2596 dux
775 2534 890 2598 melior
903 2551 989 2618 erat;
1003 2557 1105 2622 quum
1121 2537 1171 2601 in-

102 2637 210 2701 victus
225 2636 316 2724 ipse,
332 2636 510 2724 legatorum
529 2635 624 2723 culpa
643 2635 814 2699 fortunave
827 2635 1026 2700 vulneratam
1041 2661 1170 2702 causam

103 2737 245 2802 mirabili
262 2759 390 2824 semper
405 2735 565 2800 celeritate
584 2735 786 2823 consilioque
803 2737 996 2802 restitueret.
1012 2737 1107 2802 Unde
1120 2739 1171 2801 in·
1273 2735 1275 2742 '

102 2838 268 2938 genediri
290 2860 432 2919 nomen,
453 2835 664 2924 quotidieque
681 2837 801 2920 majus,
821 2860 862 2902 ne
883 2838 1015 2926 quidem
1033 2839 1172 2926 Europe

104 2939 226 3004 linibus
235 2938 499 3022 continebatur,
519 2938 599 3026 quin
618 2938 725 3002 Asiam
744 2961 878 3026 quoque
899 2955 932 3002 et
949 2939 1093 3002 Pontum
1109 2938 1171 3000 im·

102 3042 233 3128 plerent
246 3041 316 3121 ejus
330 3039 500 3122 laudibus,
516 3040 574 3128 qui
589 3061 628 3103 ex
643 3037 819 3103 Occidente
832 3037 1056 3102 adventabant.
1072 3039 1172 3120 Quod

103 3163 171 3204 uon
191 3141 347 3204 ultimum
358 3140 604 3205 incitamentum
615 3138 795 3203 Mithridati
808 3139 891 3221 fuit,
908 3161 967 3206 cur
979 3138 1066 3204 tertii
1077 3139 1171 3221 belli,

103 3241 233 3329 sibique
248 3239 289 3305 ad
301 3257 502 3329 postremum
518 3240 662 3320 exitiosi,
678 3240 779 3304 aleam
798 3239 938 3322 subiret;
956 3240 1075 3304 elatum
1089 3242 1172 3330 regis

103 3341 251 3404 animum
273 3341 344 3404 aliis
367 3341 464 3405 etiam
487 3341 727 3406 stimulantibus
749 3341 862 3405 esuris.
884 3341 1015 3430 Quippe
1033 3357 1108 3430 post
1124 3365 1173 3408 re·

104 3443 236 3506 missam
251 3464 270 3505 a
288 3442 376 3506 Sulla
392 3443 606 3531 legationem,
621 3440 855 3530 Cappadociam
874 3442 1100 3525 Ariobarzani,
1123 3445 1172 3509 uti

100 3540 213 3620 jussus
230 3557 319 3624 erat,
335 3543 538 3625 restituerat3
556 3564 660 3630 quum
679 3543 759 3606 alios
776 3559 919 3608 oratores
933 3543 1095 3609 scribendi
1114 3546 1172 3610 foe-
1230 3563 1233 3572 '

103 3641 192 3706 deris
202 3664 298 3706 causa
307 3643 444 3707 Romam
455 3643 647 3731 ablegasset‚
659 3644 777 3707 iterum
788 3665 844 3732 spe
855 3666 913 3708 sua
925 3645 1097 3709 frustratus
1108 3663 1172 3725 est,

104 3743 201 3829 quia,
215 3758 348 3806 mortuo
362 3743 427 3824 jam
446 3742 551 3826 Sulla,
564 3743 769 3833 magistratus
789 3746 935 3811 civilibus
952 3747 1055 3810 turbis
1069 3747 1172 3834 impe·

105 3839 166 3904 diti
183 3839 226 3906 de
238 3864 279 3906 eo
291 3843 423 3932 negotio
435 3865 503 3908 non
516 3844 706 3908 retulerunt.
833 3863 841 3878 ·

140 4059 159 4124 s
169 4061 265 4108 ml.
276 4061 375 4109 Sallust.
385 4061 451 4110 llitt.
460 4063 497 4121 11,
513 4063 536 4110 8.
547 4089 583 4100 —
593 4063 704 4120 Oronv,
714 4062 757 4110 23.
768 4087 802 4100 -
811 4061 876 4112 Flor.
886 4063 936 4120 111,
951 4075 993 4110 aa.
1004 4087 1038 4098 -·
1048 4061 1101 4108 Lir.
1111 4063 1177 4126 Epit.
1205 4123 1210 4132 Ι

107 4171 141 4180 -
154 4147 239 4192 Front.
255 4147 293 4201 11,
309 4161 332 4205 7.
343 4171 379 4185 -
392 4145 410 4211 s
422 4147 532 4195 xxvu.
547 4145 610 4195 rtur.
621 4145 647 4193 in
656 4145 748 4193 bertot.
759 4161 782 4192 c.
794 4145 835 4193 to.
844 4170 880 4182 -·
889 4142 995 4206 Appian.
1008 4142 1119 4192 Mithrid.
