2875 4900
292 391 344 461 IN
372 392 484 460 LOC.
510 391 606 459 LIB.
633 390 722 458 CIX
751 391 969 462 Ltvltttt.
1094 387 1166 490 669

97 518 125 580 si
140 515 275 605 propius
296 511 463 578 accederet
481 512 606 592 Cesar,
629 511 755 574 ltaliam
778 511 998 599 relinqueret,
1013 529 1051 577 ut
1068 517 1167 603 paulo

96 633 173 706 post
187 619 309 680 factum
328 630 387 678 est.
403 613 468 679 Sed
486 627 634 700 accepto,
651 612 833 676 Domitium
852 613 1013 696 obsideri,
1028 616 1094 680 sire
1106 617 1179 681 dis.

97 717 254 782 stmuhns
267 731 530 795 mentemsuatu,
545 713 612 786 sive
628 727 748 800 putens
760 728 812 778 tot
822 729 856 778 et
870 715 949 779 tales
959 716 1047 781 viros
1063 717 1168 784 deseri

98 839 167 882 non
183 831 352 904 oportere,
376 813 488 880 scribit
510 811 553 877 sd
576 813 755 878 Lentulum
771 815 956 898 consulem,
982 819 1092 908 magni
1114 821 1168 884 in.

99 934 219 982 teresse
233 911 434 1006 reipublice,
456 935 570 978 omnes
584 914 693 1002 copias
706 913 814 1002 primo
826 937 959 1004 quoque
972 933 1119 1007 tempore
1133 922 1168 987 iu

98 1041 205 1082 unum
229 1018 339 1082 locum
362 1016 558 1081 convenire:
588 1014 680 1104 quod
699 1015 742 1080 ab
765 1017 984 1096 omuibusju
1008 1037 1057 1084 est
1079 1043 1170 1087 aece-

97 1133 215 1208 ptum,
232 1141 309 1184 etim
327 1117 486 1182 universis
503 1115 626 1180 viribus
641 1115 837 1202 Pompeium
860 1117 902 1182 ad
918 1117 1098 1186 Corfinium
1113 1143 1170 1186 ve·

98 1221 173 1286 nire
190 1219 407 1284 constiuriese.

145 1321 231 1384 LIII.
250 1319 320 1384 Hac
335 1317 492 1406 opinione
503 1317 666 1406 paulisper
679 1317 814 1380 meruti
824 1333 903 1381 sunt
917 1319 1091 1385 hominum
1105 1324 1172 1387 ani·

100 1421 166 1503 mi,
187 1420 401 1506 nuntiataque
420 1418 556 1482 Domitii
572 1417 769 1500 constantia,
787 1418 845 1504 qui
862 1441 941 1483 saue
959 1444 1037 1486 suos
1052 1425 1172 1488 cohor·

100 1537 206 1602 tatus,
222 1536 386 1586 tormenta
405 1518 609 1608 disposuerat
625 1520 660 1582 in
683 1519 804 1600 muris,
826 1535 860 1583 et
882 1537 996 1585 eoetera
1015 1539 1170 1613 tanqum

97 1620 144 1686 ad
160 1619 360 1686 tolerandam
373 1619 578 1684 obsidionem
596 1619 852 1684 administrabat.
870 1621 994 1704 Etiam,
1010 1641 1049 1688 ut
1064 1648 1174 1714 prom.

100 1723 209 1810 ptiore
222 1724 365 1788 exercitu
377 1737 534 1802 uteretur,
543 1721 700 1786 militibus
716 1737 874 1808 quaterne
882 1722 996 1811 jugem
1008 1728 1087 1814 egri,
1095 1749 1173 1792 cen.

100 1823 356 1912 turionibusque
372 1841 405 1888 et
420 1823 559 1888 evocatis
573 1845 633 1910 pro
647 1838 715 1886 reta
728 1837 819 1910 parte
833 1826 1028 1910 promiserat
1048 1849 1088 1890 ex
1104 1830 1172 1894 suis

101 1925 388 2014 possessionibus:
414 1947 492 1988 nam
512 1924 680 1988 occasione
700 1923 902 1987 sullcnorum
923 1939 1108 2012 temporum
1130 1928 1173 1995 ad

100 2028 258 2092 maximas
279 2047 357 2115 opes
387 2041 584 2114 pervenerat.
610 2023 674 2088 Sed
696 2023 814 2089 cecidit
836 2025 885 2105 ei,
907 2025 997 2112 quod
1021 2028 1172 2094 fatumm

100 2129 281 2216 Pompeius
294 2127 324 2192 ei
336 2127 522 2214 sumpserat,
537 2141 576 2190 ut
592 2145 654 2189 nec
673 2124 824 2215 expedire
837 2141 949 2214 poseet
964 2127 1092 2215 copias,
1113 2130 1173 2194 tri.

101 2230 167 2294 bus
183 2230 217 2292 in
235 2226 361 2317 oppidis
375 2225 563 2291 distributas
580 2225 727 2314 (partem
743 2227 830 2292 enim
844 2226 950 2306 Albus,
963 2243 1088 2314 partem
1102 2229 1175 2294 Sul·

102 2349 205 2394 mone
216 2325 464 2412 collocaverat),
477 2347 538 2390 nec
550 2347 627 2392 cum
641 2327 696 2409 iis,
708 2349 789 2414 quus
800 2326 941 2391 habebat
951 2349 1063 2392 secum
1074 2376 1084 2410 ‚
1097 2332 1173 2396 setis

102 2429 220 2497 firmus
235 2407 287 2494 ad'
293 2427 512 2499 resistendum
530 2443 624 2493 esset.

148 2532 250 2595 LXII.
266 2532 415 2617 Namque
425 2529 676 2611 Sulmonenses,
693 2529 797 2593 missu
807 2530 940 2595 Caseus
952 2533 1095 2598 venienti
1109 2536 1176 2598 An·
1221 2516 1226 2524 ⁸
1302 2577 1304 2588 ·

102 2630 198 2695 touio
211 2646 411 2718 aperuerunt
425 2644 550 2717 ροηαε,
567 2630 775 2717 universique
792 2646 826 2693 et
840 2631 995 2719 oppidani
1009 2650 1043 2697 et
1056 2635 1173 2701 milites

103 2733 251 2820 (septem
262 2730 307 2795 ibi
317 2730 468 2797 cohortes
478 2730 642 2795 Domitius
651 2731 880 2813 colloesrerat,
893 2754 996 2819 quum
1010 2734 1173 2799 Antonius

102 2833 254 2920 quinque
280 2846 407 2897 tantum
428 2828 621 2912 adduceret)
643 2831 772 2895 obviam
794 2832 995 2921 prementes
1014 2834 1172 2900 exiemmt.

104 2934 149 3015 Q.
168 2932 337 2997 Lucretius
359 2948 489 2997 senator
509 2948 543 2997 et
560 2933 597 2998 C.
617 2933 734 3009 Attius,
745 2932 917 3020 Pelignus,
939 2934 997 3020 qui
1013 2935 1172 3023 oppidum

51 3100 58 3116 ,
101 3032 257 3125 presidio
270 3049 457 3113 tenuerunt,
477 3031 518 3097 de
531 3055 626 3097 muro
637 3056 672 3098 se
685 3033 892 3113 dejecerunt:
903 3033 1072 3099 Lucretius
1088 3037 1174 3101 effit-

103 3138 171 3226 git;
190 3135 300 3200 Attius
315 3136 356 3200 cb
372 3137 517 3202 Antonio
533 3136 694 3201 deductus
709 3134 750 3199 nd
767 3137 941 3217 Cesareru,
958 3152 992 3200 et
1005 3137 1046 3201 ab
1064 3160 1107 3201 eo
1121 3139 1174 3202 in·

95 3236 245 3305 columis
261 3236 413 3301 dimissus
427 3253 483 3301 est.
501 3237 688 3327 Pompeiani
701 3235 869 3324 proditum
882 3236 974 3301 abeo
986 3238 1086 3302 fuisse
1100 3240 1175 3303 Sul·

105 3360 242 3405 monem
257 3337 475 3403 crediderunt.
486 3340 605 3417 Caesar,
619 3360 722 3425 quum
735 3355 769 3401 et
778 3338 840 3402 illis
850 3338 1040 3403 cohortibus
1051 3340 1177 3404 auctior

104 3456 210 3521 esset,
228 3438 317 3505 etad
333 3462 410 3503 eum
427 3440 510 3529 legio
521 3454 650 3519 ecura,
670 3438 889 3527 cohortesque
902 3461 945 3502 ex
957 3439 1050 3503 novis
1064 3440 1175 3505 Gallio

104 3540 289 3609 delecu'bus
308 3540 380 3605 duae
400 3558 433 3604 et
448 3540 561 3631 viginti
576 3540 759 3620 venissent,
781 3562 857 3604 cum
879 3540 1031 3607 trecentis
1049 3541 1177 3605 circiter

105 3643 296 3732 equitibus,
313 3664 396 3730 quos
410 3642 440 3705 ei
457 3664 514 3705 rex
528 3642 667 3706 Noricus
683 3641 831 3720 miserat,
844 3642 943 3705 altera
958 3656 1062 3707 cesus
1074 3641 1116 3706 sd
1127 3643 1176 3705 al·

105 3761 213 3809 terem
236 3742 349 3831 oppidi
374 3757 498 3829 partem
521 3741 634 3831 ponit,
657 3741 803 3805 Curione
823 3744 999 3830 prulecto‚'
1018 3743 1076 3830 qui
1099 3765 1176 3808 curu

145 3970 232 4036 sex.
247 3972 292 4035 Ep.
309 3972 396 4034 Pomp.
409 3968 441 4017 nd
459 3970 530 4019 Coss.
548 3980 572 4017 et
588 3968 620 4017 nd
632 3968 725 4017 Domit.
748 3996 783 4006 —
800 3969 1116 4034 Cic.sdAttic.V111‚9‚
1135 3987 1176 4036 ep.

106 4056 198 4119 Pomp.
217 4080 252 4091 -
270 4052 365 4117 sunt.
384 4052 445 4101 cas.
465 4076 500 4089 -
518 4052 576 4101 Dio.
594 4079 629 4089 -
647 4054 693 4117 Ep.
707 4055 794 4118 Pomp.
810 4052 842 4102 sd
854 4053 927 4102 Coss.
945 4066 969 4103 et
987 4054 1018 4103 sd
1034 4054 1126 4104 Domit.
1141 4082 1178 4092 -

105 4138 126 4203 s
139 4140 218 4186 Lntt.
230 4140 301 4185 Oros.
311 4138 358 4194 vt,
370 4138 393 4184 5.
402 4162 437 4173 -
448 4136 509 4183 Cres.
521 4162 555 4172 ·-
565 4138 617 4185 cte.
628 4136 657 4183 cd
670 4137 826 4194 Auievttt,
840 4146 864 4192 t.
