2875 4900
149 415 1185 440 ΜΜᾞΜΜΜΜΜΜΜΜΜᾺ

274 569 562 705 soranis
601 613 1065 748 Faamsnsnn
1129 737 1145 757 ,Ι

182 834 1154 976 SUPPLEMENTORUM

297 1107 1001 1250 alumnorum

412 1479 414 1488 Ι
456 1367 635 1450 arnan
674 1367 868 1446 cxxvi

316 1575 362 1631 m
389 1575 544 1632 nocuas
568 1574 692 1630 maru
720 1574 797 1629 cm
824 1573 1013 1630 arvrans.
1073 1649 1077 1654 ι
1112 1546 1137 1566 ”

464 1809 858 1843 ...μ-..φημ-

537 1998 782 2070 ΕΡΙΤΟΜΕ

302 2169 434 2227 nrnnr
465 2132 728 2227 canrssmn
754 2169 1011 2228 nannenus.

122 2311 161 2363 Μ.
175 2310 274 2366 Coelins
286 2313 370 2366 llut'us
379 2323 493 2386 prator,
508 2329 592 2384 quum
604 2310 746 2366 seditiones
756 2312 784 2364 in
795 2311 869 2364 Urbe
882 2310 1043 2372 concitaret,
1055 2325 1186 2363 novarum
1253 2311 1257 2316 ⁴

157 2395 309 2449 tabularum
321 2415 366 2469 spe
376 2396 453 2470 plebe
467 2395 621 2461 sollicitata,
632 2397 761 2469 abrogato
772 2396 928 2468 magistratu
940 2395 1032 2467 pulsus
1044 2395 1126 2460 urbe,
1141 2394 1191 2445 Μί-

157 2478 212 2533 loni
231 2482 330 2546 exsuli,
351 2483 398 2553 qni
420 2480 591 2553 fugitivorum
612 2481 754 2535 exercitum
776 2491 957 2543 contraxerat,
986 2498 1014 2531 se
1032 2478 1187 2551 conjunxit:

156 2575 283 2639 uterquc,
302 2586 386 2639 quum
399 2566 499 2619 bellum
514 2564 682 2627 molirentur,
694 2564 905 2617 interiectisnnt.
919 2562 1074 2633 Cleopatra,
1083 2561 1190 2632 AEgypti

155 2650 262 2720 regina,
272 2668 289 2703 a
301 2650 442 2707 Ptolemaeo
452 2652 534 2703 fratrc
546 2668 629 2722 regno
641 2649 716 2721 pulsa
734 2660 781 2701 est.
797 2650 908 2720 Propter
920 2649 956 2712 Q.
973 2646 1056 2699 Cassii
1069 2632 1188 2717 praetoris

155 2734 294 2789 avaritiam
308 2734 544 2807 crudelitatemque
557 2732 742 2787 Cordubenses
757 2735 786 2786 in
801 2732 928 2803 Hispania
945 2750 1006 2785 cum
1025 2729 1129 2783 duabus
1142 2748 1188 2782 va·

154 2818 234 2871 rianis
254 2818 400 2890 legionibus
419 2838 434 2871 a
452 2818 570 2890 partibus
590 2817 700 2871 Curatis
718 2814 897 2869 desciverunt.
915 2816 967 2870 Cn.
979 2814 1133 2885 Pompeius,
1150 2812 1186 2865 ad

154 2902 350 2975 Dyrrhachium
363 2904 483 2957 obsessus
495 2920 511 2955 a
522 2903 641 2965 Caesare,
661 2914 704 2965 et,
722 2900 849 2973 praesidiis
858 2904 914 2974 ejus
925 2920 986 2955 cum
1001 2917 1099 2970 magna
1108 2896 1186 2951 clade

155 2984 264 3039 diversae
273 2988 353 3058 partis
363 2988 515 3058 expugnatis
525 3024 532 3050 ,
546 2984 683 3040 obsidione
692 2986 818 3038 liberatus
828 3023 836 3050 ,
849 2986 977 3039 translato
985 2982 1184 3037 inThessaliam

153 3068 240 3132 bello,
253 3068 324 3140 apud
334 3070 497 3123 Pharsaliam
507 3070 564 3123 acie
577 3070 660 3123 victus
674 3080 723 3123 est.
738 3068 832 3123 Cicero
843 3069 871 3121 in
885 3070 976 3122 castris
988 3066 1131 3130 remansit,
1145 3067 1186 3118 vir

152 3152 217 3205 nihil
230 3153 334 3217 minus,
346 3172 428 3225 quam
438 3152 473 3207 asl
483 3154 553 3207 bella
568 3164 662 3217 namn
677 3154 854 3227 omnibusque
869 3154 1040 3207 adversarum
1051 3152 1184 3223 partium,

128 3280 130 3287 ,
151 3236 198 3308 qui
211 3256 238 3290 se
251 3237 373 3309 potestati
386 3237 493 3291 victoris
506 3239 698 3310 permiserunt,
709 3239 798 3291 Cesar
807 3238 916 3310 ignovit.

117 3409 143 3477 I·
162 3374 340 3475 lassans
357 3411 530 3498 temporis,
551 3428 710 3501 occupato
727 3413 884 3500 perraria
895 3412 1027 3501 negotia
1037 3412 1182 3494 Coesare,

117 3511 176 3574 Cn.
201 3510 394 3600 Pompeius,
420 3535 523 3600 quum
546 3535 670 3577 annum
694 3512 736 3577 ad
757 3513 958 3602 apparando,
980 3536 1053 3601 quse
1067 3513 1182 3594 vellet,

115 3611 252 3677 liberum
274 3614 457 3695 habuisset,
479 3616 627 3705 ingentes
647 3630 730 3679 terra
746 3617 893 3705 marique
912 3616 995 3679 vires
1014 3632 1184 3679 contraxe-

114 3730 170 3778 rat.
185 3715 339 3804 Quinque
351 3717 494 3805 legiones
512 3740 588 3782 curn
602 3716 762 3797 adjunctis
779 3718 944 3806 equitibus
960 3718 1129 3796 trajecerat
1142 3716 1182 3779 ab

114 3815 223 3881 initio:
242 3840 341 3881 unam
359 3815 477 3883 deinde
494 3820 644 3883 effecerat
659 3842 700 3885 ex
712 3820 836 3901 Sicilia,
856 3842 929 3908 quse
945 3820 1029 3882 facta
1043 3840 1083 3882 ex
1098 3817 1181 3882 dua·

112 3914 191 3999 bus,
218 3914 360 3982 Gemella
383 3918 583 4002 vocabatur3
611 3936 643 3985 et
667 3944 767 3985 unam
795 3945 834 3984 ex
856 3922 1036 4002 veteranis,
1065 3919 1121 4007 qui
1146 3921 1180 3982 iu

114 4020 206 4083 Creta
226 4037 259 4085 cc
277 4021 466 4087 Macedonia
490 4022 582 4087 sedes
607 4021 765 4088 fixerant:
785 4022 865 4087 duas
885 4023 918 4085 in
940 4023 1016 4087 Asia
1037 4022 1182 4085 conscri-

111 4120 234 4188 bendas
252 4141 420 4189 curaverat
443 4126 610 4189 Lentulus.
635 4126 791 4191 Praeterea
809 4148 884 4189 cum
904 4124 1032 4189 duabus
1053 4126 1184 4214 syriacis
