2875 4900
312 406 381 504 578
430 408 496 475 JO.
519 400 714 473 FREINS.
740 398 875 467 SUPP.
897 398 953 466 IN
977 398 1089 467 LOC.
1113 399 1207 467 Llll.
1228 400 1300 468 CV.

310 548 447 615 eamque
457 527 490 589 in
507 522 643 589 flumine
659 518 877 598 constitnerit,
889 518 1018 582 assuatis
1033 542 1052 583 e
1064 519 1159 601 turri,
1171 542 1267 607 quam
1279 520 1362 583 dorso

308 630 499 717 elephantus
517 624 686 714 portabat,
706 622 769 685 tela
787 620 1026 710 spargentibus.

353 729 501 795 LXVIII.
514 724 772 791 Cassivellaunus
781 721 917 785 adverso
930 722 1058 810 praelio,
1072 722 1191 787 deiude
1199 723 1363 787 Trinoban-

309 833 392 900 tium
415 828 598 894 defectione
619 825 769 906 territus,
796 846 880 912 quos
899 824 1006 888 statim
1029 826 1238 916 Cenimagni,
1255 826 1362 915 Segon-

309 934 403 1014 tiaci,
425 930 559 1017 aliaeque
581 926 750 991 nonnulla
772 926 920 990 nationes
946 925 1062 989 iminti
1084 943 1180 1005 suut,
1205 927 1295 1016 eopia
1311 950 1362 1014 pu·

309 1032 431 1127 gnandi
455 1030 590 1095 minime
615 1028 719 1109 faeta,
745 1028 780 1091 iu
807 1024 927 1116 oppida
952 1048 1073 1091 suase
1095 1030 1229 1117 recepit
1254 1026 1363 1118 Oppida

310 1134 455 1201 Britanni
471 1148 543 1197 tum
558 1130 739 1213 vocabant,
758 1152 864 1216 quum
883 1129 977 1193 silvas
995 1127 1170 1217 impeditas
1188 1131 1270 1194 vallo
1283 1146 1363 1216 atque

309 1238 393 1301 fossa
412 1233 637 1299 munivissent.
655 1231 727 1313 lbi,
747 1230 879 1311 dejectis
899 1231 1088 1311 arboribus,
1105 1234 1239 1323 tuguria
1253 1232 1362 1312 sibi‚et

254 1342 262 1371 '
309 1336 418 1425 pecori
436 1334 561 1399 stabula
578 1332 746 1421 ponebant
764 1331 806 1396 ad
825 1355 923 1395 nsum
947 1333 1054 1424 exigui
1071 1334 1240 1422 temporis.
1257 1335 1362 1398 Interea

309 1452 451 1523 quatuor
462 1456 502 1498 ex
512 1434 629 1497 Cautio
646 1434 760 1521 reguli,
775 1434 1005 1499 Cassivellauni
1018 1435 1145 1499 nuntiis
1156 1436 1264 1519 exciti,
1279 1453 1363 1500 eastra

308 1537 442 1601 Caesaris
459 1535 580 1600 navalia
594 1534 635 1599 de
646 1534 825 1623 improviso
834 1534 1041 1600 adoriuntur.
1054 1537 1114 1599 His
1124 1554 1260 1603 strenue
1270 1560 1364 1602 oculo

309 1662 381 1703 sum
408 1662 427 1704 a
451 1638 627 1717 Romanis,
651 1637 709 1726 qui
736 1636 783 1701 ibi
809 1654 988 1725 proeerant;
1014 1637 1189 1726 subitaque
1211 1641 1364 1729 eruptione

308 1763 517 1831 magnacum
537 1737 629 1804 clade
642 1738 782 1818 rejectus
796 1738 900 1802 hostis
916 1762 925 1804 z
945 1738 1012 1803 dux
1031 1761 1165 1827 quoque
1178 1742 1298 1805 nobilis
1311 1741 1363 1802 Lo·

308 1842 436 1931 gotorix
449 1858 564 1929 captus
580 1855 638 1904 est.
659 1841 736 1903 Haec
751 1856 801 1903 tot
817 1838 951 1904 adversa
967 1838 1063 1928 (nam
1078 1855 1113 1903 et
1124 1842 1362 1906 munitissimum

308 1945 431 2009 interea
450 1940 609 2033 oppidum
625 1940 793 2027 amiserat)
806 1941 1023 2029 perpulenrnt
1037 1940 1325 2022 Cassivellauuum,
1336 1956 1362 2000 ut

307 2069 366 2135 per
380 2045 532 2109 Comium
548 2043 732 2106 Atrebatem
752 2042 874 2132 legatos
892 2040 934 2105 ad
947 2044 1105 2105 Caesarem
1118 2040 1160 2105 de
1172 2064 1257 2130 pace
1274 2044 1363 2106 mitte·

308 2163 367 2211 ret.
385 2148 505 2224 Caesar,
522 2143 579 2230 qui
601 2155 737 2231 propter
753 2142 943 2231 repentinos
964 2142 1073 2207 Galliae
1092 2156 1208 2208 motus
1226 2146 1262 2207 in
1277 2143 1363 2207 conti·

308 2249 398 2315 nenti
420 2246 565 2312 hiemare
591 2245 830 2324 constituerat,
859 2266 977 2333 magna
1000 2244 1145 2309 bostium
1171 2246 1364 2311 multitudine

307 2349 493 2429 interfecta,
515 2364 606 2435 parte
624 2346 732 2433 aliqua
752 2346 883 2426 insulae,
903 2368 970 2434 qua
989 2346 1068 2408 litus
1087 2346 1238 2435 attingit,
1254 2360 1363 2435 aceqta

306 2453 340 2514 in
360 2449 578 2530 deditionem,
596 2446 671 2511 satis
690 2463 861 2534 pensatum
879 2444 1094 2534 expeditionis
1109 2446 1259 2514 laborem
1276 2466 1363 2523 rans,

306 2551 395 2616 haurd
422 2549 577 2638 gravatim
601 2570 713 2636 paoem
743 2546 856 2628 dedit3
884 2546 1054 2612 obsidibus
1079 2550 1270 2638 imperatis,
1293 2551 1364 2632 adje·

305 2667 451 2738 stoque,
481 2672 522 2713 ne
551 2648 630 2738 quid
660 2649 918 2714 Cassivellaunus
945 2651 1209 2718 Trinobantibus
1241 2669 1363 2720 nocent.

305 2751 495 2820 Praesidium
513 2749 639 2839 imponi
655 2749 734 2813 feris
749 2749 921 2839 gentibus,
939 2765 972 2814 et
990 2752 1121 2816 Oceam
1138 2753 1296 2837 divulsis,
1310 2775 1364 2818 ne·

307 2871 358 2919 tus
370 2852 622 2919 amittendorum
636 2851 777 2915 militum
792 2850 963 2939 prohibuit
973 2875 982 2917 :
994 2852 1126 2936 tributa,
1137 2855 1165 2920 si
1179 2880 1253 2923 nou
1264 2873 1363 2923 ment

305 2980 363 3046 per
385 2977 468 3045 quos
490 2954 714 3042 exigerentur,
733 2952 850 3033 jubere
864 2976 986 3018 vanum
1004 2972 1072 3018 erat
1091 2980 1099 3020 ε
1120 2957 1226 3047 igitur
1240 2961 1292 3024 bis
1305 2959 1364 3024 abs·

305 3061 409 3124 tinere
430 3059 533 3122 Cesar
550 3055 682 3136 maluit,
699 3053 830 3120 modion
847 3056 994 3146 verugali
1011 3073 1208 3142 contentus,
1224 3085 1322 3150 quum
1340 3075 1365 3120 et

304 3183 427 3224 merces
448 3159 583 3223 minime
605 3157 755 3245 pretiosa
776 3172 902 3241 esseut,
924 3157 1103 3245 quainter
1126 3159 1241 3227 Gallos
1263 3179 1296 3228 et
1310 3160 1365 3226 lln'·

302 3277 420 3326 tannos
434 3259 713 3348 permutabantur.

337 3447 354 3513 s
369 3451 473 3498 van.
492 3447 601 3513 Poly-n.
617 3447 691 3496 Strat-
705 3446 827 3495 liuvnt.
843 3473 878 3484 -
891 3445 908 3510 5
921 3447 1037 3496 uxvru
1048 3447 1106 3498 Dio.
1119 3474 1155 3486 ·-
1170 3449 1239 3500 Cu.
1251 3479 1288 3488 —
1298 3447 1364 3498 strab.

302 3529 345 3578 lib.
356 3533 401 3589 Π,
414 3542 439 3578 et
451 3529 487 3578 ibi
499 3531 603 3579 Canub.
614 3557 648 3568 -
659 3530 723 3578 llor.
737 3531 788 3588 111,
805 3545 846 3578 ιο.
861 3556 896 3566 -
906 3531 965 3578 Tae.
978 3531 1062 3594 Agr-ic.
1076 3548 1100 3580 e.
1114 3533 1155 3580 13.
1165 3559 1199 3572 -
1211 3535 1320 3593 nient,
1331 3547 1364 3580 ar.

609 3849 1057 3881 -κ-ῴ-
