2875 4900
285 372 334 439 ΙΝ
363 370 473 439 LOC.
502 368 595 437 LlB.
623 367 696 435 CII
724 365 942 434 LIVIANI.
1077 364 1147 453 435

99 506 192 555 tamen
205 506 281 556 sunt
292 490 462 555 vulnerati.
478 490 516 553 ln
531 510 568 552 ea
583 488 763 553 calamitate
778 485 896 551 Judaeis
910 488 991 552 nihil
1004 492 1150 557 acerbius

98 594 279 681 l'uit,qua1n
295 591 385 680 quod
400 590 554 657 inviolata
571 588 613 655 ad
631 612 702 653 eam
722 588 809 653 dienr
830 588 896 652 fani
919 612 1052 672 arcana,
1071 595 1149 657 soli-

99 716 154 781 que
166 693 301 782 principi
316 690 541 772 sacerdotum,
558 714 618 755 nec
637 690 699 755 nisi
715 691 816 755 semel
831 692 1025 778 quotannis,
1041 695 1149 785 adspi-

100 794 202 859 cienda
216 794 359 882 profanis
371 792 562 858 hominibus
572 782 758 881 patuerunt

136 894 240 959 vat.
262 893 326 959 sed
342 894 504 982 praecipue
519 893 673 958 Romanis
690 891 895 957 admirationi
915 894 977 958 fuit
992 898 1080 961 nulla
1099 901 1152 963 in·

100 1010 144 1059 tus
155 995 286 1060 deorum
300 994 405 1084 effigie
416 1016 516 1059 vacua
527 995 639 1075 sedes,
654 1017 758 1082 quum
776 995 986 1060 simulacrum
997 998 1150 1087 aliquod,

100 1119 157 1159 retn
174 1098 322 1187 gentibus
345 1096 499 1161 omnibus
520 1098 609 1161 velut
631 1118 794 1161 consensu
819 1112 1001 1184 receptam,
1028 1124 1152 1188 qume-

100 1214 172 1261 rent.
189 1196 268 1263 lude
281 1198 451 1286 multiplex
463 1195 503 1261 de
516 1196 649 1277 judaicis
662 1196 875 1285 religionibus
892 1200 1087 1287 opinionum
1101 1226 1153 1267 er·

100 1318 148 1359 ror
161 1298 245 1386 apud
260 1314 372 1387 gentes
389 1299 541 1381 inolevit,
563 1314 627 1363 tam
645 1299 872 1386 pertinaciter,
891 1317 931 1364 ut
949 1302 1064 1385 etiarn,
1081 1306 1154 1368 vul·

100 1399 168 1485 gatis
184 1422 241 1488 per
257 1400 516 1465 Christianorum
533 1400 734 1464 incrementa
749 1400 936 1464 iudeorum
951 1406 1064 1487 sacris,
1081 1407 1157 1471 Plu-

101 1500 216 1563 tarchus
227 1504 242 1582 ,'
253 1516 319 1565 tam
336 1499 472 1590 diligens
486 1501 711 1567 abstrusorum
727 1500 917 1587 inquisitor,
933 1503 966 1566 in
982 1506 1154 1573 clarissima

100 1597 162 1663 luce
177 1602 356 1681 mentiret,
371 1601 518 1665 liberum
539 1601 668 1665 Patrem
680 1624 702 1663 a
714 1601 838 1665 Judoeis
852 1602 918 1665 eoli
932 1606 1043 1671 multis
1059 1630 1155 1697 argu-

102 1704 206 1767 mentis
228 1703 429 1792 ineptissime
448 1703 627 1793 disputans.
645 1702 797 1767 Absurde
812 1705 979 1791 persuasio
993 1707 1071 1772 inde
1086 1712 1154 1798 pri·

102 1824 180 1867 mum
197 1821 287 1886 orta,
309 1804 400 1892 quod
420 1804 601 1869 sacerdotes
617 1802 716 1882 judmi
734 1803 813 1866 tibia
828 1806 1056 1894 tympanisque
1076 1832 1157 1873 con.

102 1904 258 1988 tinebant,
288 1905 473 1993 hederaque
495 1904 741 1985 vinciebantur3
766 1920 800 1966 et
821 1920 896 1967 ante
914 1908 1043 1989 omnia,
1065 1912 1156 1997 quod

103 2025 215 2094 reperta
231 2010 265 2073 in
285 2009 407 2097 templo
423 2008 496 2071 vitis
511 2028 609 2071 aurea
625 2006 749 2070 luisset.

139 2109 261 2175 LXVII.
289 2109 549 2173 Pulcherrimum
573 2107 608 2171 id
632 2130 736 2195 opus,
759 2107 944 2195 quingentis
966 2112 1158 2177 aestimatum

103 2208 236 2291 talentis,
252 2211 320 2275 sive
337 2208 515 2274 Aristobuli
533 2207 678 2289 donum,
699 2207 766 2271 sive
781 2230 855 2271 suas
871 2231 889 2271 e
907 2211 1030 2298 templo
1042 2236 1158 2277 manu·

104 2308 162 2373 bias
176 2312 314 2377 Romam
331 2309 523 2398 deportante
542 2308 718 2396 Pompeio,
735 2322 846 2395 postea
862 2310 896 2371 in
914 2311 1086 2398 Capitolini
1103 2316 1159 2378 Jo-

103 2411 143 2474 vis
159 2412 231 2478 fano
250 2412 358 2494 stetit,
384 2408 556 2476 Alexandri
582 2430 701 2474 nomen
728 2408 920 2497 inscriptum
943 2410 1087 2497 habeus,
1105 2416 1161 2482 Ju-

104 2509 234 2577 daeorum
264 2512 361 2600 regis.
390 2512 429 2574 ln
458 2511 579 2599 templo
609 2527 726 2598 praeter
751 2511 981 2578 candelabrum
1012 2517 1159 2606 insigne,

105 2635 304 2702 mensamque
320 2629 353 2677 et
368 2635 443 2676 vasa
460 2634 576 2692 aurea,
594 2634 709 2700 magna
727 2612 775 2676 vis
791 2611 931 2677 odorum
950 2634 1094 2703 reperta,
1111 2643 1160 2683 sa·

105 2735 216 2804 ermque
238 2715 386 2805 pecuniae
404 2713 445 2778 ad
466 2712 533 2777 duo
554 2712 654 2778 millia
671 2713 848 2778 talentum:
867 2714 987 2800 quibus
1008 2720 1160 2784 omnibus

104 2815 246 2882 abstinuit
261 2815 456 2904 Pompeius,
473 2814 639 2901 alteroque
662 2829 738 2901 post
758 2829 889 2900 captum
907 2816 1066 2904 templum
1085 2819 1159 2903 die,

105 2920 257 3010 repurgari
274 2921 385 2984 locum
400 2918 441 2981 ab
460 2915 606 2995 aedituis,
628 2915 790 3001 solitoque
804 2916 871 2978 ritu
884 2915 1056 2982 instaurari
1072 2943 1160 2986 sacra

104 3020 205 3086 voluit.
224 3023 321 3086 Jusso
341 3017 458 3082 deinde
473 3038 607 3106 regnare
623 3015 795 3103 Hyrcano,
812 3016 991 3104 praecipuos
1011 3017 1087 3084 belli
1102 3045 1162 3086 au·

105 3133 198 3186 ctores
206 3170 215 3204 ,
224 3124 259 3186 in
272 3120 393 3209 quibus
405 3135 438 3182 et
451 3118 644 3182 Absalomus
655 3117 734 3197 fuit,
748 3115 926 3181 Aristobuli
935 3140 1041 3202 socer,
1055 3126 1161 3188 securi

105 3224 268 3305 percussit;
284 3222 442 3286 Faustum
456 3234 655 3304 ceterosque
665 3217 795 3280 virtutis
807 3240 903 3281 causa
920 3218 1071 3306 donavit3
1086 3225 1163 3290 Hie·

106 3325 274 3412 rosolyma,
297 3321 414 3386 dirutis
440 3318 551 3408 oppidi
577 3319 755 3399 moenibus,
778 3320 934 3384 Romanis
958 3324 1163 3413 stipendiaria

107 3423 189 3506 fecit,
206 3440 420 3514 procuratore
435 3420 589 3508 imposito
605 3419 786 3507 Antipatro.

142 3525 289 3591 LXVIII.
311 3522 499 3587 Judaeorum
518 3519 635 3584 deinde
652 3536 781 3608 gentem
802 3538 924 3586 veteres
949 3525 1032 3591 intra
1052 3534 1165 3595 termi-

107 3645 158 3688 nos
171 3646 398 3714 compescens,
417 3643 501 3711 quos
516 3621 558 3684 ab
573 3621 664 3709 Syria
681 3620 820 3709 populos
835 3623 999 3713 urbesque
1016 3633 1166 3718 superio.

107 3725 186 3791 ribus
211 3727 306 3792 annis
335 3725 535 3803 avulserant,
561 3721 691 3786 ademit.
716 3721 861 3804 Gadara,
890 3726 982 3812 quod
1007 3731 1165 3816 oppidum

138 3952 252 4016 §LXVL
263 3953 331 4003 Max.
344 3956 404 4018 lyr.
420 3953 522 4001 Dissert-
537 3952 577 4000 38.
588 3977 622 3986 -
633 3951 756 4000 Plutarch.
770 3954 885 4016 Sympon
899 3955 944 4009 1v‚
955 3955 980 4001 5.
990 3983 1024 3992 -
1033 3957 1091 4004 Tac.
1102 3961 1166 4009 liist.

108 4035 136 4090 V,
149 4037 212 4085 5.-
220 4036 324 4101 loseph.
333 4063 369 4074 -
379 4036 396 4102 s
408 4036 511 4084 van.
524 4033 612 4082 suut.
622 4031 740 4083 Chaonis.
748 4061 785 4070 -
793 4035 886 4100 &ulpio
897 4038 1017 4116 Serena·
1031 4041 1166 4108 Hegeslpp.

110 4121 130 4176 Ι,
145 4121 346 4186 17.-Jo·sph.
953 4143 958 4155 ¹

932 4214 994 4285 28.
