2875 4900
109 421 1182 447 mmmmmfflmmmmmmflst

250 637 539 727 JOANNIS
572 633 1033 726 FREINSHEMII

159 843 1136 1030 SUPPLEMENTORUM

239 1090 258 1110 '⁸
337 1192 958 1322 lemsonust

462 1473 642 1554 ulnus
677 1473 823 1552 cxlv
871 1445 875 1460 '

274 1705 322 1760 IN
347 1702 503 1760 Locum
526 1701 649 1758 LIBRI
674 1700 789 1756 xclx
816 1698 1001 1754 lelsltt.

448 1953 841 1987 -ὠοῠ--α

520 2172 765 2241 ΕΡΙΤΟΜΕ

344 2341 475 2397 mont
498 2335 803 2398 nosscnsmtt
827 2340 954 2398 nont.

110 2480 272 2548 Q.Metcllus
279 2478 422 2551 proconsul
428 2478 567 2542 Gnosron,
578 2479 735 2550 etLyctnm‚
743 2488 768 2529 et
776 2478 936 2551 Cydoniam,
945 2490 971 2531 et
980 2479 1043 2532 nlius
1052 2480 1181 2553 plurimus

142 2566 223 2619 urbes
236 2562 407 2635 expugnavit.
421 2564 453 2614 L.
463 2562 572 2615 Roscius
585 2560 805 2631 tribunusplebis
819 2562 904 2634 legem
915 2562 992 2627 tulit,
1009 2576 1038 2615 ut
1049 2565 1181 2635 equitibus

142 2648 261 2701 mmanis
273 2646 302 2698 in
312 2646 418 2698 theatro
430 2644 633 2716 quatuordecim
643 2642 743 2715 gradem
751 2645 864 2715 proximi
875 2648 909 2700 ab
920 2645 1055 2701 orchestra
1066 2649 1181 2720 sesigne-

140 2742 246 2785 rentur.
260 2732 312 2784 Cn.
323 2729 480 2802 Pompeius,
492 2729 551 2801 lege
563 2728 599 2782 ud
611 2728 744 2801 populum
755 2729 1180 2805 lata,psrsequiprmtss1ussus

142 2819 192 2890 qui
209 2813 399 2888 musculum
416 2832 530 2869 monte
546 2814 765 2879 intercluserunt,
785 2815 856 2869 intra
866 2816 1098 2887 quadragesimum
1109 2817 1180 2871 diem

142 2914 201 2955 toto
210 2892 281 2955 inuri
295 2918 342 2953 eos
352 2900 472 2972 expulit,
490 2898 614 2969 belloque
624 2916 685 2952 cum
696 2899 730 2951 iis
739 2899 767 2951 in
777 2899 852 2952 Cili'
820 2918 869 2953 scm
880 2901 1001 2953 confecto
1009 2902 1143 2973 ,acceptis
1154 2902 1181 2955 in

28 2987 29 3010 ³
142 2986 306 3040 deditionem
321 2984 416 3055 piratis
430 3002 508 3055 agros
522 2994 547 3035 et
559 2983 638 3035 urbes
651 2981 733 3036 dedit.
751 2983 878 3035 Praeterea
897 3003 938 3035 res
954 2997 1040 3055 gestas
1054 2986 1114 3050 uQ
1126 2987 1182 3039 Me·

140 3066 205 3120 tello
219 3066 347 3121 adversus
362 3068 499 3121 Cretenses
516 3066 649 3130 continet,
673 3079 699 3118 et
716 3066 837 3137 epistolas
855 3066 954 3119 Metelli
966 3080 991 3120 et
1001 3068 1051 3121 Cn.
1061 3069 1181 3141 Pompeii

141 3152 259 3205 invicem
276 3154 380 3206 missu.
397 3152 526 3217 Queritur
546 3150 686 3213 Metellus,
705 3150 818 3221 glorium
834 3150 883 3203 sibi
903 3167 992 3203 rerum
1012 3163 1145 3222 gestarum
1163 3172 1178 3205 s

140 3236 269 3307 Pompeio
277 3236 401 3309 proripi,
419 3237 466 3307 qui
478 3236 506 3287 in
515 3236 621 3289 cretam
634 3236 736 3287 miserit
747 3234 863 3307 legatum
878 3252 955 3289 suum
968 3234 1002 3288 nd
1016 3236 1180 3307 accipiendas

142 3319 254 3373 urbium
262 3318 422 3373 deditiones.
438 3318 579 3392 Pompeius
588 3320 718 3373 rationem
731 3319 834 3385 reddit,
848 3322 900 3375 hoc
911 3340 939 3375 se
948 3322 1036 3375 lucere
1047 3320 1179 3377 debuisse.

110 3510 134 3574 l.
156 3478 335 3578 lrrsnrrr
350 3513 386 3576 in
404 3514 499 3577 Creta
516 3514 557 3594 Q.
568 3514 719 3579 Metellus
736 3518 932 3602 proconsul,
947 3519 1112 3605 prosperis
1126 3542 1177 3583 re-

110 3609 170 3676 bus
190 3633 286 3694 rmus,
304 3614 425 3678 multas
445 3614 480 3677 in
498 3629 691 3701 potestatem
711 3616 854 3679 civitates
874 3616 1007 3707 redegit.
1030 3618 1177 3705 Cydonis

112 3712 213 3777 Cretae
229 3715 438 3802 metropolis,
456 3737 528 3802 quae
550 3714 649 3779 hodie
666 3716 728 3780 sub
751 3717 865 3779 Caneae
883 3719 1034 3798 nomine,
1055 3719 1178 3782 Tures-

112 3833 183 3877 rum
199 3815 393 3902 imperium,
414 3830 525 3903 erepta
543 3817 691 3897 Venetis,
717 3817 855 3904 patitur,
879 3834 954 3905 post
973 3816 1178 3883 obsidionem

112 3912 308 4001 aliquamdiu
324 3917 492 3980 toleratam
506 3917 659 3982 uPanare
675 3932 724 3981 est
741 3918 867 4001 dedita,
885 3920 1111 4008 impunitatem
1124 3944 1180 3984 ve-

115 4014 265 4103 niamque
279 4016 471 4081 delictorum
484 4034 589 4105 pacto.
601 4018 682 4083 lnde
695 4019 902 4085 transductus
912 4020 1077 4084 Gnossum
1091 4042 1180 4083 exer-

117 4114 214 4197 citus,
233 4116 290 4180 ubi
311 4117 513 4183 domicilium
528 4121 704 4185 lausthenes
718 4121 867 4187 habebut.
884 4120 948 4185 Sed
964 4122 1032 4202 ille,
1048 4120 1181 4187 sedibus
1248 4142 1253 4161 ·
