2875 4900
241 394 312 471 '9²
445 373 513 443 JO.
540 374 880 443 FREINSHEMII
910 371 1155 443 SUPPLEM.

269 518 387 559 «roum
408 494 562 582 patriam,
580 496 707 559 artium
729 496 879 561 omnium
900 494 1124 576 domicilium,
1144 494 1341 583 religionum

268 601 390 683 «atque
411 596 576 684 sapientiae
602 598 780 685 templum,
800 613 833 661 et
852 597 963 686 Pythii
983 596 1172 660 testimonio
1189 620 1227 660 ac
1242 620 1340 680 voce,

268 729 282 755 ι
295 698 425 762 Graeciae
444 698 678 787 Prytaneuru.·
694 696 760 764 Sed
777 697 855 762 huic
872 698 1012 762 orationi
1030 720 1099 761 non
1116 697 1224 779 aliter,
1243 713 1342 785 atque

268 800 329 863 hac
342 798 492 863 vecordia
504 798 641 887 dignum
658 816 741 881 erat,
761 799 848 863 Sulla
865 798 1045 888 respoudit.
1063 830 1077 855 ι
1088 798 1201 881 Abite,
1217 797 1342 887 inquit,

269 900 400 982 «beati3
428 915 462 963 et
485 900 554 965 haec
578 916 644 963 tam
667 900 804 989 pulchra
831 899 1058 964 declamaturis
1082 898 1344 966 adolescentibus

268 1002 465 1091 «praecipite.
482 1004 551 1093 Ego
564 1003 652 1067 enim
667 1017 798 1067 senatus
811 1001 991 1089 populique
1004 1000 1131 1064 romani
1143 1000 1259 1083 missu,
1273 1024 1343 1066 non

269 1102 439 1169 «discendi
456 1104 575 1193 gratia,
593 1104 651 1169 sed
671 1104 712 1168 ad
729 1102 914 1192 puniendos
934 1103 1070 1167 rebelles
1085 1101 1212 1167 adsum.
1224 1133 1237 1157 υ
1254 1104 1343 1167 Dum

269 1205 339 1269 haec
356 1220 517 1294 aguntur,
533 1208 617 1270 forte
631 1228 749 1269 senum
765 1206 801 1270 in
816 1204 977 1269 tonstrina
992 1226 1178 1267 sermonem
1193 1203 1343 1269 habitum

269 1307 488 1395 exploratores
507 1306 548 1371 ad
565 1308 687 1371 Sullam
707 1307 918 1371 retulerunt:
935 1321 1075 1393 tyranno
1094 1304 1344 1387 maledixerant,

267 1408 356 1496 quod
364 1409 555 1496 negligenter
565 1424 702 1475 servaret
714 1410 833 1489 urbem,
842 1406 1025 1498 facilesque
1035 1407 1083 1471 ad
1091 1407 1346 1496 Heptacltalcum

268 1509 375 1573 adita
387 1512 591 1576 turustoditos
602 1515 723 1577 stimet.

314 1610 429 1675 XLIV.
450 1612 646 1701 Imperator,
667 1612 923 1701 haudquaquam
941 1547 1166 1700 spernendum
1185 1612 1344 1677 iudicium

271 1729 376 1793 ratus,
399 1713 505 1779 media
524 1730 621 1779 nocte
640 1739 716 1779 curn
732 1713 891 1802 expeditis
908 1712 950 1777 ad
966 1713 1076 1777 locum
1095 1714 1202 1794 veuit,
1218 1729 1252 1780 et
1267 1715 1346 1801 quia

273 1836 342 1877 non
365 1812 504 1879 difficilis
530 1832 684 1904 superatu
702 1815 891 1896 ridebatur,
914 1814 1081 1879 admoveri
1098 1815 1206 1879 statim
1226 1817 1344 1898 scalas,

272 1930 304 1979 et
315 1915 406 1979 evadi
419 1918 453 1980 in
466 1940 600 1981 murum
610 1918 714 1997 jubet.
728 1917 859 1981 Primus
871 1916 1020 1980 omnium
1038 1917 1083 1980 M.
1097 1917 1195 1980 Teius
1208 1916 1243 1979 in
1257 1940 1345 1981 sum·

271 2040 363 2083 mum
380 2020 504 2102 enisus,
529 2044 632 2108 quum
653 2035 881 2084 occurrentem
902 2018 965 2082 sibi
987 2018 1115 2082 bostem
1134 2018 1262 2100 feriret,
1282 2020 1347 2083 ob·

268 2118 356 2198 jectu
369 2121 466 2211 galeae
479 2121 575 2211 fregit
586 2144 696 2186 ensem
710 2145 717 2186 :
732 2143 794 2185 nec
808 2120 902 2184 cessit
916 2135 1024 2183 tamen
1040 2120 1131 2200 loco,
1147 2118 1222 2201 sed,
1239 2119 1347 2187 donec

271 2222 323 2284 alii
333 2222 572 2287 commilitones
587 2223 850 2312 supervenirent,
863 2222 989 2286 restitit.
1001 2221 1053 2286 Sic
1065 2238 1256 2310 expugnatae
1266 2241 1348 2287 sunt

225 2368 227 2373 ,
271 2323 384 2388 aSulla
395 2324 544 2405 Athenae,
561 2322 704 2389 kalendis
718 2324 851 2387 martiis.
863 2322 1019 2402 Romani,
1037 2321 1164 2405 dirut0,
1183 2322 1346 2411 quidquid

272 2424 359 2490 inter
378 2423 459 2490 duas
480 2443 605 2515 portas,
625 2426 783 2491 Piraicam
804 2440 837 2490 et
855 2426 1001 2507 Sacram,
1025 2448 1197 2489 murorum
1218 2424 1346 2510 fuerat,

272 2547 481 2614 magnorum
497 2543 619 2592 terrore
636 2528 792 2618 ingressi,
815 2527 934 2592 strictis
950 2527 1083 2592 ensibus
1100 2526 1141 2591 ad
1157 2526 1278 2592 caedem
1292 2553 1348 2592 ra·

271 2629 430 2716 pinasque
447 2629 691 2713 discurrerunt;
711 2655 780 2695 non
796 2630 1012 2695 defectionem
1030 2645 1157 2693 tanturn
1169 2630 1348 2695 Athenien·

272 2731 375 2811 sium,
398 2730 455 2795 sed
478 2753 552 2796 suas
576 2733 806 2814 contumelias,
829 2747 863 2796 et
884 2732 969 2811 jacta
992 2730 1174 2794 obsidionis
1197 2747 1347 2819 tempore

272 2833 437 2914 convicia,
456 2833 591 2899 immitis
606 2833 731 2924 ingenii
742 2835 812 2898 viro
827 2833 943 2897 acriter
956 2831 1152 2896 vindicante.

316 2934 414 2998 XLV.
434 2933 511 2998 Erat
526 2935 663 3000 omnino
683 2935 768 2999 loeda
784 2951 856 2998 tum
872 2955 1003 3014 eorum,
1019 2957 1093 3020 quae
1118 2931 1250 3015 fierent,
1268 2955 1347 3021 spe-

272 3035 354 3115 cies,
374 3051 445 3100 tum
466 3035 628 3100 factorum
651 3035 809 3102 memoria
829 3051 862 3098 et
881 3051 978 3100 notae.
1000 3034 1113 3098 Multis
1133 3035 1168 3097 in
1188 3032 1348 3100 domibus

272 3136 404 3202 condita
425 3139 459 3201 in
481 3161 579 3203 usum
603 3139 753 3204 ciborum
773 3138 917 3202 humana
934 3136 1080 3201 membra
1100 3152 1247 3224 reperta:
1271 3151 1348 3199 tan·

272 3252 408 3326 trrmque
430 3241 555 3304 cruoris
579 3263 615 3306 ea
641 3258 738 3306 nocte
759 3242 870 3306 lusum
896 3239 1023 3319 ferunt,
1045 3253 1098 3319 ut,
1124 3254 1242 3327 praeter
1267 3238 1349 3303 alias

272 3337 364 3402 urbis
382 3357 490 3427 partes
507 3340 649 3405 caedibus
670 3358 702 3406 et
725 3341 935 3406 cadaveribus
956 3340 1120 3429 oppletas,
1140 3357 1229 3404 totus
1246 3342 1350 3404 Cera·

272 3439 376 3503 micus
395 3442 438 3504 ad
456 3426 599 3530 Dipylon
621 3466 728 3531 usque
748 3444 907 3534 sanguine
927 3441 1055 3506 lluxerit
1064 3442 1233 3530 ,ejusque
1257 3442 1350 3508 rivos

272 3542 369 3605 etiarn
387 3543 421 3606 in
438 3544 634 3608 suburbium
651 3567 797 3608 manasse
813 3543 945 3633 quidam
963 3544 1142 3608 retulerint.
1160 3543 1239 3608 Nou
1256 3543 1351 3606 enim

271 3643 458 3707 allemania
478 3659 605 3708 tantum
624 3645 712 3709 obvii
732 3647 978 3726 sternebantur,
996 3645 1054 3710 sed
1073 3646 1188 3736 ingens
1207 3644 1353 3732 oppida-

272 3765 391 3809 norum
411 3767 585 3828 numerus,
609 3747 774 3812 acerbiora
797 3765 904 3812 morte
924 3764 1093 3829 metuens,
1118 3747 1352 3837 desperatione

271 3846 332 3912 sibi
348 3869 462 3912 necem
476 3849 706 3915 conscisccbat.
717 3851 860 3916 Aristion
873 3874 949 3916 curu
966 3851 1077 3939 paucis
1090 3851 1125 3914 in
1139 3873 1248 3914 arcem
1262 3872 1350 3913 con-

306 4059 322 4126 3
335 4061 426 4109 xm.
441 4062 473 4110 U.
485 4061 514 4110 C.
526 4059 593 4120 6663
611 4063 642 4110 Α.
657 4063 685 4113 C.
702 4063 744 4112 86.
762 4062 868 4112 -vett
883 4063 923 4121 tt,
936 4063 979 4110 23.
993 4088 1029 4099 -
1040 4061 1106 4112 Plut.
1122 4087 1157 4100 -
1172 4062 1238 4110 Flor.
1252 4062 1307 4120 111,
1323 4063 1351 4110 ⁵.

271 4169 306 4179 -
316 4141 426 4209 Appiam
439 4171 473 4180 -
483 4145 610 4194 Memnon.
