2875 4900
926 189 939 222 l

243 431 297 500 IN
328 429 441 498 LOC.
467 430 562 500 LIB.
589 430 796 499 Lxx-vlu
826 431 1044 500 LIVIANL
1127 430 1174 527 39

104 553 263 642 profugos
284 551 461 629 missitare,
481 553 664 642 complures
686 552 752 616 hoc
773 552 909 615 crimine
934 552 1087 617 sustulit:
1105 555 1174 618 aliis

103 653 228 720 ademit
238 654 342 732 bona,
360 667 554 742 tantumque
568 653 620 718 his
634 653 754 748 rapinis
765 654 929 743 congessit
941 676 1174 732 nummorum,

107 773 144 820 ut
153 757 253 820 etiam
265 771 383 844 puteos
394 754 520 842 aliquot
530 756 707 842 compleret
715 755 869 842 pecunia3
883 777 945 818 nec
956 755 1044 817 enini
1055 754 1174 818 citium

109 873 251 940 tautum,
264 856 322 921 sed
336 857 433 921 ctiam
446 857 692 946 peregrinorum
703 857 870 920 facultates
881 856 1016 945 diripuit
1027 878 1034 919 :
1046 854 1104 920 sed
1116 878 1177 919 nec

107 983 126 1022 a
137 958 224 1024 Delii
239 958 400 1047 Apollinis
415 959 553 1047 pecuina
571 958 741 1048 sacrilegas
759 956 916 1021 abstinuit
930 979 1057 1022 manus.

150 1059 186 1122 L.
202 1058 342 1140 Quoties
356 1059 453 1124 alicui
460 1059 593 1124 dixisset
605 1058 837 1148 perduellionis
847 1056 952 1141 diem,
962 1057 1178 1138 interjudices

108 1161 174 1247 ipse
188 1181 326 1248 quoque
340 1160 531 1250 suffragium
547 1160 671 1224 serebat
684 1183 691 1224 ε
706 1159 770 1240 sic,
785 1158 843 1247 qui
858 1159 958 1223 semel
973 1161 1077 1222 factus
1094 1173 1179 1222 esset

109 1281 201 1340 rcus,
224 1259 415 1325 elabebatur
434 1283 552 1344 nemo;
575 1276 708 1350 eratque
730 1259 954 1342 tantumdem,
975 1261 1177 1348 postulatum

108 1360 250 1448 aliquem
260 1361 326 1426 hoc
335 1361 480 1443 judicio,
493 1385 593 1450 quam
607 1362 795 1426 convictum
810 1378 908 1450 atque
921 1361 1177 1426 condemnatum

109 1483 197 1526 esse:
215 1461 306 1526 unde
322 1462 429 1528 ceteri
446 1464 608 1552 exterriti,
627 1463 726 1528 simul
739 1463 859 1528 deferri
874 1485 996 1527 nomen
1012 1486 1109 1526 suum
1126 1464 1178 1525 in-

109 1563 316 1644 tellexerant,
329 1563 364 1628 in
379 1564 526 1628 exsilium
540 1564 839 1653 proficiscebantur.
855 1565 919 1629 Sed
929 1565 1088 1642 Aristion,
1101 1564 1178 1653 fuga

109 1664 240 1728 illorum
254 1665 390 1728 minime
405 1682 599 1747 contentus,
614 1667 872 1756 sanguinemque
883 1665 1010 1747 sitiens,
1024 1682 1075 1728 ter
1085 1664 1178 1729 denis

109 1766 265 1852 appositis
279 1765 455 1849 militibus,
473 1789 517 1831 ne
533 1767 605 1854 quis
620 1765 731 1855 egredi
747 1789 782 1830 se
798 1765 902 1829 invito
920 1764 1085 1853 ingredive
1101 1788 1178 1854 pos·

110 1881 176 1947 set,
192 1879 303 1954 portas
318 1866 542 1949 custodiebat3
559 1883 592 1931 et
608 1883 774 1956 quotquot
790 1866 832 1929 ab
847 1864 1090 1956 insidiatoribus
1107 1889 1179 1954 pas·

110 1965 171 2028 sim
187 1986 248 2052 per
261 1987 354 2055 agros
370 1965 535 2055 dispositis
552 1968 655 2056 excipi
669 1982 863 2055 potuerant,
880 1989 936 2031 eos
949 1966 1071 2031 indicta
1084 1989 1179 2031 causa

111 2065 312 2130 necuciatos
336 2067 495 2156 supplicio
520 2068 632 2155 capitis
654 2067 815 2132 afficiebat
837 2090 847 2132 t
870 2066 927 2131 sed
951 2083 984 2130 et
1006 2067 1093 2132 inter
1112 2068 1180 2156 ipsa

110 2182 276 2230 tormenta
291 2168 386 2231 multi
406 2169 658 2234 emoriebantur.

157 2267 210 2331 tl.
223 2268 336 2349 Quum
350 2269 397 2332 sic
410 2292 544 2358 quoque
554 2269 763 2358 praesentium
778 2271 937 2334 malorum
954 2291 1064 2351 sensu,
1076 2270 1180 2334 minas

39 2419 44 2428 .
111 2367 375 2456 impendentium
386 2372 554 2453 vincente,
569 2371 662 2434 multi
675 2373 906 2462 profugerent,
921 2371 1021 2436 edixit
1033 2393 1092 2461 per
1103 2395 1181 2461 pras·

112 2492 249 2553 oonem,
273 2485 312 2535 ut
331 2474 389 2537 sub
408 2495 552 2537 occasum
574 2474 641 2537 diei
659 2472 750 2536 domi
768 2495 836 2537 suar
852 2476 980 2561 quisque
1001 2487 1099 2551 esset‚·
1123 2497 1180 2536 nec

111 2570 304 2658 r'rzdepostea
311 2621 321 2651 ,
336 2572 392 2637 vel
397 2597 468 2638 cum
477 2574 602 2638 laterna
613 2588 674 2638 aut
672 2573 796 2662 funali
805 2573 1008 2661 egrederetur.
1017 2576 1179 2637 Caeterutn

112 2672 249 2737 Athenis
264 2673 355 2737 hunc
374 2674 408 2737 iu
424 2673 560 2738 modurn
579 2674 621 2739 ad
641 2674 873 2740 mithridaticus
889 2691 995 2765 partes
1012 2674 1179 2756 adductis,

111 2774 310 2857 Archelaus,
328 2791 482 2863 tanquam
505 2799 578 2841 arce
597 2777 674 2841 belli
690 2799 788 2857 usus,
803 2777 878 2841 alias
902 2798 1036 2864 quoque
1051 2775 1181 2839 Graeciae

113 2876 259 2941 civitates
272 2900 290 2941 a
301 2878 455 2942 Romanis
466 2878 667 2943 abalienavit.
681 2880 772 2943 Inter
781 2879 843 2943 hos
856 2878 965 2943 Achaei
980 2877 1132 2957 fuerunt,
1145 2894 1177 2940 et

113 2978 374 3059 Lacedaemonii,
393 3002 469 3043 cum
492 2980 642 3044 universa
663 2980 800 3060 Boeotia,
824 2980 885 3042 nisi
903 2977 995 3066 quod
1012 3000 1077 3041 una
1094 2978 1181 3041 The·

114 3082 294 3171 spIensium
316 3079 396 3143 urbs
419 3078 623 3144 obsidionem
641 3081 707 3167 pati
728 3081 902 3161 maluerat,
924 3103 998 3143 nam
1017 3078 1180 3161 Thebani,

115 3186 184 3249 sive
200 3196 332 3271 propter
346 3180 520 3245 amicitiam
532 3181 798 3256 Atheniensium,
814 3181 880 3245 sive
896 3181 1024 3245 levitate
1040 3180 1180 3269 quadam
1209 3187 1214 3198 '

114 3288 317 3364 animorum,
333 3284 421 3349 ultro
435 3284 580 3370 partibus
596 3300 809 3349 accesserunt.
825 3303 830 3312 ·

160 3387 229 3449 LII.
245 3384 335 3447 Inter
345 3384 667 3473 haecMetruphanes,
683 3386 742 3472 qui
751 3383 870 3447 Delum
882 3384 1090 3471 spoliaverat,
1105 3408 1181 3449 cum

116 3488 205 3577 regia
231 3485 331 3549 classe
352 3501 504 3575 vagatus,
530 3508 624 3574 agros
647 3486 732 3551 circa
755 3484 1012 3568 Demetriadem,
1039 3486 1182 3576 itemque

10 3638 11 3685 ,
116 3588 301 3677 Magnetas,
314 3601 347 3648 et
360 3587 387 3650 si
401 3587 457 3674 qui
468 3588 521 3651 alii
534 3586 790 3652 dominationem
807 3587 891 3676 regis
906 3587 1109 3669 abnuebant,
1123 3612 1183 3677 po-

117 3689 300 3777 pulabatur.
319 3686 383 3751 Sed
401 3688 491 3753 hunc
504 3689 649 3754 Bruttius
670 3689 769 3770 Sura,
791 3690 829 3753 C.
841 3689 943 3753 Sentii
956 3690 1183 3755 Macedoniam

117 3787 295 3851 obtinentis
312 3786 452 3877 legatus,
472 3812 547 3855 cum
563 3790 675 3879 paucis
691 3790 758 3853 suis
774 3789 910 3854 navibus
923 3812 1108 3880 aggressus,
1125 3814 1183 3855 na-

120 3910 193 3951 vem
211 3910 311 3951 unam
326 3910 402 3953 curn
416 3888 569 3955 hemiolia
584 3883 805 3981 depressitset
813 3914 945 3973 omnes,
960 3891 1078 3979 quibis
1088 3892 1185 3956 vehe-

10 4160 11 4177 ,
153 4088 170 4153 s
187 4089 227 4136 tt.
240 4088 363 4137 Plutarch.
378 4088 404 4136 in
422 4090 505 4151 Sulla,
522 4106 576 4156 cap.
590 4106 632 4139 ar.
647 4118 681 4129 -
696 4090 803 4157 Appirn.
821 4089 934 4140 Mitbrid.
952 4115 987 4127 -·
1005 4090 1132 4138 Memnon.
1149 4117 1186 4147 5-

10 4180 11 4185 ’
117 4174 218 4224 Pruna.
234 4174 277 4227 lib.
288 4174 327 4224 III
341 4184 366 4222 et
378 4174 424 4224 IX.
