2875 4900
142 406 197 472 ιο.
221 401 403 471 snmus.
430 401 563 468 surr.
591 400 644 467 tn
677 401 789 469 noc.
817 406 910 472 mn
938 410 1033 479 xer.
1067 440 1134 511 227

104 548 134 586 er
150 524 295 588 sententia
311 524 347 587 L.
358 521 517 610 Philippi,
534 519 661 584 dertreta
680 520 727 585 illi
747 526 913 609 provincia
931 546 996 613 est,
1014 550 1051 597 ut
1068 540 1136 625 pari

102 648 163 689 cum
178 626 217 707 Q.
224 626 353 689 lletello
369 623 507 711 imperio
522 638 627 687 esset:
643 645 711 711 quo
728 639 874 712 tempore
891 628 998 711 aiunt,
1016 636 1136 700 miran-

103 726 174 788 tibus
187 724 481 812 qurerentibusque,
496 746 603 786 «anne
617 722 715 811 igitur
726 724 870 811 equitem
887 752 1059 799 romanum
1076 761 1136 825 pro

100 826 233 890 «musule
256 824 452 890 mittendum
477 824 650 887 censeret?
664 856 677 879 ι»
702 826 907 912 respondisse
930 831 1135 923 Philippum,

101 950 215 991 «nense
225 928 315 992 illurn
328 949 387 993 sua
396 924 554 989 sententia
568 946 629 1009 pro
642 925 791 1003 consule,
805 927 861 989 sed
873 952 934 1015 pro
948 936 1136 1001 consulibus

100 1028 258 1091 «mittere».

133 1128 168 1191 ll.
184 1130 283 1192 Tanta
300 1141 368 1190 erat
383 1124 424 1190 de
440 1124 559 1187 virtute
572 1123 719 1213 Pompeii
731 1128 859 1213 opinio,
875 1148 930 1211 ut,
949 1156 1052 1221 quum
1067 1137 1134 1203 duo

97 1228 224 1293 eonsules
239 1228 404 1293 clarissimi
419 1226 650 1313 fortissimique
666 1244 790 1307 essent,
805 1228 947 1297 duorum
962 1240 1135 1306 consulum

98 1350 197 1393 nuum
205 1330 302 1393 unius
313 1326 526 1392 adolescentis
534 1326 647 1391 virtuti
657 1329 924 1397 committeretur.
936 1336 1039 1423 Igitur
1045 1340 1137 1404 Potn-

96 1428 186 1513 peius,
201 1445 333 1518 accepto
350 1428 505 1515 imperio,
521 1425 636 1491 diebus
651 1426 864 1517 quadraginta
880 1436 1029 1523 suppleto
1043 1460 1135 1503 exer·

96 1528 164 1609 citu,
178 1532 358 1619 paratisque
376 1528 580 1607 necessariis,
595 1526 637 1591 ad
657 1528 752 1614 Alpes
774 1532 891 1612 movit,
908 1556 1046 1621 quarum
1064 1538 1134 1601 atli-
1221 1552 1226 1565 ·

95 1646 137 1693 tus
147 1633 317 1696 sertoriana
332 1628 479 1718 presidia
501 1628 703 1693 obtinebant.
719 1629 824 1717 Igitur
838 1631 1010 1721 Pompeius
1028 1638 1133 1721 aliud,

94 1752 174 1817 quam
196 1732 356 1797 Hannibal
382 1730 592 1819 patefecerat,
620 1730 680 1793 sibi
713 1734 932 1818 opportunius
957 1738 1018 1801 iter
1043 1740 1135 1819 juxta

93 1831 222 1896 llbodani
235 1832 381 1919 Paulique
392 1832 500 1894 fontes
512 1832 656 1918 aperuit5
672 1832 889 1921 hostibusque
902 1836 935 1899 in
949 1840 1134 1926 Hispaniam

93 1932 249 2015 submotis,
267 1934 421 2011 Galliam,
437 1932 609 2011 adjuvante
629 1954 695 1995 non
712 1934 869 2021 segniter,
889 1938 946 2023 qui
962 1940 1134 2026 provinciae

92 2052 220 2120 preerat,
234 2038 280 2100 Μ.
290 2034 443 2114 Fonteio,
456 2033 591 2119 recepit;
604 2031 722 2095 deinde
732 2035 871 2119 perrexit
881 2036 922 2101 ad
932 2038 1133 2126 Pyrenaeum,

92 2148 119 2195 ut
134 2135 171 2200 ad
187 2136 343 2201 auxilium
360 2134 492 2199 Metello
510 2131 682 2195 ferendum
698 2155 795 2219 quarn
818 2139 1006 2217 maturrime
1021 2163 1134 2205 occur·-

91 2252 181 2299 reret:
196 2259 272 2300 nam
290 2237 319 2299 is
337 2233 455 2297 indies
470 2232 711 2297 molestioribus
731 2235 828 2298 rebus
846 2238 1014 2324 utcltatur3
1031 2264 1132 2329 quum

90 2356 172 2423 super
185 2338 245 2401 alia
261 2337 363 2415 mala,
380 2334 529 2399 fatiscens
549 2333 714 2396 laboribus
739 2335 847 2415 miles,
866 2339 1010 2426 segnior,
1028 2358 1060 2405 et
1076 2343 1132 2407 ad·

89 2459 181 2502 uersus
195 2440 427 2528 imperatorem
442 2434 666 2498 contumacior
683 2433 788 2514 lieret,
810 2459 970 2524 eousque,
988 2457 1041 2522 ut,
1058 2444 1132 2508 Ser.

88 2537 157 2600 torio
171 2539 343 2604 Metellum
362 2536 404 2601 ad
426 2535 587 2624 singulare
609 2551 772 2598 certamen
794 2557 1004 2624 provocante,
1023 2543 1131 2632 impu,-

86 2636 152 2701 dens
163 2641 286 2704 clamor
300 2639 457 2716 oriretur,
473 2637 518 2700 ire
527 2636 732 2717 jubentium,
750 2636 931 2727 ducemque
943 2666 1018 2708 cum
1033 2645 1132 2726 duce,

87 2737 251 2806 Romanum
273 2763 350 2804 cum
368 2740 516 2802 Romano
531 2737 701 2826 congredi,
719 2759 787 2802 non
804 2741 874 2805 sine
890 2745 1059 2826 conviciis,
1074 2749 1130 2810 nlri

86 2839 233 2906 bletellum
249 2839 451 2929 imperatorii
469 2840 532 2902 loci
550 2861 744 2918 memorem,
760 2862 866 2928 neque
880 2843 979 2908 liostis
996 2847 1130 2912 insulta·

85 2939 174 3025 noue,
190 2965 303 3032 neque
316 2964 452 3009 suorum
467 2940 601 3004 stultitia
619 2943 742 3006 moveri
758 2941 919 3008 viderunt.

117 3045 170 3110 lll.
187 3047 295 3135 igitur
315 3043 485 3122 Metellus,
505 3057 543 3106 ut
560 3042 668 3128 aliquo
688 3043 819 3130 negotio
840 3045 974 3108 militem
994 3069 1131 3135 occupa·

85 3158 134 3222 ret,
151 3145 299 3210 celeriter
311 3143 353 3208 ad
365 3142 575 3231 Laccobrigas
594 3142 713 3222 movit,
737 3143 851 3206 urbem
873 3144 1130 3234 hostiopportu-

85 3241 249 3330 nissinram,
274 3267 340 3308 non
362 3265 480 3332 magno
499 3243 630 3332 negotio
650 3244 685 3303 in
707 3257 900 3328 potestatem
924 3242 1130 3330 redacturus,
1214 3253 1222 3262 “

84 3343 157 3426 quod
168 3370 258 3411 unus
275 3361 403 3410 tantum
418 3345 504 3407 intra
515 3344 632 3406 muenia
651 3357 769 3429 puteus
784 3359 869 3424 erat,
887 3360 920 3408 et
935 3346 1130 3422 suburbanis

84 3447 159 3529 aquis
173 3448 298 3512 obsessi
315 3445 582 3535 prohibebantur.
600 3443 663 3508 Sed
685 3443 738 3506 hic
756 3465 887 3532 quoque
909 3469 1015 3534 neque
1037 3452 1130 3516 solita

82 3547 175 3612 mutio
193 3548 358 3630 Sertorio,
377 3569 484 3634 neque
505 3546 650 3610 celeritas
672 3543 834 3608 efficiendi
854 3547 993 3636 cogitata
1015 3549 1127 3618 deluit.

82 3645 119 3708 Er
139 3654 227 3714 omni
256 3651 476 3737 Hispanorum
502 3647 758 3733 Maurorumque
781 3669 919 3712 numero
944 3651 1129 3716 robustissi-

81 3765 156 3812 mum
174 3772 363 3838 quemque,
383 3747 601 3834 eumdemque
619 3746 895 3834 pernicissimum,
918 3755 1128 3837 pronuntiato

105 3966 118 4029 §
131 3970 149 4016 1.
162 3973 194 4018 lJ.
206 3973 237 4038 (Ξ.
248 3971 315 4032 675;
326 3970 358 4018 A.
367 3971 397 4018 C.
408 3985 449 4029 77.
458 3997 493 4006 -
502 3969 609 4032 Appitu.
618 3966 671 4016 civ.
680 3966 725 4015 lib.
737 3969 762 4023 1,
772 3979 795 4015 et
807 3968 877 4031 Hisp.
887 3993 921 4003 —
933 3965 949 4030 S
959 3968 1049 4015 trust.
1060 3969 1126 4017 Mus.

80 4045 140 4108 ΠΗ,
151 4055 190 4100 rs.
199 4079 237 4090 —-
247 4055 299 4104 Cle.
310 4067 358 4118 pro
371 4053 487 4110 sonnio,
496 4067 552 4116 cup.
562 4067 588 4098 a.
599 4077 634 4086 —
643 4051 716 4098 Oros.
725 4051 757 4107 V,
771 4051 812 4098 rs.
824 4076 857 4086 -
864 4047 984 4096 Plutarch.
998 4048 1023 4096 ln
1036 4052 1127 4098 Senon

79 4141 97 4176 et
104 4136 182 4200 Pomp.
192 4165 231 4176 --
242 4137 340 4186 sinunt.
348 4137 413 4186 Hist·
422 4139 474 4196 111,
484 4137 511 4184 in
523 4135 595 4200 epist.
607 4135 654 4184 Cu.
664 4135 751 4196 Potup.

895 4221 952 4292 15.
