2875 4900
265 362 337 435 638
440 366 505 433 JO.
532 362 875 433 FREINSHEMII
904 352 1151 433 SUPPLEM

262 488 352 577 ginta
364 484 488 573 pedum
502 484 673 549 altitudine
686 482 883 549 effieereuu.
897 484 939 548 ln
953 506 996 548 eo
1012 485 1130 549 mrrim
1144 486 1248 549 etexit
1259 487 1328 551 Ca·

261 586 548 651 sartabulatorum
566 582 1001 673 deeetntitanonquidem
1018 586 1328 652 altitudommimn

261 686 508 777 admirabatur,
528 685 620 775 quod
639 686 738 751 nullis
761 687 904 751 obtinui
927 687 1083 776 operibns
1103 704 1251 777 μεως
1271 690 1329 754 sed

262 806 372 855 tamen
395 790 496 853 fontis
517 786 682 876 fatigium
710 788 922 869 vincebatur,
945 789 1075 877 telaque
1095 791 1269 855 tormentis
1287 791 1327 855 ad

261 894 331 974 ejus
352 890 477 955 aditttm
498 889 583 953 mitti
605 904 776 976 poterant,
796 912 841 953 ne
864 890 937 954 sine
957 891 1103 979 periculo
1118 907 1326 979 aquarentne

261 990 388 1057 Eodem
401 1008 549 1077 tempore
560 988 704 1053 cttnimli
716 988 759 1054 ad
774 989 877 1055 fontis
888 1008 988 1079 oeput
999 1009 1159 1081 aguntur3
1174 993 1270 1073 eujus
1281 995 1327 1058 rei

261 1090 417 1179 oppidani
435 1088 532 1153 nescii
544 1134 554 1170 ,
566 1104 711 1170 tantum,
728 1090 820 1177 quod
830 1091 877 1155 ob
893 1092 1007 1157 oeulos
1024 1109 1110 1175 erat,
1125 1095 1252 1158 malurn
1262 1098 1328 1159 ior·

262 1192 439 1257 midabant.
1289 1194 1294 1209 '

305 1292 410 1359 XXV.
432 1290 538 1381 Igitur
560 1307 599 1355 ut
621 1291 686 1356 boc
706 1308 907 1375 averterent,
932 1316 1034 1383 cupas
1053 1316 1149 1377 sevo,
1176 1296 1269 1383 pioe,
1292 1319 1329 1360 ae

262 1394 425 1461 scandulis
439 1393 592 1481 repletas,
609 1408 643 1457 et
658 1394 735 1482 igne
752 1393 917 1475 immisso,
934 1395 971 1458 in
986 1417 1086 1483 opera
1104 1396 1329 1461 Romanorum

225 1560 230 1565 .
262 1496 449 1562 devolvunt.
462 1495 513 1559 lbi
520 1517 624 1583 quum
631 1493 673 1559 ad
681 1494 924 1582 prohibendum
932 1496 1121 1559 incendium
1130 1518 1328 1562 mncursum

261 1613 364 1679 esset,
380 1620 453 1661 aere
471 1597 617 1685 praelium
633 1596 766 1678 exstitit,
774 1618 879 1683 quum
890 1598 1055 1660 Romanos
1067 1597 1329 1687 viruts,oppida·

262 1720 322 1765 nos
340 1699 431 1763 loeus
444 1697 620 1778 adjuvaret.
635 1696 700 1761 Sed
718 1697 777 1759 ubi
794 1696 916 1761 multos
928 1720 1064 1761 suorum
1081 1699 1247 1763 vulnerari
1259 1703 1327 1765 (2ae-

261 1799 421 1881 sarvidit,
439 1800 583 1863 exomni
597 1798 811 1887 parteseandi
826 1816 972 1863 mentem
986 1802 1326 1882 conclamauejubet

260 1902 310 1967 lta
328 1901 370 1966 ad
387 1901 527 1990 speeiem
545 1898 845 1988 oppugnandorum
859 1901 1016 1965 moenium
1032 1900 1327 1984 Uxellodunenses,

261 2004 383 2067 omisso
407 2002 542 2091 praelio,
564 2016 717 2065 revocant
734 2001 769 2063 in
788 1999 949 2089 oppidum
974 2017 1132 2085 armatos,
1153 2019 1188 2067 et
1210 2004 1247 2067 in
1265 2004 1325 2068 tir·

260 2105 354 2170 cuitu
372 2104 457 2169 muri
475 2104 677 2191 disponunt:
695 2103 864 2165 Romanus
883 2102 997 2190 iniqua
1017 2104 1119 2190 prelii
1139 2104 1327 2169 conditione

260 2206 426 2271 liberatur.
442 2205 482 2268 In
493 2204 557 2267 hoc
570 2218 656 2267 statu
668 2225 771 2291 quum
784 2203 956 2291 oppidani,
967 2206 1043 2269 lieet
1055 2206 1166 2269 multis
1177 2207 1242 2271 sibi
1255 2230 1326 2296 per·

260 2308 433 2388 euntibus,
456 2322 565 2369 tamen
583 2304 785 2386 resisterent,
802 2322 935 2393 repente
952 2308 1047 2388 fons,
1069 2330 1138 2395 quo
1157 2309 1230 2372 solo
1254 2326 1324 2372 ute·

259 2410 396 2487 bantur,
420 2407 579 2472 cuniculis
602 2406 800 2496 interceptus
821 2408 957 2473 exaruit.
979 2410 1027 2474 Ea
1046 2432 1120 2491 res,
1146 2410 1240 2497 quod
1258 2432 1323 2474 non

258 2509 393 2574 humani
405 2509 550 2589 consilii,
563 2507 622 2572 sed
635 2507 773 2572 deorum
787 2509 834 2574 ira
849 2509 1021 2592 accidisse,
1036 2527 1226 2599 putaretur,
1237 2514 1324 2576 velut

259 2611 416 2676 miraculo
432 2610 624 2674 exanimavit
644 2609 774 2692 hostes;
796 2610 1064 2700 deditionemque
1079 2613 1171 2678 omni
1186 2637 1252 2703 ope
1268 2613 1323 2678 de·

258 2714 378 2778 stitutis
393 2711 563 2776 necessitas
577 2712 723 2775 extorsit.
746 2742 753 2748 ·

303 2816 423 2880 XXVI.
450 2816 555 2878 Coesar
577 2813 753 2896 omnibus,
781 2815 838 2900 qui
860 2837 949 2878 arma
972 2815 1134 2897 tulerant,
1164 2817 1323 2905 amputari

260 2941 376 2982 manus
397 2915 511 2997 jussit,
533 2915 631 2978 vitam
651 2914 815 3002 relinqui,
838 2938 881 2978 ne
898 2939 1026 3002 poenam
1046 2939 1162 2980 eorum
1182 2940 1225 2980 ex
1245 2941 1324 2982 eon·

258 3037 371 3110 speetu
387 3019 588 3105 reliquorum
607 3031 780 3091 amoveret.
799 3016 869 3081 Nee
891 3018 980 3081 enim
1002 3016 1212 3099 erudelitate,
1228 3043 1247 3082 a
1262 3041 1325 3106 qua

258 3121 435 3208 plurimum
455 3117 669 3197 abhorrebat,
688 3118 885 3204 supplicium
902 3118 968 3182 hoe
983 3118 1199 3208 irrogaverat3
1218 3121 1278 3185 sed
1291 3121 1325 3183 in

258 3221 525 3308 exemplum‚quo
538 3220 642 3282 eteteri
657 3241 673 3282 a
686 3218 875 3282 rebellando
882 3220 1229 3303 retinerentur.Quom
1238 3224 1325 3286 enim

259 3343 358 3384 unam
377 3337 504 3384 tanturn
521 3319 657 3383 haberet
677 3319 805 3406 imperii
826 3335 970 3384 testatem
992 3322 1164 3410 reliquam,
1187 3346 1327 3412 eamque

257 3423 360 3509 ipsam
375 3421 498 3484 inimici
517 3436 675 3508 cuperent
696 3421 840 3507 eripere,
861 3421 949 3484 nulla
968 3422 1029 3484 alia
1047 3424 1174 3486 ratione
1192 3424 1328 3489 rebatrrr

258 3521 419 3601 obtineri,
442 3541 540 3606 quam
564 3521 662 3584 tantis
681 3519 847 3583 laboribus
864 3521 1052 3608 quesierat,
1073 3539 1194 3610 pamtae
1214 3525 1326 3590 Gallie

257 3622 374 3686 famam
387 3643 491 3708 posse.
510 3620 688 3684 Consilium
704 3621 836 3684 Caesaris
847 3621 941 3686 solita
957 3622 1026 3702 ejus
1041 3625 1175 3688 felicitas
1190 3625 1326 3705 adjuvit.

257 3723 326 3789 Sub
340 3720 426 3786 idem
443 3737 570 3809 tempus
584 3722 757 3803 Luterius,
775 3724 832 3809 qui
848 3745 948 3787 noras
965 3727 1128 3790 concitare
1142 3727 1255 3791 turbas
1266 3749 1327 3814 po·

258 3828 387 3906 tuisset,
404 3824 444 3888 ab
463 3823 643 3912 Epasnacto
662 3825 807 3888 Arverno
824 3824 955 3890 vinetus
973 3825 1014 3889 ad
1030 3827 1188 3893 Caesarem
1205 3831 1324 3894 missus

258 3944 315 3992 est.
332 3927 454 4014 Drapes
469 3924 593 4012 aliquot
606 3923 733 3988 dierum
747 3924 856 3990 inedia
868 3949 904 3990 se
920 3927 1071 3992 coniecit.

291 4133 308 4197 s
322 4135 418 4182 XXIV.
432 4133 497 4181 Hirt.
511 4159 544 4169 ·—
561 4135 645 4178 Front.
655 4133 728 4180 strat.
737 4132 791 4188 111,
806 4149 829 4190 ς.
