<?xml version="1.0" encoding="UTF-8"?>
<!DOCTYPE html PUBLIC "-//W3C//DTD XHTML 1.0 Transitional//EN"
    "http://www.w3.org/TR/xhtml1/DTD/xhtml1-transitional.dtd">
<html xmlns="http://www.w3.org/1999/xhtml" xml:lang="en" lang="en">
 <head>
  <title>
</title>
<meta http-equiv="Content-Type" content="text/html;charset=utf-8" />
  <meta name='ocr-system' content='tesseract 3.04.00' />
  <meta name='ocr-capabilities' content='ocr_page ocr_carea ocr_par ocr_line ocrx_word'/>
</head>
<body>
  <div class='ocr_page' id='page_1' title='image "bibliothecaclas116lemagoog_0502.png"; bbox 0 0 2875 4900; ppageno 0'>
   <div class='ocr_carea' id='block_1_1' title="bbox 282 349 1175 443">
    <p class='ocr_par' dir='ltr' id='par_1_1' title="bbox 282 349 1175 443">
     <span class='ocr_line' id='line_1_1' title="bbox 282 349 1175 443; baseline -0.003 -25"><span class='ocrx_word' id='word_1_1' title='bbox 282 352 353 443; x_wconf 70' lang='lat'>492</span> <span class='ocrx_word' id='word_1_2' title='bbox 459 349 527 417; x_wconf 86' lang='lat' dir='ltr'>JO.</span> <span class='ocrx_word' id='word_1_3' title='bbox 554 349 897 419; x_wconf 85' lang='lat' dir='ltr'><strong>FREINSHEMII</strong></span> <span class='ocrx_word' id='word_1_4' title='bbox 931 349 1175 421; x_wconf 87' lang='lat' dir='ltr'><strong>SUPPLEM.</strong></span> 
     </span>
    </p>
   </div>
   <div class='ocr_carea' id='block_1_2' title="bbox 254 466 1397 3840">
    <p class='ocr_par' dir='ltr' id='par_1_2' title="bbox 282 466 1350 636">
     <span class='ocr_line' id='line_1_2' title="bbox 282 466 1350 561; baseline 0 -28"><span class='ocrx_word' id='word_1_5' title='bbox 282 469 494 557; x_wconf 89' lang='lat' dir='ltr'>linitimisque</span> <span class='ocrx_word' id='word_1_6' title='bbox 516 484 587 532; x_wconf 87' lang='lat' dir='ltr'>turn</span> <span class='ocrx_word' id='word_1_7' title='bbox 611 466 720 533; x_wconf 90' lang='lat' dir='ltr'>adhuc</span> <span class='ocrx_word' id='word_1_8' title='bbox 743 470 862 558; x_wconf 85' lang='lat' dir='ltr'>pacatis</span> <span class='ocrx_word' id='word_1_9' title='bbox 882 468 1091 535; x_wconf 90' lang='lat' dir='ltr'>incommoda</span> <span class='ocrx_word' id='word_1_10' title='bbox 1108 491 1167 561; x_wconf 90' lang='lat' dir='ltr'>per</span> <span class='ocrx_word' id='word_1_11' title='bbox 1188 468 1350 538; x_wconf 78' lang='lat' dir='ltr'>avaritiam</span> 
     </span>
     <span class='ocr_line' id='line_1_3' title="bbox 282 570 447 636; baseline 0.006 -2"><span class='ocrx_word' id='word_1_12' title='bbox 282 570 447 636; x_wconf 86' lang='lat' dir='ltr'>intulerat.</span> 
     </span>
    </p>

    <p class='ocr_par' dir='ltr' id='par_1_3' title="bbox 254 670 1397 2055">
     <span class='ocr_line' id='line_1_4' title="bbox 327 670 1352 764; baseline 0 -29"><span class='ocrx_word' id='word_1_13' title='bbox 327 672 412 736; x_wconf 89' lang='lat' dir='ltr'><strong>CIV.</strong></span> <span class='ocrx_word' id='word_1_14' title='bbox 429 672 506 735; x_wconf 92' lang='lat' dir='ltr'>Non</span> <span class='ocrx_word' id='word_1_15' title='bbox 523 671 670 735; x_wconf 89' lang='lat' dir='ltr'>tulerunt</span> <span class='ocrx_word' id='word_1_16' title='bbox 686 670 831 735; x_wconf 85' lang='lat' dir='ltr'>Dardani</span> <span class='ocrx_word' id='word_1_17' title='bbox 846 670 969 764; x_wconf 85' lang='lat' dir='ltr'>praedas</span> <span class='ocrx_word' id='word_1_18' title='bbox 983 694 1024 735; x_wconf 86' lang='lat' dir='ltr'>ex</span> <span class='ocrx_word' id='word_1_19' title='bbox 1041 672 1108 735; x_wconf 92' lang='lat' dir='ltr'>suis</span> <span class='ocrx_word' id='word_1_20' title='bbox 1122 670 1244 735; x_wconf 81' lang='lat' dir='ltr'>linibus</span> <span class='ocrx_word' id='word_1_21' title='bbox 1258 693 1352 760; x_wconf 78' lang='lat' dir='ltr'>agest-</span> 
     </span>
     <span class='ocr_line' id='line_1_5' title="bbox 280 772 1352 859; baseline -0.002 -22"><span class='ocrx_word' id='word_1_22' title='bbox 280 791 367 853; x_wconf 84' lang='lat' dir='ltr'>tem3</span> <span class='ocrx_word' id='word_1_23' title='bbox 384 795 512 859; x_wconf 91' lang='lat' dir='ltr'>suoque</span> <span class='ocrx_word' id='word_1_24' title='bbox 528 788 561 837; x_wconf 91' lang='lat' dir='ltr'>et</span> <span class='ocrx_word' id='word_1_25' title='bbox 577 772 762 837; x_wconf 83' lang='lat' dir='ltr'>vicinorum</span> <span class='ocrx_word' id='word_1_26' title='bbox 778 788 948 837; x_wconf 86' lang='lat' dir='ltr'>contracto</span> <span class='ocrx_word' id='word_1_27' title='bbox 967 772 1130 853; x_wconf 86' lang='lat' dir='ltr'>exercitu,</span> <span class='ocrx_word' id='word_1_28' title='bbox 1146 772 1279 836; x_wconf 82' lang='lat' dir='ltr'>iverunt</span> <span class='ocrx_word' id='word_1_29' title='bbox 1294 773 1352 835; x_wconf 91' lang='lat' dir='ltr'>ob·</span> 
     </span>
     <span class='ocr_line' id='line_1_6' title="bbox 279 872 1352 963; baseline -0.005 -23"><span class='ocrx_word' id='word_1_30' title='bbox 279 876 376 940; x_wconf 87' lang='lat' dir='ltr'>viam.</span> <span class='ocrx_word' id='word_1_31' title='bbox 395 873 459 939; x_wconf 88' lang='lat' dir='ltr'>Sed</span> <span class='ocrx_word' id='word_1_32' title='bbox 474 874 528 937; x_wconf 90' lang='lat' dir='ltr'>ille</span> <span class='ocrx_word' id='word_1_33' title='bbox 543 897 612 937; x_wconf 91' lang='lat' dir='ltr'>non</span> <span class='ocrx_word' id='word_1_34' title='bbox 625 896 724 938; x_wconf 89' lang='lat' dir='ltr'>ausus</span> <span class='ocrx_word' id='word_1_35' title='bbox 737 890 938 963; x_wconf 86' lang='lat' dir='ltr'>exspectare,</span> <span class='ocrx_word' id='word_1_36' title='bbox 953 896 1036 962; x_wconf 90' lang='lat' dir='ltr'>quos</span> <span class='ocrx_word' id='word_1_37' title='bbox 1049 872 1268 954; x_wconf 78' lang='lat' dir='ltr'>lacessiverat,</span> <span class='ocrx_word' id='word_1_38' title='bbox 1285 889 1352 936; x_wconf 90' lang='lat' dir='ltr'>tan·</span> 
     </span>
     <span class='ocr_line' id='line_1_7' title="bbox 254 972 1352 1067; baseline -0.003 -27"><span class='ocrx_word' id='word_1_39' title='bbox 254 1049 265 1067; x_wconf 58' lang='lat'><strong>„</strong></span> <span class='ocrx_word' id='word_1_40' title='bbox 281 998 381 1063; x_wconf 84' lang='lat' dir='ltr'>quarn</span> <span class='ocrx_word' id='word_1_41' title='bbox 396 974 438 1039; x_wconf 89' lang='lat' dir='ltr'>ad</span> <span class='ocrx_word' id='word_1_42' title='bbox 451 973 512 1039; x_wconf 89' lang='lat' dir='ltr'>alia</span> <span class='ocrx_word' id='word_1_43' title='bbox 525 988 740 1063; x_wconf 72' lang='lat' dir='ltr'>praevertens,</span> <span class='ocrx_word' id='word_1_44' title='bbox 759 997 835 1040; x_wconf 90' lang='lat' dir='ltr'>cum</span> <span class='ocrx_word' id='word_1_45' title='bbox 848 976 998 1064; x_wconf 89' lang='lat' dir='ltr'>equitatu</span> <span class='ocrx_word' id='word_1_46' title='bbox 1010 974 1156 1063; x_wconf 82' lang='lat' dir='ltr'>profugit</span> <span class='ocrx_word' id='word_1_47' title='bbox 1168 996 1176 1038; x_wconf 77' lang='grc' dir='ltr'><strong>ε</strong></span> <span class='ocrx_word' id='word_1_48' title='bbox 1190 972 1352 1061; x_wconf 79' lang='lat' dir='ltr'>pedestres</span> 
     </span>
     <span class='ocr_line' id='line_1_8' title="bbox 283 1062 1352 1166; baseline -0.002 -26"><span class='ocrx_word' id='word_1_49' title='bbox 283 1062 385 1164; x_wconf 74' lang='lat' dir='ltr'>copiae</span> <span class='ocrx_word' id='word_1_50' title='bbox 408 1098 496 1139; x_wconf 82' lang='lat' dir='ltr'>caesae</span> <span class='ocrx_word' id='word_1_51' title='bbox 518 1075 701 1164; x_wconf 78' lang='lat' dir='ltr'>fugataeque</span> <span class='ocrx_word' id='word_1_52' title='bbox 726 1093 825 1159; x_wconf 83' lang='lat' dir='ltr'>sunt3</span> <span class='ocrx_word' id='word_1_53' title='bbox 843 1076 950 1166; x_wconf 84' lang='lat' dir='ltr'>praeda</span> <span class='ocrx_word' id='word_1_54' title='bbox 973 1077 1080 1141; x_wconf 90' lang='lat' dir='ltr'>omnis</span> <span class='ocrx_word' id='word_1_55' title='bbox 1103 1076 1230 1141; x_wconf 87' lang='lat' dir='ltr'>amissa.</span> <span class='ocrx_word' id='word_1_56' title='bbox 1253 1076 1352 1141; x_wconf 79' lang='lat' dir='ltr'>Simili</span> 
     </span>
     <span class='ocr_line' id='line_1_9' title="bbox 281 1173 1351 1269; baseline -0.002 -27"><span class='ocrx_word' id='word_1_57' title='bbox 281 1200 378 1242; x_wconf 87' lang='lat' dir='ltr'>causa</span> <span class='ocrx_word' id='word_1_58' title='bbox 393 1173 578 1264; x_wconf 66' lang='lat' dir='ltr'>euentuque</span> <span class='ocrx_word' id='word_1_59' title='bbox 594 1178 774 1243; x_wconf 87' lang='lat' dir='ltr'>commovit</span> <span class='ocrx_word' id='word_1_60' title='bbox 787 1178 962 1266; x_wconf 85' lang='lat' dir='ltr'>timuitque</span> <span class='ocrx_word' id='word_1_61' title='bbox 977 1179 1089 1269; x_wconf 73' lang='lat' dir='ltr'>Mysiae</span> <span class='ocrx_word' id='word_1_62' title='bbox 1102 1178 1245 1259; x_wconf 85' lang='lat' dir='ltr'>bellum,</span> <span class='ocrx_word' id='word_1_63' title='bbox 1265 1193 1351 1265; x_wconf 90' lang='lat' dir='ltr'>post·</span> 
     </span>
     <span class='ocr_line' id='line_1_10' title="bbox 281 1277 1351 1368; baseline -0.001 -25"><span class='ocrx_word' id='word_1_64' title='bbox 281 1302 380 1367; x_wconf 85' lang='lat' dir='ltr'>quarn</span> <span class='ocrx_word' id='word_1_65' title='bbox 396 1277 437 1342; x_wconf 91' lang='lat' dir='ltr'>ad</span> <span class='ocrx_word' id='word_1_66' title='bbox 462 1279 677 1343; x_wconf 87' lang='lat' dir='ltr'>istrianorum</span> <span class='ocrx_word' id='word_1_67' title='bbox 700 1280 815 1345; x_wconf 90' lang='lat' dir='ltr'>urbem</span> <span class='ocrx_word' id='word_1_68' title='bbox 839 1280 966 1368; x_wconf 77' lang='lat' dir='ltr'>Scythae</span> <span class='ocrx_word' id='word_1_69' title='bbox 989 1281 1217 1367; x_wconf 77' lang='lat' dir='ltr'>Bastarnasque</span> <span class='ocrx_word' id='word_1_70' title='bbox 1242 1279 1351 1343; x_wconf 90' lang='lat' dir='ltr'>incolis</span> 
     </span>
     <span class='ocr_line' id='line_1_11' title="bbox 281 1378 1397 1467; baseline -0.001 -23"><span class='ocrx_word' id='word_1_71' title='bbox 281 1378 401 1444; x_wconf 87' lang='lat' dir='ltr'>auxilio</span> <span class='ocrx_word' id='word_1_72' title='bbox 423 1378 631 1445; x_wconf 84' lang='lat' dir='ltr'>advenerant.</span> <span class='ocrx_word' id='word_1_73' title='bbox 652 1381 758 1461; x_wconf 86' lang='lat' dir='ltr'>Hujus</span> <span class='ocrx_word' id='word_1_74' title='bbox 777 1380 985 1446; x_wconf 87' lang='lat' dir='ltr'>damnatione</span> <span class='ocrx_word' id='word_1_75' title='bbox 1008 1381 1149 1444; x_wconf 79' lang='lat' dir='ltr'>Catilinae</span> <span class='ocrx_word' id='word_1_76' title='bbox 1169 1379 1350 1467; x_wconf 87' lang='lat' dir='ltr'>sepulcrum</span> <span class='ocrx_word' id='word_1_77' title='bbox 1396 1398 1397 1415; x_wconf 72' lang='lat'><em>²</em></span> 
     </span>
     <span class='ocr_line' id='line_1_12' title="bbox 282 1479 1350 1570; baseline -0.002 -26"><span class='ocrx_word' id='word_1_78' title='bbox 282 1479 417 1545; x_wconf 85' lang='lat' dir='ltr'>floribus</span> <span class='ocrx_word' id='word_1_79' title='bbox 441 1482 794 1570; x_wconf 87' lang='lat' dir='ltr'>ornatum,·justaque</span> <span class='ocrx_word' id='word_1_80' title='bbox 819 1482 849 1545; x_wconf 87' lang='lat' dir='ltr'>ei</span> <span class='ocrx_word' id='word_1_81' title='bbox 874 1504 892 1545; x_wconf 81' lang='lat' dir='ltr'>a</span> <span class='ocrx_word' id='word_1_82' title='bbox 918 1480 1142 1569; x_wconf 86' lang='lat' dir='ltr'>perditissimis</span> <span class='ocrx_word' id='word_1_83' title='bbox 1166 1480 1350 1545; x_wconf 85' lang='lat' dir='ltr'>hominibus</span> 
     </span>
     <span class='ocr_line' id='line_1_13' title="bbox 281 1580 1351 1672; baseline -0.003 -27"><span class='ocrx_word' id='word_1_84' title='bbox 281 1582 476 1649; x_wconf 86' lang='lat' dir='ltr'>factasunt.</span> <span class='ocrx_word' id='word_1_85' title='bbox 500 1584 574 1671; x_wconf 91' lang='lat' dir='ltr'>Ipse</span> <span class='ocrx_word' id='word_1_86' title='bbox 598 1583 840 1671; x_wconf 89' lang='lat' dir='ltr'>Cephalleniam</span> <span class='ocrx_word' id='word_1_87' title='bbox 863 1582 942 1672; x_wconf 83' lang='lat' dir='ltr'>legit</span> <span class='ocrx_word' id='word_1_88' title='bbox 967 1582 1070 1647; x_wconf 83' lang='lat' dir='ltr'>exsilii</span> <span class='ocrx_word' id='word_1_89' title='bbox 1088 1580 1220 1664; x_wconf 88' lang='lat' dir='ltr'>sedem,</span> <span class='ocrx_word' id='word_1_90' title='bbox 1245 1580 1351 1669; x_wconf 88' lang='lat' dir='ltr'>ibique</span> 
     </span>
     <span class='ocr_line' id='line_1_14' title="bbox 280 1682 1349 1770; baseline -0.003 -23"><span class='ocrx_word' id='word_1_91' title='bbox 280 1684 397 1749; x_wconf 90' lang='lat' dir='ltr'>urbem</span> <span class='ocrx_word' id='word_1_92' title='bbox 419 1684 561 1748; x_wconf 91' lang='lat' dir='ltr'>instituit</span> <span class='ocrx_word' id='word_1_93' title='bbox 584 1682 747 1765; x_wconf 89' lang='lat' dir='ltr'>condere,</span> <span class='ocrx_word' id='word_1_94' title='bbox 775 1699 877 1749; x_wconf 92' lang='lat' dir='ltr'>totam</span> <span class='ocrx_word' id='word_1_95' title='bbox 899 1683 1061 1765; x_wconf 84' lang='lat' dir='ltr'>insulam,</span> <span class='ocrx_word' id='word_1_96' title='bbox 1087 1698 1243 1770; x_wconf 87' lang='lat' dir='ltr'>tanquam</span> <span class='ocrx_word' id='word_1_97' title='bbox 1265 1704 1349 1745; x_wconf 84' lang='lat' dir='ltr'>suam</span> 
     </span>
     <span class='ocr_line' id='line_1_15' title="bbox 281 1783 1350 1880; baseline -0.004 -31"><span class='ocrx_word' id='word_1_98' title='bbox 281 1786 539 1880; x_wconf 89' lang='lat' dir='ltr'>possessionem,</span> <span class='ocrx_word' id='word_1_99' title='bbox 558 1801 693 1866; x_wconf 88' lang='lat' dir='ltr'>tenens;</span> <span class='ocrx_word' id='word_1_100' title='bbox 713 1800 753 1849; x_wconf 91' lang='lat' dir='ltr'>ut</span> <span class='ocrx_word' id='word_1_101' title='bbox 772 1785 838 1865; x_wconf 86' lang='lat' dir='ltr'>jam</span> <span class='ocrx_word' id='word_1_102' title='bbox 859 1801 930 1849; x_wconf 90' lang='lat' dir='ltr'>tum</span> <span class='ocrx_word' id='word_1_103' title='bbox 951 1801 1104 1874; x_wconf 85' lang='lat' dir='ltr'>appareat</span> <span class='ocrx_word' id='word_1_104' title='bbox 1119 1784 1241 1864; x_wconf 89' lang='lat' dir='ltr'>majora</span> <span class='ocrx_word' id='word_1_105' title='bbox 1258 1783 1350 1846; x_wconf 74' lang='lat' dir='ltr'>titisse</span> 
     </span>
     <span class='ocr_line' id='line_1_16' title="bbox 282 1886 1350 1976; baseline -0.002 -25"><span class='ocrx_word' id='word_1_106' title='bbox 282 1888 432 1953; x_wconf 83' lang='lat' dir='ltr'>exsulum</span> <span class='ocrx_word' id='word_1_107' title='bbox 448 1888 583 1966; x_wconf 77' lang='lat' dir='ltr'>viatim,</span> <span class='ocrx_word' id='word_1_108' title='bbox 603 1909 702 1976; x_wconf 86' lang='lat' dir='ltr'>quam</span> <span class='ocrx_word' id='word_1_109' title='bbox 726 1887 849 1952; x_wconf 86' lang='lat' dir='ltr'>fuerint</span> <span class='ocrx_word' id='word_1_110' title='bbox 864 1886 1051 1976; x_wconf 87' lang='lat' dir='ltr'>principum</span> <span class='ocrx_word' id='word_1_111' title='bbox 1072 1886 1286 1973; x_wconf 84' lang='lat' dir='ltr'>antiquorum</span> <span class='ocrx_word' id='word_1_112' title='bbox 1300 1906 1350 1973; x_wconf 59' lang='lat' dir='ltr'>paz</span> 
     </span>
     <span class='ocr_line' id='line_1_17' title="bbox 284 1988 450 2055; baseline -0.006 0"><span class='ocrx_word' id='word_1_113' title='bbox 284 1988 450 2055; x_wconf 86' lang='lat' dir='ltr'>trimonia.</span> 
     </span>
    </p>

    <p class='ocr_par' dir='ltr' id='par_1_4' title="bbox 282 2088 1350 3575">
     <span class='ocr_line' id='line_1_18' title="bbox 327 2088 1347 2171; baseline -0.005 -15"><span class='ocrx_word' id='word_1_114' title='bbox 327 2093 393 2156; x_wconf 91' lang='lat' dir='ltr'>CV.</span> <span class='ocrx_word' id='word_1_115' title='bbox 416 2090 523 2171; x_wconf 86' lang='lat' dir='ltr'>Hujus</span> <span class='ocrx_word' id='word_1_116' title='bbox 546 2089 666 2156; x_wconf 90' lang='lat' dir='ltr'>deinde</span> <span class='ocrx_word' id='word_1_117' title='bbox 688 2088 788 2155; x_wconf 88' lang='lat' dir='ltr'>filiam</span> <span class='ocrx_word' id='word_1_118' title='bbox 808 2107 978 2157; x_wconf 86' lang='lat' dir='ltr'>accusator</span> <span class='ocrx_word' id='word_1_119' title='bbox 995 2091 1064 2171; x_wconf 87' lang='lat' dir='ltr'>ejus</span> <span class='ocrx_word' id='word_1_120' title='bbox 1080 2089 1236 2155; x_wconf 85' lang='lat' dir='ltr'>Caninius</span> <span class='ocrx_word' id='word_1_121' title='bbox 1252 2088 1347 2154; x_wconf 84' lang='lat' dir='ltr'>duxit.</span> 
     </span>
     <span class='ocr_line' id='line_1_19' title="bbox 283 2189 1348 2283; baseline -0.005 -26"><span class='ocrx_word' id='word_1_122' title='bbox 283 2191 348 2257; x_wconf 90' lang='lat' dir='ltr'>Sed</span> <span class='ocrx_word' id='word_1_123' title='bbox 367 2190 550 2256; x_wconf 83' lang='lat' dir='ltr'>Antonium</span> <span class='ocrx_word' id='word_1_124' title='bbox 574 2193 608 2255; x_wconf 94' lang='lat' dir='ltr'>in</span> <span class='ocrx_word' id='word_1_125' title='bbox 631 2192 804 2256; x_wconf 83' lang='lat' dir='ltr'>consulatu</span> <span class='ocrx_word' id='word_1_126' title='bbox 829 2193 985 2283; x_wconf 84' lang='lat' dir='ltr'>collegam</span> <span class='ocrx_word' id='word_1_127' title='bbox 1010 2193 1124 2258; x_wconf 88' lang='lat' dir='ltr'>Cicero</span> <span class='ocrx_word' id='word_1_128' title='bbox 1148 2189 1348 2269; x_wconf 85' lang='lat' dir='ltr'>defenderat,</span> 
     </span>
     <span class='ocr_line' id='line_1_20' title="bbox 285 2290 1349 2385; baseline -0.002 -28"><span class='ocrx_word' id='word_1_129' title='bbox 285 2316 473 2382; x_wconf 89' lang='lat' dir='ltr'>quanquam</span> <span class='ocrx_word' id='word_1_130' title='bbox 484 2292 675 2383; x_wconf 86' lang='lat' dir='ltr'>adspersum</span> <span class='ocrx_word' id='word_1_131' title='bbox 688 2315 722 2357; x_wconf 92' lang='lat' dir='ltr'>se</span> <span class='ocrx_word' id='word_1_132' title='bbox 736 2293 922 2382; x_wconf 84' lang='lat' dir='ltr'>suspicione</span> <span class='ocrx_word' id='word_1_133' title='bbox 931 2310 1098 2385; x_wconf 81' lang='lat' dir='ltr'>gravatus,</span> <span class='ocrx_word' id='word_1_134' title='bbox 1110 2290 1201 2381; x_wconf 86' lang='lat' dir='ltr'>quod</span> <span class='ocrx_word' id='word_1_135' title='bbox 1210 2292 1296 2359; x_wconf 85' lang='lat' dir='ltr'>iuter</span> <span class='ocrx_word' id='word_1_136' title='bbox 1306 2314 1349 2355; x_wconf 88' lang='lat' dir='ltr'>ra·</span> 
     </span>
     <span class='ocr_line' id='line_1_21' title="bbox 282 2391 1348 2485; baseline -0.004 -27"><span class='ocrx_word' id='word_1_137' title='bbox 282 2394 375 2485; x_wconf 81' lang='lat' dir='ltr'>pines</span> <span class='ocrx_word' id='word_1_138' title='bbox 393 2417 467 2459; x_wconf 91' lang='lat' dir='ltr'>suas</span> <span class='ocrx_word' id='word_1_139' title='bbox 483 2410 608 2483; x_wconf 87' lang='lat' dir='ltr'>partem</span> <span class='ocrx_word' id='word_1_140' title='bbox 625 2394 728 2484; x_wconf 84' lang='lat' dir='ltr'>quaeri</span> <span class='ocrx_word' id='word_1_141' title='bbox 744 2395 893 2460; x_wconf 89' lang='lat' dir='ltr'>Ciceroni</span> <span class='ocrx_word' id='word_1_142' title='bbox 910 2396 1095 2476; x_wconf 82' lang='lat' dir='ltr'>jactaverat.</span> <span class='ocrx_word' id='word_1_143' title='bbox 1119 2395 1157 2459; x_wconf 87' lang='lat' dir='ltr'>In</span> <span class='ocrx_word' id='word_1_144' title='bbox 1180 2414 1220 2458; x_wconf 94' lang='lat' dir='ltr'>eo</span> <span class='ocrx_word' id='word_1_145' title='bbox 1234 2391 1348 2474; x_wconf 86' lang='lat' dir='ltr'>judicio</span> 
     </span>
     <span class='ocr_line' id='line_1_22' title="bbox 284 2496 1349 2586; baseline -0.005 -26"><span class='ocrx_word' id='word_1_146' title='bbox 284 2497 368 2561; x_wconf 87' lang='lat' dir='ltr'>forte</span> <span class='ocrx_word' id='word_1_147' title='bbox 391 2496 539 2584; x_wconf 81' lang='lat' dir='ltr'>quaedarn</span> <span class='ocrx_word' id='word_1_148' title='bbox 565 2496 606 2561; x_wconf 91' lang='lat' dir='ltr'>de</span> <span class='ocrx_word' id='word_1_149' title='bbox 631 2497 783 2586; x_wconf 73' lang='lat' dir='ltr'>presenti</span> <span class='ocrx_word' id='word_1_150' title='bbox 805 2496 990 2586; x_wconf 67' lang='lat' dir='ltr'>reipublicae</span> <span class='ocrx_word' id='word_1_151' title='bbox 1019 2511 1106 2560; x_wconf 85' lang='lat' dir='ltr'>statu</span> <span class='ocrx_word' id='word_1_152' title='bbox 1132 2509 1270 2582; x_wconf 85' lang='lat' dir='ltr'>questus</span> <span class='ocrx_word' id='word_1_153' title='bbox 1290 2507 1349 2556; x_wconf 84' lang='lat' dir='ltr'>erat</span> 
     </span>
     <span class='ocr_line' id='line_1_23' title="bbox 282 2595 1349 2689; baseline -0.005 -28"><span class='ocrx_word' id='word_1_154' title='bbox 282 2597 416 2680; x_wconf 88' lang='lat' dir='ltr'>Cicero,</span> <span class='ocrx_word' id='word_1_155' title='bbox 446 2621 518 2686; x_wconf 87' lang='lat' dir='ltr'>quae</span> <span class='ocrx_word' id='word_1_156' title='bbox 543 2597 584 2662; x_wconf 89' lang='lat' dir='ltr'>ad</span> <span class='ocrx_word' id='word_1_157' title='bbox 613 2601 771 2663; x_wconf 71' lang='lat' dir='ltr'>Caesarem</span> <span class='ocrx_word' id='word_1_158' title='bbox 794 2598 1054 2689; x_wconf 89' lang='lat' dir='ltr'>Pompeiumque</span> <span class='ocrx_word' id='word_1_159' title='bbox 1077 2598 1201 2678; x_wconf 89' lang='lat' dir='ltr'>delata,</span> <span class='ocrx_word' id='word_1_160' title='bbox 1222 2595 1349 2685; x_wconf 85' lang='lat' dir='ltr'>graviter</span> 
     </span>
     <span class='ocr_line' id='line_1_24' title="bbox 284 2699 1348 2780; baseline -0.002 -18"><span class='ocrx_word' id='word_1_161' title='bbox 284 2721 340 2763; x_wconf 91' lang='lat' dir='ltr'>eos</span> <span class='ocrx_word' id='word_1_162' title='bbox 363 2699 584 2766; x_wconf 76' lang='lat' dir='ltr'>offenderunt</span> <span class='ocrx_word' id='word_1_163' title='bbox 606 2702 650 2765; x_wconf 91' lang='lat' dir='ltr'>Et</span> <span class='ocrx_word' id='word_1_164' title='bbox 671 2717 739 2766; x_wconf 90' lang='lat' dir='ltr'>erat</span> <span class='ocrx_word' id='word_1_165' title='bbox 756 2702 824 2780; x_wconf 87' lang='lat' dir='ltr'>jam</span> <span class='ocrx_word' id='word_1_166' title='bbox 844 2717 920 2766; x_wconf 88' lang='lat' dir='ltr'>ante</span> <span class='ocrx_word' id='word_1_167' title='bbox 942 2701 1042 2764; x_wconf 85' lang='lat' dir='ltr'>iratus</span> <span class='ocrx_word' id='word_1_168' title='bbox 1063 2699 1214 2764; x_wconf 89' lang='lat' dir='ltr'>Ciceroni</span> <span class='ocrx_word' id='word_1_169' title='bbox 1235 2699 1348 2777; x_wconf 80' lang='lat' dir='ltr'>Caesar,</span> 
     </span>
     <span class='ocr_line' id='line_1_25' title="bbox 285 2799 1350 2896; baseline -0.005 -31"><span class='ocrx_word' id='word_1_170' title='bbox 285 2801 376 2896; x_wconf 90' lang='lat' dir='ltr'>quod</span> <span class='ocrx_word' id='word_1_171' title='bbox 397 2802 430 2865; x_wconf 95' lang='lat' dir='ltr'>in</span> <span class='ocrx_word' id='word_1_172' title='bbox 453 2802 566 2892; x_wconf 83' lang='lat' dir='ltr'>viginti</span> <span class='ocrx_word' id='word_1_173' title='bbox 586 2803 663 2866; x_wconf 84' lang='lat' dir='ltr'>viris</span> <span class='ocrx_word' id='word_1_174' title='bbox 683 2802 861 2868; x_wconf 85' lang='lat' dir='ltr'>dividendo</span> <span class='ocrx_word' id='word_1_175' title='bbox 876 2823 1131 2894; x_wconf 84' lang='lat' dir='ltr'>agrocampano</span> <span class='ocrx_word' id='word_1_176' title='bbox 1147 2823 1217 2864; x_wconf 86' lang='lat' dir='ltr'>esse</span> <span class='ocrx_word' id='word_1_177' title='bbox 1236 2799 1350 2864; x_wconf 87' lang='lat' dir='ltr'>noluis-</span> 
     </span>
     <span class='ocr_line' id='line_1_26' title="bbox 285 2901 1350 2994; baseline -0.003 -27"><span class='ocrx_word' id='word_1_178' title='bbox 285 2919 355 2968; x_wconf 90' lang='lat' dir='ltr'>set:</span> <span class='ocrx_word' id='word_1_179' title='bbox 374 2927 530 2994; x_wconf 87' lang='lat' dir='ltr'>magnum</span> <span class='ocrx_word' id='word_1_180' title='bbox 553 2905 641 2968; x_wconf 89' lang='lat' dir='ltr'>enim</span> <span class='ocrx_word' id='word_1_181' title='bbox 662 2904 906 2969; x_wconf 81' lang='lat' dir='ltr'>inimicitiarum</span> <span class='ocrx_word' id='word_1_182' title='bbox 930 2917 1160 2994; x_wconf 82' lang='lat' dir='ltr'>argumentum</span> <span class='ocrx_word' id='word_1_183' title='bbox 1183 2901 1350 2990; x_wconf 83' lang='lat' dir='ltr'>putabatur</span> 
     </span>
     <span class='ocr_line' id='line_1_27' title="bbox 286 3003 1349 3094; baseline -0.003 -25"><span class='ocrx_word' id='word_1_184' title='bbox 286 3004 404 3088; x_wconf 89' lang='lat' dir='ltr'>edere,</span> <span class='ocrx_word' id='word_1_185' title='bbox 423 3006 480 3094; x_wconf 91' lang='lat' dir='ltr'>qui</span> <span class='ocrx_word' id='word_1_186' title='bbox 505 3028 546 3069; x_wconf 88' lang='lat' dir='ltr'>ne</span> <span class='ocrx_word' id='word_1_187' title='bbox 568 3006 731 3070; x_wconf 90' lang='lat' dir='ltr'>honorem</span> <span class='ocrx_word' id='word_1_188' title='bbox 754 3005 887 3094; x_wconf 90' lang='lat' dir='ltr'>quidem</span> <span class='ocrx_word' id='word_1_189' title='bbox 910 3004 1053 3082; x_wconf 87' lang='lat' dir='ltr'>delatum</span> <span class='ocrx_word' id='word_1_190' title='bbox 1076 3003 1193 3068; x_wconf 89' lang='lat' dir='ltr'>abillo</span> <span class='ocrx_word' id='word_1_191' title='bbox 1213 3004 1349 3092; x_wconf 84' lang='lat' dir='ltr'>accipere</span> 
     </span>
     <span class='ocr_line' id='line_1_28' title="bbox 284 3105 1350 3195; baseline -0.002 -26"><span class='ocrx_word' id='word_1_192' title='bbox 284 3107 389 3183; x_wconf 84' lang='lat' dir='ltr'>vellet.</span> <span class='ocrx_word' id='word_1_193' title='bbox 408 3107 513 3195; x_wconf 85' lang='lat' dir='ltr'>Igitur</span> <span class='ocrx_word' id='word_1_194' title='bbox 528 3107 612 3171; x_wconf 86' lang='lat' dir='ltr'>nihil</span> <span class='ocrx_word' id='word_1_195' title='bbox 627 3107 711 3171; x_wconf 83' lang='lat' dir='ltr'>ultra</span> <span class='ocrx_word' id='word_1_196' title='bbox 731 3106 953 3173; x_wconf 87' lang='lat' dir='ltr'>cunctandum</span> <span class='ocrx_word' id='word_1_197' title='bbox 970 3107 1051 3188; x_wconf 88' lang='lat' dir='ltr'>rati,</span> <span class='ocrx_word' id='word_1_198' title='bbox 1071 3122 1109 3169; x_wconf 92' lang='lat' dir='ltr'>ut</span> <span class='ocrx_word' id='word_1_199' title='bbox 1124 3105 1223 3169; x_wconf 91' lang='lat' dir='ltr'>simul</span> <span class='ocrx_word' id='word_1_200' title='bbox 1240 3121 1350 3194; x_wconf 86' lang='lat' dir='ltr'>poten·</span> 
     </span>
     <span class='ocr_line' id='line_1_29' title="bbox 285 3205 1350 3296; baseline -0.005 -25"><span class='ocrx_word' id='word_1_201' title='bbox 285 3206 362 3271; x_wconf 87' lang='lat' dir='ltr'>tiam</span> <span class='ocrx_word' id='word_1_202' title='bbox 384 3230 478 3272; x_wconf 88' lang='lat' dir='ltr'>suam</span> <span class='ocrx_word' id='word_1_203' title='bbox 499 3208 633 3296; x_wconf 84' lang='lat' dir='ltr'>vimque</span> <span class='ocrx_word' id='word_1_204' title='bbox 653 3207 842 3273; x_wconf 85' lang='lat' dir='ltr'>adversariis</span> <span class='ocrx_word' id='word_1_205' title='bbox 867 3223 1087 3290; x_wconf 89' lang='lat' dir='ltr'>ostentarent,</span> <span class='ocrx_word' id='word_1_206' title='bbox 1112 3206 1226 3272; x_wconf 89' lang='lat' dir='ltr'>eadem</span> <span class='ocrx_word' id='word_1_207' title='bbox 1252 3205 1350 3272; x_wconf 91' lang='lat' dir='ltr'>adhuc</span> 
     </span>
     <span class='ocr_line' id='line_1_30' title="bbox 285 3304 1350 3398; baseline 0.001 -31"><span class='ocrx_word' id='word_1_208' title='bbox 285 3304 356 3385; x_wconf 90' lang='lat' dir='ltr'>die,</span> <span class='ocrx_word' id='word_1_209' title='bbox 375 3308 522 3396; x_wconf 85' lang='lat' dir='ltr'>horaque</span> <span class='ocrx_word' id='word_1_210' title='bbox 538 3332 643 3390; x_wconf 87' lang='lat' dir='ltr'>nona,</span> <span class='ocrx_word' id='word_1_211' title='bbox 659 3332 764 3398; x_wconf 89' lang='lat' dir='ltr'>quum</span> <span class='ocrx_word' id='word_1_212' title='bbox 780 3310 833 3373; x_wconf 94' lang='lat' dir='ltr'>illa</span> <span class='ocrx_word' id='word_1_213' title='bbox 848 3309 910 3374; x_wconf 89' lang='lat' dir='ltr'>sub</span> <span class='ocrx_word' id='word_1_214' title='bbox 928 3323 1050 3374; x_wconf 88' lang='lat' dir='ltr'>sextam</span> <span class='ocrx_word' id='word_1_215' title='bbox 1066 3307 1256 3374; x_wconf 90' lang='lat' dir='ltr'>aCicerone</span> <span class='ocrx_word' id='word_1_216' title='bbox 1274 3307 1350 3373; x_wconf 89' lang='lat' dir='ltr'>dicta</span> 
     </span>
     <span class='ocr_line' id='line_1_31' title="bbox 286 3408 1349 3498; baseline 0.001 -29"><span class='ocrx_word' id='word_1_217' title='bbox 286 3422 410 3489; x_wconf 89' lang='lat' dir='ltr'>essent,</span> <span class='ocrx_word' id='word_1_218' title='bbox 424 3410 668 3476; x_wconf 83' lang='lat' dir='ltr'>acerbissimum</span> <span class='ocrx_word' id='word_1_219' title='bbox 684 3413 753 3493; x_wconf 89' lang='lat' dir='ltr'>ejus</span> <span class='ocrx_word' id='word_1_220' title='bbox 771 3409 941 3476; x_wconf 91' lang='lat' dir='ltr'>inimicum</span> <span class='ocrx_word' id='word_1_221' title='bbox 954 3411 991 3474; x_wconf 89' lang='lat' dir='ltr'>P.</span> <span class='ocrx_word' id='word_1_222' title='bbox 1009 3408 1162 3474; x_wconf 89' lang='lat' dir='ltr'>Clodium</span> <span class='ocrx_word' id='word_1_223' title='bbox 1175 3408 1218 3473; x_wconf 90' lang='lat' dir='ltr'>ad</span> <span class='ocrx_word' id='word_1_224' title='bbox 1229 3409 1349 3498; x_wconf 88' lang='lat' dir='ltr'>plebem</span> 
     </span>
     <span class='ocr_line' id='line_1_32' title="bbox 288 3507 552 3575; baseline 0.023 -6"><span class='ocrx_word' id='word_1_225' title='bbox 288 3507 552 3575; x_wconf 86' lang='lat' dir='ltr'>transduxerunt.</span> 
     </span>
    </p>

    <p class='ocr_par' dir='ltr' id='par_1_5' title="bbox 284 3607 1349 3840">
     <span class='ocr_line' id='line_1_33' title="bbox 330 3607 1349 3701; baseline 0.001 -30"><span class='ocrx_word' id='word_1_226' title='bbox 330 3607 413 3672; x_wconf 86' lang='lat' dir='ltr'>cvl.</span> <span class='ocrx_word' id='word_1_227' title='bbox 437 3607 476 3672; x_wconf 92' lang='lat' dir='ltr'>ld</span> <span class='ocrx_word' id='word_1_228' title='bbox 492 3610 569 3674; x_wconf 93' lang='lat' dir='ltr'>olim</span> <span class='ocrx_word' id='word_1_229' title='bbox 587 3613 727 3701; x_wconf 82' lang='lat' dir='ltr'>agitabat</span> <span class='ocrx_word' id='word_1_230' title='bbox 745 3611 900 3696; x_wconf 80' lang='lat' dir='ltr'>Clodius3</span> <span class='ocrx_word' id='word_1_231' title='bbox 922 3611 979 3678; x_wconf 90' lang='lat' dir='ltr'>sed</span> <span class='ocrx_word' id='word_1_232' title='bbox 999 3612 1086 3676; x_wconf 82' lang='lat' dir='ltr'>varie</span> <span class='ocrx_word' id='word_1_233' title='bbox 1107 3610 1264 3677; x_wconf 59' lang='lat' dir='ltr'>frustrato</span> <span class='ocrx_word' id='word_1_234' title='bbox 1281 3633 1349 3700; x_wconf 89' lang='lat' dir='ltr'>pro·</span> 
     </span>
     <span class='ocr_line' id='line_1_34' title="bbox 284 3708 1348 3803; baseline 0.006 -30"><span class='ocrx_word' id='word_1_235' title='bbox 284 3708 410 3797; x_wconf 91' lang='lat' dir='ltr'>posito,</span> <span class='ocrx_word' id='word_1_236' title='bbox 427 3709 591 3775; x_wconf 89' lang='lat' dir='ltr'>nihildum</span> <span class='ocrx_word' id='word_1_237' title='bbox 609 3730 829 3800; x_wconf 85' lang='lat' dir='ltr'>promoverat.</span> <span class='ocrx_word' id='word_1_238' title='bbox 852 3715 967 3803; x_wconf 87' lang='lat' dir='ltr'>Nuper</span> <span class='ocrx_word' id='word_1_239' title='bbox 989 3729 1098 3779; x_wconf 84' lang='lat' dir='ltr'>eutem</span> <span class='ocrx_word' id='word_1_240' title='bbox 1116 3714 1158 3796; x_wconf 90' lang='lat' dir='ltr'>Q.</span> <span class='ocrx_word' id='word_1_241' title='bbox 1175 3715 1285 3796; x_wconf 87' lang='lat' dir='ltr'>Celer,</span> <span class='ocrx_word' id='word_1_242' title='bbox 1301 3709 1348 3802; x_wconf 76' lang='lat' dir='ltr'>qui</span> 
     </span>
     <span class='ocr_line' id='line_1_35' title="bbox 289 3815 897 3840; baseline -0.002 1"><span class='ocrx_word' id='word_1_243' title='bbox 289 3821 295 3830; x_wconf 86' lang='lat'><strong>·</strong></span> <span class='ocrx_word' id='word_1_244' title='bbox 890 3815 897 3840; x_wconf 77' lang='lat' dir='ltr'>a</span> 
     </span>
    </p>
   </div>
   <div class='ocr_carea' id='block_1_3' title="bbox 284 3931 1349 4172">
    <p class='ocr_par' dir='ltr' id='par_1_6' title="bbox 284 3931 1349 4172">
     <span class='ocr_line' id='line_1_36' title="bbox 322 3931 1349 4002; baseline 0.001 -21"><span class='ocrx_word' id='word_1_245' title='bbox 322 3931 417 3996; x_wconf 66' lang='lat' dir='ltr'>§CIV⁸</span> <span class='ocrx_word' id='word_1_246' title='bbox 430 3934 484 3983; x_wconf 86' lang='lat' dir='ltr'>Cic.</span> <span class='ocrx_word' id='word_1_247' title='bbox 497 3950 545 3999; x_wconf 91' lang='lat' dir='ltr'>pro</span> <span class='ocrx_word' id='word_1_248' title='bbox 562 3933 663 3994; x_wconf 70' lang='lat' dir='ltr'>Flacco,</span> <span class='ocrx_word' id='word_1_249' title='bbox 676 3952 731 4002; x_wconf 72' lang='lat' dir='ltr'>cap,</span> <span class='ocrx_word' id='word_1_250' title='bbox 747 3939 788 3988; x_wconf 81' lang='grc'>38.</span> <span class='ocrx_word' id='word_1_251' title='bbox 803 3965 838 3976; x_wconf 91' lang='lat'>-</span> <span class='ocrx_word' id='word_1_252' title='bbox 850 3937 931 3988; x_wconf 81' lang='lat' dir='ltr'>strab.</span> <span class='ocrx_word' id='word_1_253' title='bbox 944 3937 988 3986; x_wconf 90' lang='lat' dir='ltr'>lib.</span> <span class='ocrx_word' id='word_1_254' title='bbox 1003 3938 1044 3995; x_wconf 82' lang='lat'>1,</span> <span class='ocrx_word' id='word_1_255' title='bbox 1062 3955 1089 4002; x_wconf 74' lang='lat' dir='ltr'>p⁴</span> <span class='ocrx_word' id='word_1_256' title='bbox 1105 3937 1165 3994; x_wconf 66' lang='grc'>455.</span> <span class='ocrx_word' id='word_1_257' title='bbox 1180 3935 1278 3984; x_wconf 74' lang='lat' dir='ltr'>-Vah</span> <span class='ocrx_word' id='word_1_258' title='bbox 1288 3934 1349 3981; x_wconf 74' lang='lat' dir='ltr'>Max·</span> 
     </span>
     <span class='ocr_line' id='line_1_37' title="bbox 285 4017 1346 4085; baseline -0.003 -12"><span class='ocrx_word' id='word_1_259' title='bbox 285 4017 331 4073; x_wconf 72' lang='lat' dir='ltr'>W,</span> <span class='ocrx_word' id='word_1_260' title='bbox 343 4017 499 4083; x_wconf 77' lang='lat' dir='ltr'>²·-SCV.</span> <span class='ocrx_word' id='word_1_261' title='bbox 511 4019 845 4080; x_wconf 78' lang='lat' dir='ltr'>Dio.-Cic.tdAttic.1‚</span> <span class='ocrx_word' id='word_1_262' title='bbox 868 4023 961 4082; x_wconf 57' lang='lat' dir='ltr'>rull,</span> <span class='ocrx_word' id='word_1_263' title='bbox 982 4019 1346 4085; x_wconf 70' lang='lat' dir='ltr'>19;1x,2;det’r0v.com·</span> 
     </span>
     <span class='ocr_line' id='line_1_38' title="bbox 284 4101 1088 4172; baseline 0.009 -25"><span class='ocrx_word' id='word_1_264' title='bbox 284 4113 339 4164; x_wconf 64' lang='grc' dir='ltr'>περ.</span> <span class='ocrx_word' id='word_1_265' title='bbox 354 4115 392 4159; x_wconf 84' lang='lat'>17,</span> <span class='ocrx_word' id='word_1_266' title='bbox 406 4113 430 4150; x_wconf 85' lang='lat' dir='ltr'>et</span> <span class='ocrx_word' id='word_1_267' title='bbox 439 4117 486 4168; x_wconf 90' lang='lat' dir='ltr'>pro</span> <span class='ocrx_word' id='word_1_268' title='bbox 496 4101 585 4164; x_wconf 86' lang='lat' dir='ltr'>domo,</span> <span class='ocrx_word' id='word_1_269' title='bbox 595 4121 648 4172; x_wconf 80' lang='lat' dir='ltr'>cap.</span> <span class='ocrx_word' id='word_1_270' title='bbox 661 4105 701 4153; x_wconf 83' lang='lat'>16.</span> <span class='ocrx_word' id='word_1_271' title='bbox 717 4133 752 4144; x_wconf 82' lang='lat'>-</span> <span class='ocrx_word' id='word_1_272' title='bbox 760 4106 824 4156; x_wconf 78' lang='lat' dir='ltr'>velt.</span> <span class='ocrx_word' id='word_1_273' title='bbox 835 4107 872 4166; x_wconf 86' lang='lat'>11,</span> <span class='ocrx_word' id='word_1_274' title='bbox 886 4103 928 4164; x_wconf 71' lang='grc'>45.</span> <span class='ocrx_word' id='word_1_275' title='bbox 940 4113 976 4144; x_wconf 68' lang='lat'>*-</span> <span class='ocrx_word' id='word_1_276' title='bbox 987 4108 1088 4156; x_wconf 82' lang='lat' dir='ltr'>Saeton.</span> 
     </span>
    </p>
   </div>
   <div class='ocr_carea' id='block_1_4' title="bbox 0 0 1442 4900">
    <p class='ocr_par' dir='ltr' id='par_1_7' title="bbox 0 0 1442 4900">
     <span class='ocr_line' id='line_1_39' title="bbox 0 0 1442 4900; baseline 0 0"><span class='ocrx_word' id='word_1_277' title='bbox 0 0 1442 4900; x_wconf 95' lang='lat' dir='ltr'> </span> 
     </span>
    </p>
   </div>
  </div>
 </body>
</html>
