2875 4900
242 375 292 443 IN
325 375 439 442 LOC.
466 377 556 443 LIB.
584 375 749 442 LXXIX
782 378 994 444 LlVlANl.
1109 378 1147 448 51

94 499 143 560 «C.
154 495 247 560 Marii
266 517 407 574 nomen,
429 495 552 581 ubique
568 495 711 582 amplum
729 511 828 582 atque
848 497 1048 561 honoratum
1063 523 1153 568 esse:

93 597 271 660 «neminem
287 598 390 660 ferme
402 597 537 660 militem
549 613 738 660 veteranum]
751 597 824 660 ullis
839 597 875 659 in
890 598 1001 661 castris
1011 604 1154 666 romanis

93 699 264 779 «inveniri,
289 699 346 786 qui
371 698 434 762 sub
456 699 520 762 hoc
543 699 736 786 imperatore
759 719 826 760 non
849 699 1023 778 meruerim
1047 722 1155 788 neque

93 801 272 888 «ignotum,
299 815 454 887 quautam
471 799 538 862 vim
561 797 650 886 apud
671 799 824 862 militares
847 801 973 862 animos
998 804 1154 866 memoria

94 899 232 963 «dueum
249 901 384 982 habeat,
403 920 545 987 quorum
562 899 706 986 auspicio
720 900 874 981 vicerint,
892 923 1034 988 quorum
1054 903 1155 968 bene·

93 1000 183 1064 «ficio
202 1001 305 1083 dona,
321 1002 482 1076 honores,
502 1000 646 1080 divitias,
663 1001 781 1064 lamam
799 1001 865 1064 sint
882 1005 1087 1089 consequuti.

134 1103 254 1166 XXlX.
275 1103 414 1166 «Sedet
437 1104 470 1165 in
492 1100 748 1190 magistratibus,
769 1123 852 1188 quos
870 1117 999 1192 togatus
1017 1103 1051 1165 in
1068 1105 1156 1168 Urbe

92 1204 264 1292 «gesserit,
280 1205 416 1268 multam
428 1204 594 1266 materiam
610 1204 956 1290 opportunitatemque
967 1204 1156 1271 demerendi

93 1305 280 1385 «homines,
299 1303 558 1392 conciliandique
580 1305 706 1367 animos
722 1303 886 1368 habuisse.
905 1305 1035 1385 Quibus
1058 1309 1156 1373 rebus

90 1407 171 1486 «jam
187 1406 265 1468 olim
279 1406 314 1468 in
332 1421 424 1473 tauto
442 1405 648 1494 optimatium
664 1404 742 1468 odio
758 1405 897 1469 invictus
913 1423 1025 1471 contra
1039 1426 1157 1496 poten·

90 1508 264 1571 «tissimum
285 1507 459 1570 factionem
475 1506 616 1587 steterit,
633 1504 747 1569 iisdem
765 1506 952 1570 inclinatam
968 1508 1033 1586 jam
1052 1526 1085 1572 et
1103 1511 1156 1572 in·

90 1609 261 1687 «fr-actam,
285 1608 313 1672 si
337 1608 551 1696 praesentibus
578 1607 701 1670 viribus
731 1608 945 1689 conjunctus,
969 1609 1100 1691 adjuvet
1123 1629 1156 1674 et

91 1709 298 1790 «adjuvetur,
315 1709 407 1772 facile
429 1707 726 1796 pessumdaturum.
745 1708 830 1771 Sane
845 1706 993 1796 deceptas
1008 1710 1049 1773 ab
1066 1712 1154 1774 Sulla

90 1813 269 1902 «legiones,
286 1809 436 1900 pellendo
448 1833 487 1874 ex
499 1809 588 1872 Urbe
599 1809 721 1890 Mario,
737 1825 850 1872 contra
864 1809 929 1873 vim
945 1811 1151 1899 improvisam

89 1913 198 1978 «baud
216 1913 292 1978 satis
310 1927 439 2001 parato,
455 1910 678 1976 commodasse
695 1933 832 1974 manus:
849 1911 908 1974 sed
926 1931 993 1974 non
1009 1911 1084 1976 ideo
1098 1937 1153 1977 ex·

89 2015 260 2078 «stinctam
276 2013 419 2077 bominis
436 2012 601 2077 audaciam
620 2012 957 2098 existimationemque
973 2035 1055 2094 esse;
1074 2015 1155 2100 quin

89 2133 223 2180 «contra
237 2116 409 2179 accessisse
423 2113 545 2201 aliquid
560 2112 601 2177 ad
620 2130 807 2200 utramque,
825 2112 981 2202 prodigiis
1001 2113 1155 2196 deorum,

89 2235 141 2281 «et
157 2217 371 2280 inclinatione
387 2215 559 2280 bominum
576 2215 707 2277 brevem
729 2229 829 2277 status
846 2215 1059 2277 mutationem
1072 2238 1155 2302 prae·
1238 2238 1241 2247 ¹

89 2317 323 2407 «sagientibus.
414 2341 417 2346 ·

129 2421 239 2485 XXX.
255 2417 404 2483 «Idcirco
418 2417 528 2499 citius,
541 2437 639 2505 quam
652 2415 693 2479 de
705 2413 812 2479 reditu
823 2414 892 2494 ejus
909 2415 982 2479 sciri
995 2418 1155 2505 potuerit,

88 2544 221 2585 «rerum
233 2521 382 2583 omnium
397 2521 547 2607 inopem,
562 2518 630 2582 sola
643 2517 785 2580 nominis
798 2518 932 2580 mariani
944 2517 1155 2584 admiratione

88 2646 146 2685 «ac
169 2625 298 2701 favore,
321 2621 497 2685 exercitum
524 2636 557 2682 et
576 2619 710 2681 classem
732 2619 976 2704 comparavisse.
996 2620 1153 2684 Praeterea

87 2722 192 2785 «nihil
213 2722 316 2810 magis
340 2721 515 2785 convenire
539 2719 681 2782 consulis
700 2718 901 2801 actionibus,
923 2720 1042 2806 quide
1063 2721 1156 2784 resti·

87 2822 242 2888 «tuendis
259 2822 421 2885 exsulibus
439 2836 607 2909 tantopere
624 2818 835 2907 depugnauit,
853 2842 952 2906 quam
968 2822 1004 2882 C.
1014 2820 1155 2883 Marium

87 2924 230 3012 «recipi,
251 2922 399 2986 exsulum
420 2923 569 2986 omnium
590 2919 679 2983 haud
701 2918 801 2982 dubie
820 2919 1000 3006 principem
1023 2942 1032 2981 ε
1056 2918 1156 3005 idque

86 3025 168 3088 «nisi
188 3024 261 3104 fiat,
279 3022 365 3111 apud
379 3023 500 3085 multos
519 3022 675 3085 orituram
694 3019 930 3107 suspicionem,
949 3018 1037 3081 aliud
1052 3020 1155 3083 simu·

86 3126 212 3187 «lanam
229 3124 292 3187 illis
311 3122 595 3203 contentionibus,
609 3119 697 3184 aliud
716 3120 887 3207 quaesitum
902 3140 981 3183 esse.
998 3119 1155 3184 Praeterea

85 3223 309 3303 «cavendum,
328 3246 369 3285 ne
388 3224 477 3287 velut
496 3224 557 3287 hac
583 3222 711 3310 repulsa
733 3220 893 3295 irritatus,
918 3220 951 3283 in
978 3225 1155 3288 contrarias

85 3342 216 3413 «partes
232 3340 388 3405 transeat,
407 3324 508 3387 homo
523 3322 729 3387 contumeliae
743 3322 850 3385 omnis
864 3320 1051 3409 impatiens,
1070 3325 1157 3389 etad

85 3426 287 3489 «vindictam
300 3448 452 3513 praeceps.
467 3425 565 3489 Nunc
577 3422 729 3511 occupari
742 3444 835 3502 eum,
851 3422 1047 3511 retinerique
1059 3426 1158 3489 bene-

86 3527 254 3591 «volentia
263 3548 359 3614 posse
370 3550 377 3587 :
390 3526 446 3589 ubi
457 3527 521 3589 boc
531 3540 659 3612 tempus
669 3525 920 3612 praetermissum
929 3525 1044 3607 buerit,
1054 3551 1157 3593 seram

85 3630 267 3717 «neglectae
284 3628 464 3690 occasionis
482 3626 704 3714 poenitentiam
721 3626 801 3690 lore.
813 3658 826 3680 κ

128 3729 258 3793 XXXI.
274 3727 437 3791 Adversus
452 3728 519 3791 haec
532 3743 631 3814 atque
640 3726 731 3806 talia,
746 3727 786 3807 Q.
799 3726 960 3791 Sertorius
974 3730 1084 3791 omnia
1099 3730 1158 3791 alia

83 3830 255 3909 censebat,
269 3830 339 3891 sive
353 3844 445 3891 tanto
457 3828 528 3892 viro
543 3844 699 3917 praesente
714 3828 847 3890 minoris
861 3852 896 3891 se
912 3829 1103 3891 aestimatum
1119 3830 1158 3891 iri

83 3950 225 4016 putans3
245 3931 313 3993 sire
332 3930 491 4018 probabili
511 3952 605 3993 causa
623 3947 751 4008 motus,
775 3930 981 3993 acerbitatem
998 3929 1108 4007 Marii,
1128 3947 1161 3991 et

82 4034 323 4121 implacabilem
345 4034 378 4095 in
396 4033 526 4095 victoria
545 4034 690 4095 animum
705 4033 818 4119 procul
833 4032 931 4094 rebus
950 4028 1084 4091 urbanis
1101 4029 1160 4090 ba-

944 4148 981 4225 st·
