2875 4900
240 351 714 421 lamentantem
746 352 960 421 lettttt
1061 350 1131 424 ²55
1231 356 1233 363 '

85 492 204 557 pessus
218 494 239 534 a
253 470 425 552 Romanis,
442 472 500 558 qui
516 471 549 533 in
565 471 654 535 Urbe
670 486 764 553 sunt,
782 472 900 535 iterum
915 472 1057 537 ad‘arma'
1074 498 1130 540 oo·

85 574 187 659 «gitur.
210 571 293 655 Quae
317 574 409 636 illum
434 595 538 637 cause
562 587 735 652 moveant,
762 594 834 635 uon·
856 574 959 637 modo
980 577 1131 662 preclare

85 670 194 753 moitis,
214 696 276 737 uec
294 674 384 743 enim
404 673 489 736 leves
510 688 568 737 aut
587 674 733 737 obscurae
752 688 855 756 sunt,
869 674 926 739 sed
949 675 990 739 ab
1014 676 1127 741 iisdem

84 771 277 836 «hominibus
292 774 424 853 similia,
438 790 496 837 aut
511 775 670 838 atrociora
686 775 791 862 passi,
806 798 904 862 quam
922 776 1004 840 nihil
1020 779 1060 842 ab
1079 780 1138 843 his.

83 876 187 960 «aqu,
204 875 285 938 nihil
299 876 413 939 saltem
427 875 594 939 tolerabile
605 875 708 962 possit
723 876 905 963 impetrari,
923 894 1093 965 compertu
1187 951 1189 957 ,

83 972 221 1038 affluis,
1079 1026 1080 1031 ,

117 1075 194 1138 Vlll.
216 1077 323 1141 «Sane
343 1099 421 1145 cum
441 1092 555 1140 senatu
575 1077 765 1164 populoque
785 1098 930 1147 romano.
945 1078 1049 1142 foedus
1072 1080 1132 1144 icit

82 1174 309 1260 ·llitlnidates;
327 1178 384 1241 sed
400 1164 564 1241 multoties
577 1176 612 1241 id
627 1192 764 1265 ruptum
779 1200 798 1240 a
811 1178 949 1243 Sullanis
963 1195 1025 1256 est,
1043 1196 1127 1244 utet

81 1276 148 1362 ·ipsi
168 1276 333 1343 discedere
357 1278 433 1342 inde
454 1280 535 1343 citra
554 1278 687 1366 periurii
708 1295 819 1341 notam
839 1280 942 1345 liceat.
968 1282 1129 1345 Caeterum

81 1378 268 1444 «inviolabile
287 1380 373 1443 sicut
389 1381 566 1460 hactenus,
587 1380 632 1443 ita
651 1402 753 1467 porro
769 1402 901 1467 quoquo
923 1396 960 1455 et·
977 1398 1131 1447 sanctum.

78 1500 208 1543 «servare
227 1482 340 1568 cupit;
363 1480 421 1544 sed
439 1482 627 1562 vobiscum,
652 1480 694 1562 Q.
708 1482 849 1561 Sertori,
867 1504 990 1569 vosque
1014 1483 1129 1548 Patres

79 1582 271 1669 -conscripti,
288 1602 387 1668 quem
403 1581 456 1645 ille
473 1582 634 1645 veriorem
649 1580 897 1669 dignioremque
912 1584 1045 1670 antiqua
1064 1607 1128 1672 po-

78 1681 152 1764 ‹puli
162 1682 289 1745 romani
300 1682 385 1745 fama
395 1698 544 1746 senatum
554 1680 694 1763 judicat,
704 1702 805 1771 quatu
817 1683 964 1769 qui-Urbi
976 1684 1126 1765 incubat,

78 1800 150 1841 «non
175 1796 386 1845 externorum
418 1781 518 1846 modo
546 1804 661 1871 regum
691 1782 948 1870 nationumque,
976 1783 1032 1849 sed
1057 1808 1130 1849 suae·

32 1953 33 1966 ,
76 1901 209 1967 «quoque
225 1882 338 1970 patrie
354 1898 511 1969 tyrannus
525 1900 559 1947 et
575 1883 690 1948 hostis.
710 1882 774 1947 Sed
793 1906 860 1949 non
882 1906 1004 1973 magno
1024 1910 1129 1975 nego·

78 1980 314 2047 «tiooommune
327 1984 509 2071 periculum
522 1984 563 2048 ab
578 2000 795 2071 utrorumque
812 1985 989 2051 cervicibus
1006 1986 1128 2073 depelli

77 2097 202 2165 ·potest,
226 2085 254 2147 si
278 2084 357 2147 hino
377 2084 557 2166 Sertorius,
582 2085 659 2148 inde
679 2084 882 2165 Mithridates
902 2088 984 2151 totis
1000 2088 1127 2151 viribus

76 2180 256 2274 «insurgant.

109 2282 159 2346 [Χ.
177 2283 269 2350 «Rex
288 2302 416 2367 noster,
434 2308 473 2350 ex
495 2306 566 2373 quo
588 2302 703 2350 contra
723 2306 835 2375 pacem
858 2288 1014 2353 sullanam
1036 2306 1084 2354 est
1103 2312 1124 2353 a

75 2380 269 2452 ‹LMuraena
288 2387 467 2477 appetitus,
486 2388 636 2475 superior
653 2392 754 2453 armis·
768 2388 840 2453 fuit.
860 2388 981 2456 Eadem
998 2392 1123 2457 audivit

74 2481 125 2547 «de
142 2487 189 2550 his
210 2491 387 2570 llomauis,
411 2489 469 2576 qui
492 2489 662 2576 Hispanias
687 2490 874 2570 obtineant3
894 2493 1060 2581 multaque
1082 2495 1123 2558 iis

75 2585 159 2650 «locis
171 2589 271 2671 fama,
291 2607 330 2653 tu
347 2591 388 2671 Q.
400 2590 540 2669 Sertori,
557 2612 683 2676 rosque
703 2579 824 2676 reliqui
836 2591 934 2656 duces
952 2595 1037 2658 estis.
1055 2596 1122 2683 lgi-

75 2699 137 2748 1tnr
149 2691 339 2755 mittendam
354 2689 468 2753 advos
484 2690 678 2779 legationem
699 2690 846 2772 censuit,
863 2709 917 2772 ut,
937 2694 992 2779 qui
1008 2695 1120 2757 simili·

74 2783 142 2850 ·ltus
152 2793 251 2855 nausis
266 2791 489 2866 concitentur,
503 2789 667 2876 similique
678 2791 799 2854 virtute
817 2807 850 2854 et
865 2793 994 2856 fortuna
1008 2811 1122 2882 agant,

75 2894 240 2955 «communi
259 2891 381 2956 foedere
399 2910 611 2955 communem
631 2890 769 2954 salutem
786 2906 951 2956 tueantur.
966 2894 1120 2979 Utrisque

74 2993 226 3072 «proniora
243 3007 344 3056 erunt
362 2991 489 3071 omnia,
513 2990 539 3054 si
559 2991 666 3070 juncti
686 2991 832 3055 consiliis
850 2993 1012 3079 armisque
1033 2993 1119 3058 invi·

75 3110 164 3173 mem,
181 3096 235 3160 nbi
251 3093 380 3158 utilitas
392 3091 571 3172 desideret,
584 3092 738 3170 juvamus
751 3107 783 3155 et
793 3091 965 3172 juvamur,
977 3115 1075 3178 quam
1090 3096 1119 3157 si

74 3186 190 3257 «diversi
202 3194 362 3281 divisique
373 3215 429 3256 sua
443 3192 582 3280 quisque
595 3192 726 3281 negotia
739 3191 873 3255 seorsim
887 3210 1036 3256 curent.»

106 3292 140 3357 Χ.
155 3295 331 3384 Postquam
345 3319 364 3359 e
380 3295 469 3358 curia
485 3293 610 3358 dimissi
623 3295 721 3382 legati
735 3309 829 3375 sunt,
842 3294 928 3360 inter
943 3295 1118 3383 praesentes

73 3386 118 3452 diu
129 3392 165 3460 de
179 3398 278 3462 tantis
293 3397 390 3460 reb'us
405 3396 624 3460 consultatum
638 3412 698 3460 est.
710 3396 860 3482 Plerique
872 3397 1005 3462 minime
1025 3397 1119 3464 dubi·

72 3492 185 3560 undum
202 3497 395 3575 censebant,
414 3497 495 3584 quin
511 3497 637 3577 oblata,
654 3494 775 3583 quibus
791 3517 894 3582 quum
917 3499 1054 3564 maxime
1068 3523 1117 3564 es·

73 3606 110 3652 sat
124 3617 216 3683 opus,
236 3597 480 3686 acciperentur3
498 3597 580 3660 nihil
596 3613 759 3678 econtra,
778 3597 842 3660 nisi
863 3597 954 3685 quod
970 3587 1115 3688 alioquin

74 3690 188 3763 alienum
200 3715 300 3782 esset,
316 3699 477 3765 tradituri.
494 3701 625 3788 Quippe
638 3699 750 3788 legati,
767 3700 899 3765 navium
916 3717 949 3764 et
965 3703 1117 3789 pecunia·

73 3811 129 3858 mm
141 3822 286 3891 magnam
298 3802 363 3864 vim
376 3801 532 3889 polliciti,
540 3801 651 3866 Asiam
664 3817 697 3864 et
708 3800 812 3864 vicina
825 3823 924 3890 regna
936 3800 1113 3864 Mithridati

74 3899 184 3965 csstttedi
194 3905 445 3991 postulaverant.
460 3905 503 3966 At
519 3901 680 3966 Sertorius
699 3901 819 3989 insigni
835 3900 1032 3965 documento
1047 3921 1116 3962 ma-

98 4091 162 4155 lll.
175 4101 235 4152 Plut.
246 4104 273 4152 iu
285 4105 376 4153 Senot.
389 4117 445 4166 etp.
458 4103 499 4163 39.
