2875 4900
178 346 186 349 ’
295 349 365 471 372,
471 374 904 444 10.sns1nsnnn11
935 374 1182 441 serenent.

292 522 331 563 ex
345 522 381 563 ea
395 520 430 561 re
444 496 597 561 invidiam
612 496 798 563 declinaret.
818 494 927 559 Prima
944 492 1064 558 deinde
1084 495 1156 558 luce
1171 517 1352 583 progressus

293 602 327 664 in
341 601 449 665 lorum
466 598 671 679 sacrificavit3
686 613 718 661 et
735 596 894 659 concione
908 596 1059 682 praebita,
1073 597 1119 660 sic
1136 598 1202 684 egit
1214 618 1289 659 cum
1301 621 1353 684 po·

293 703 390 790 pulo,
403 718 441 765 ut
451 702 521 790 lege
533 699 613 764 datis
626 699 729 761 multa
740 696 973 776 adjicerentur,
991 699 1274 784 gentinareturque
1285 719 1354 783 pro-

293 802 470 889 pemodum
485 816 676 888 apparatus:
695 822 769 861 nam
786 821 847 885 pro
863 796 1013 861 ducentis
1028 798 1164 861 navibus
1175 798 1353 887 quingente

293 921 371 967 sunt
381 924 556 982 concessae,
569 917 702 965 centum
714 899 828 988 viginti
839 898 938 962 millia
949 897 1116 986 peditum,
1129 898 1255 985 equites
1264 899 1354 984 quin·

293 1028 357 1092 que
372 1004 486 1085 millia3
500 1025 559 1091 pro
570 1002 681 1090 legatis
693 999 880 1089 quindecim
891 1001 968 1088 legit
981 1023 1020 1062 ex
1031 1000 1121 1063 omni
1136 1016 1252 1063 senatu
1263 999 1353 1085 quin-

292 1128 356 1191 que
374 1121 408 1169 et
425 1104 555 1191 viginti,
568 1108 750 1189 'questores
771 1100 873 1182 duos;
891 1102 1037 1189 pecunie
1056 1101 1224 1188 praesentis
1240 1101 1354 1188 accepit

294 1205 409 1268 millies
426 1204 642 1292 quingenties.

336 1306 442 1369 XXX.
466 1305 543 1385 Ejus
569 1305 648 1368 tanti
671 1321 843 1401 apparatus
864 1304 951 1368 lanta
975 1326 1079 1391 quum
1108 1303 1245 1367 minime
1265 1304 1354 1366 latere

292 1406 468 1493 potuisset,
476 1406 541 1485 jam
557 1421 627 1469 tum
638 1407 682 1469 ita
692 1407 808 1469 terruit
818 1406 955 1492 piratas,
970 1421 1008 1468 ut
1017 1406 1145 1493 parcius
1154 1422 1354 1469 excurrentes

294 1507 527 1571 mercatoribus
549 1507 733 1571 liberiorem
759 1506 928 1594 navigandi
950 1507 1076 1593 copiam
1096 1507 1250 1572 facerent.
1268 1505 1354 1569 Unde

294 1607 404 1672 subito
427 1607 643 1672 decrescentia
668 1630 779 1670 rerunt
809 1606 971 1670 venalium
996 1606 1100 1693 pretia
1122 1630 1240 1694 magna
1263 1608 1354 1671 Pom·

295 1709 405 1794 peium
429 1706 620 1772 claritudine
638 1704 941 1787 circumdederunt,
958 1724 1113 1795 tauquam
1131 1709 1202 1771 solo
1222 1707 1355 1771 nominis

296 1809 345 1871 sui
372 1824 494 1873 terrore
520 1808 597 1872 belli
624 1824 746 1896 partem
772 1806 981 1896 profligasset.
1000 1808 1064 1871 Sed
1081 1809 1151 1884 ille,
1170 1808 1355 1897 posthabitis

296 1910 463 1993 inanibus,
477 1909 655 1974 admirabili
668 1931 801 1996 prorsus
811 1908 971 1973 industria
980 1911 1147 1999 negotium
1157 1912 1354 1999 complexus,

294 2033 397 2098 quum
415 2011 481 2075 suis
498 2025 530 2075 et
544 2009 749 2074 Rhodiorum
768 2010 939 2073 socialibus
959 2012 1096 2075 navibus
1111 2011 1310 2093 abundaret,
1324 2011 1354 2073 in

297 2110 451 2175 tredecim
469 2126 571 2175 sortes
594 2109 760 2173 distribuit
777 2110 894 2191 maria,
912 2109 1118 2200 'singulisque
1139 2113 1264 2202 legatos
1285 2136 1355 2201 pre·

296 2212 390 2292 lecit,
404 2211 566 2276 attributis
583 2208 739 2292 navibus,
757 2210 939 2298 peditibus,
956 2212 1119 2298 equitatu,
1139 2228 1172 2275 et
1186 2229 1355 2299 praetorum

293 2313 493 2401 insignibus,
511 2328 549 2375 ut
566 2311 793 2398 unusquisque
810 2312 845 2373 in
862 2328 953 2399 parte
971 2313 1032 2377 sibi
1048 2312 1169 2376 credita
1187 2313 1355 2401 imperium

295 2415 447 2497 haberet,
470 2416 538 2503 ipse
560 2432 715 2502 tanquam
737 2437 793 2478 rex
818 2436 932 2502 regum
957 2431 1108 2503 preesset
1130 2415 1309 2496 omnibus,
1328 2429 1356 2477 et

295 2539 457 2580 summam
475 2539 584 2580 rerum
600 2516 737 2580 consilio
754 2532 980 2604 preceptoque
994 2516 1230 2581 moderaretur.

340 2619 463 2684 XXXI.
488 2618 675 2706 Hispaniam
693 2633 726 2681 et
741 2617 832 2706 quod
852 2618 936 2681 circa
955 2616 1060 2681 Gades
1075 2633 1130 2680 est·
1141 2641 1249 2698 mare,
1267 2618 1356 2681 Tibe·

297 2719 364 2782 rius
389 2719 496 2798 Ner03
522 2717 739 2800 Balearicum,
763 2718 904 2782 Manlius
931 2720 1116 2805 Torquatus
1139 2720 1247 2783 sortiti
1267 2733 1356 2794 sunt,

297 2819 342 2885 M.
359 2819 561 2906 Pomponius
583 2817 760 2899 Gallicum,
779 2818 937 2906 Libycum
960 2819 1117 2884 Lentulus
1138 2820 1356 2896 Marcellinum

298 2921 334 2985 P.
351 2920 466 2984 Atilius
482 2919 681 3007 Ligusticum
701 2920 830 3000 sinum,
847 2935 881 2983 et
900 2942 988 2984 mare
1012 2920 1102 3008 quod
1121 2921 1300 2986 Sardiniam
1316 2921 1357 2983 al·

295 3023 357 3086 luit
384 3037 417 3088 et
443 3021 617 3086 Corsicam.
643 3023 679 3086 L.
705 3021 846 3103 Gellius,
871 3022 933 3086 Cn.
956 3023 1113 3087 Lentulus
1132 3025 1218 3088 circa
1242 3024 1356 3088 ltaliam

294 3123 454 3188 excultare
471 3123 562 3202 jussi.
583 3122 722 3188 Siciliam
739 3123 936 3209 Ioniumque
950 3123 1080 3212 pelagus
1093 3123 1135 3187 ad
1151 3125 1357 3190 Acarnaniam

296 3247 401 3311 usque
427 3224 551 3287 Plotius
571 3225 695 3304 Varus,
728 3223 773 3286 M.
795 3225 967 3288 Terentius
991 3227 1094 3289 Varro
1123 3226 1357 3291 custodiebant.

294 3325 424 3390 Achaiae
435 3323 698 3411 Macedoniaeque
711 3325 747 3388 L.
761 3324 895 3388 Sisenna
908 3324 1109 3411 praesidebat.
1123 3327 1250 3392 Insulas
1262 3323 1356 3413 AEgaei

296 3425 411 3506 maris,
427 3447 626 3510 omnemque
643 3425 712 3504 ejus
725 3425 886 3490 ambitum
899 3449 976 3491 cum
990 3427 1224 3515 Hellesponto,
1244 3432 1280 3494 L.
1297 3429 1357 3490 Tu·

297 3526 378 3590 bero
405 3525 582 3594 obtinebat.
611 3525 814 3612 bithyniam,
838 3527 1027 3607 Thraciam,
1051 3527 1309 3615 Propontidem,
1330 3541 1358 3588 et

298 3628 404 3715 ipsum
419 3648 455 3688 os
472 3626 587 3706 Ponti,
605 3625 640 3689 Ρ.
659 3627 743 3688 Piso.
762 3627 910 3714 Lyciam,
930 3628 1176 3717 Pamphyliam,
1196 3631 1357 3717 Cyprum,

296 3743 329 3792 et
350 3725 524 3791 Phoenioen
550 3726 699 3789 Metellus
719 3726 840 3815 Nepos.
867 3729 1067 3792 Ceterorum
1092 3729 1126 3792 in
1147 3729 1290 3794 obscuro
1312 3749 1357 3790 res

222 3825 225 3834 ’
294 3845 382 3896 sunt.
400 3827 445 3892 M.
458 3827 614 3907 Varroni,
631 3841 785 3912 tanquam
801 3827 929 3893 homini
942 3828 1146 3912 doctissimo,
1160 3829 1227 3893 hoc
1244 3830 1359 3893 tribue·

328 4055 344 4120 s
360 4055 457 4102 mx.
470 4052 523 4104 eie.
536 4069 583 4119 pro
595 4052 649 4116 lege
660 4053 749 4100 Manli.
761 4070 815 4119 cap.
829 4070 868 4115 ¹7·
882 4082 918 4091 -
929 4055 1038 4119 Appiam
1051 4053 1168 4103 Mithrid.
1184 4079 1220 4091 -
1238 4047 1357 4104 namet

292 4137 308 4202 s
324 4138 408 4193 m.
421 4135 542 4186 Plutarch.
556 4163 591 4174 -
605 4135 670 4184 Flos.
680 4137 731 4197 ΙΙΙ,
745 4137 769 4185 6.
782 4137 888 4191 -Vett
898 4165 934 4176 -
947 4138 1054 4202 Appias.
