2875 4900
325 339 380 408 tn
410 340 520 407 noc.
549 289 642 407 sis.
670 340 757 407 cvr
791 342 1006 411 nivrsru.
1134 341 1203 441 599

125 458 267 537 darunt,
283 458 427 545 palantes
448 480 507 547 per
519 482 650 549 campos
667 479 879 551 exceperunt3
892 480 1034 551 quatuor
1049 467 1200 540 cohortes

123 582 204 626 cunr
220 560 326 649 legato
342 561 542 649 Vargunteio
558 563 592 625 in
612 563 693 627 colle
711 564 853 651 quodam
873 565 1107 649 conciderunt,
1126 594 1203 657 pre·

123 677 179 723 ter
197 661 313 725 milites
327 661 460 751 viginti,
477 663 597 749 quibus
611 686 669 751 per
683 664 808 731 medios
825 666 935 731 hostes
955 670 1073 733 strictis
1087 671 1200 760 gladiis

121 763 319 844 ruentibus,
333 762 546 829 admiratione
558 766 687 831 vlrtutis
701 765 866 832 dederunt
878 770 980 851 siam,
996 773 1199 861 Carrhasque

123 866 295 951 pervenire
308 866 393 952 passi
407 882 496 929 sunt.

172 965 224 1029 LI.
239 965 373 1029 Interim
389 966 547 1048 Surenas,
565 982 602 1031 ut
618 971 739 1033 certior
753 968 862 1051 lieret,
878 971 936 1035 ubi
952 976 1087 1037 Crassus
1100 990 1199 1062 atque

120 1066 256 1129 Cassius
279 1083 401 1148 essent,
420 1068 558 1131 Carrhas
581 1069 679 1133 mittit
697 1088 803 1134 cenos
820 1072 971 1137 homines
990 1074 1200 1157 Osrhoenos,

121 1167 185 1254 qui
206 1168 240 1231 in
261 1169 371 1232 eastris
386 1170 535 1233 romanis
555 1185 733 1257 utrumque
754 1194 839 1261 saepe
856 1173 1021 1255 viderant,
1041 1198 1196 1241 unacum

120 1268 271 1355 quodam
287 1270 392 1335 latinae
413 1270 531 1360 linguai
550 1273 675 1358 perito,
697 1273 755 1359 qui
768 1272 932 1343 ,Surenam
954 1276 1097 1363 colloqui
1119 1279 1199 1341 velle

120 1394 203 1435 curn
225 1374 357 1453 Crasso,
381 1371 509 1436 foederis
529 1371 665 1436 feriendi
688 1396 799 1454 causa,
825 1374 957 1439 diceret.
982 1377 1031 1439 Ita
1052 1379 1198 1465 cognito,

119 1472 258 1535 Carrhis
279 1490 355 1537 eum
378 1496 465 1554 esse,
486 1472 618 1560 post'ero
637 1474 690 1538 die
709 1474 855 1540 admovit
875 1477 1052 1539 exercitum
1075 1480 1197 1559 muris,

119 1576 382 1639 internecionem
406 1574 603 1639 denuntIans
629 1577 808 1657 omnibus,
833 1578 896 1641 uisi
923 1580 1074 1643 Crassum
1098 1598 1197 1669 atque

119 1676 275 1739 Cassium
294 1677 418 1741 vinctos
434 1676 651 1743 tradidissent.
671 1680 711 1741 At
731 1679 776 1741 illi
795 1678 959 1760 ridentes,
975 1703 1010 1743 se
1025 1681 1197 1769 deceptos,

120 1799 186 1841 nec
201 1778 234 1839 in
249 1777 372 1865 oppido
384 1794 491 1861 tutos,
505 1796 538 1842 et
551 1780 649 1867 longe
661 1780 893 1843 Armeniorum
907 1781 1024 1845 auxilia
1037 1782 1126 1863 fore,
1138 1784 1197 1847 de-

118 1894 297 1942 creverunt
313 1879 437 1968 fugere.
452 1878 490 1943 Id
503 1880 674 1944 consiliunt
686 1928 695 1961 ,
706 1901 815 1967 quum
831 1882 993 1945 ensnnari
1009 1883 1194 1948 Carrheno-

119 2002 198 2043 rum
214 1982 335 2044 nemini
350 1982 558 2069 oportuisset,
568 1982 875 2069 pessiruo‘omnium
888 1998 922 2045 et
931 1982 1195 2070 perfidiosissimo

118 2084 258 2147 Crassus
282 2084 416 2171 exponit
432 2083 682 2163 Andromacho,
704 2085 761 2171 qui
784 2082 973 2173 flagrantem
992 2086 1194 2173 imperatoris

117 2184 273 2271 gratiam,
290 2208 358 2249 non
379 2186 438 2250 alia
456 2186 556 2274 magis
579 2201 663 2265 arte,
681 2207 780 2272 quam
798 2185 973 2250 fedissima
987 2185 1194 2269 adulatione,

118 2302 295 2349 meruerat.

164 2386 234 2451 LII.
250 2387 365 2475 Neque
386 2390 413 2452 is
436 2386 575 2476 prodere
591 2387 701 2451 onrnia
723 2387 850 2452 Parthis
871 2387 1062 2468 differebat,
1082 2404 1193 2477 tyran-

118 2485 232 2550 nidem
255 2489 366 2575 patriae
388 2505 518 2576 pactus,
539 2511 637 2576 quam
657 2505 690 2554 et
711 2511 789 2552 mox
806 2489 968 2571 obtinuit3
991 2490 1049 2554 sed
1071 2491 1105 2553 in
1123 2515 1193 2578 poe-

119 2610 214 2668 nam,
230 2613 248 2652 a
264 2590 388 2654 civibus
407 2591 474 2654 suis
490 2610 565 2656 cum
579 2591 731 2654 universa
742 2592 864 2654 familia
879 2608 1115 2657 concrematus.
1129 2593 1194 2657 Sed

117 2691 255 2754 Crassus
273 2691 356 2756 adeo
379 2691 563 2756 confidebat
581 2692 726 2772 homini,
745 2710 784 2756 ut
807 2694 862 2756 illo
880 2695 1017 2757 maxime
1041 2694 1125 2757 duce
1141 2695 1192 2756 iti-

117 2791 208 2854 neris
223 2807 380 2857 uteretur.
400 2793 589 2880 Exspectata
603 2809 699 2856 nocte
713 2793 824 2874 illum,
840 2797 973 2857 Crassus
985 2817 1061 2857 curn
1073 2795 1193 2857 exerci-

118 2907 155 2955 tu
179 2894 350 2978 processit,
368 2909 400 2957 et
416 2915 434 2956 a
451 2893 618 2981 proditore
633 2894 721 2956 varie
741 2893 1001 2968 circumductus,
1022 2909 1189 2979 postremo

117 2994 151 3055 in
169 2993 241 3058 loca
262 2994 432 3082 paludosa,
454 3012 487 3058 et
506 2994 600 3057 fossis
619 2995 749 3057 concisa
769 2992 939 3074 detrusus,
964 3015 1031 3055 non
1048 2993 1189 3056 multum

117 3095 261 3158 confecit
275 3097 344 3159 viae.
369 3096 519 3175 Cassius,
535 3095 759 3159 animadverso
773 3093 870 3175 dolo,
887 3095 1019 3182 repetiit
1033 3094 1191 3176 Carrhas;

118 3202 395 3290 manentibusque
422 3201 560 3265 ducibus
591 3201 715 3265 itineris
745 3215 948 3288 exspectare,
982 3200 1082 3262 donea
1110 3200 1191 3264 lurra

116 3304 308 3390 scorpionem
321 3304 498 3382 transisset,
510 3300 587 3390 plus
600 3325 630 3365 se
640 3305 748 3365 tr'mere
760 3304 961 3390 sagittarium
970 3302 1101 3383 dicens,
1113 3325 1188 3366 cum

117 3403 283 3492 equitibus
303 3404 488 3494 quingentis
504 3403 603 3466 evasit
620 3404 654 3466 in
675 3404 811 3492 Syriam.

161 3507 249 3571 LIII.
268 3508 405 3596 Legatus
428 3505 601 3586 Octavius,
625 3505 675 3568 vir
698 3504 809 3584 l'ortis,
833 3502 915 3567 lidos
936 3520 1049 3566 nactus
1070 3503 1188 3585 duces,

116 3609 264 3696 quinque
288 3609 415 3672 circiter
441 3607 540 3670 millia
569 3608 710 3670 militurn
739 3606 881 3687 habens,
909 3605 1068 3668 montosis
1090 3605 1188 3685 Iocis,

116 3711 254 3774 Sinnaca
274 3709 452 3788 vocabant,
472 3709 507 3772 in
530 3723 638 3772 tutum
659 3731 694 3772 se
714 3723 896 3795 receperat,
915 3705 972 3770 ssd
990 3707 1024 3770 in
1041 3705 1187 3783 subjecto

117 3812 200 3875 colle
213 3811 364 3876 Crassum
384 3810 492 3898 urgeri
507 3811 547 3874 ab
566 3809 716 3874 hostibus
730 3809 863 3890 videns,
877 3808 1021 3874 decurrit
1032 3807 1075 3870 ad
1088 3829 1185 3894 opem

117 3911 282 3983 serendam
295 3960 304 3994 ,
317 3913 428 3999 paucis
442 3911 564 4000 primo,
577 3911 694 3976 deinde
711 3912 866 3976 omnibus
876 3909 1099 3999 sequentibus.
1115 3909 1187 3972 Dis·

152 4096 218 4160 §Lh
229 4099 309 4147 Nicol.
320 4099 432 4148 Damaso.
443 4097 509 4164 apud
519 4099 611 4146 Athen.
621 4097 724 4156 tiuv1,
735 4116 789 4164 cap.
803 4099 842 4145 13.
857 4125 891 4134 -
906 4098 923 4162 s
937 4099 989 4146 ult.
1000 4096 1123 4145 Plutarch.
1184 4020 1190 4083 Ι
