<?xml version="1.0" encoding="UTF-8"?>
<!DOCTYPE html PUBLIC "-//W3C//DTD XHTML 1.0 Transitional//EN"
    "http://www.w3.org/TR/xhtml1/DTD/xhtml1-transitional.dtd">
<html xmlns="http://www.w3.org/1999/xhtml" xml:lang="en" lang="en">
 <head>
  <title>
</title>
<meta http-equiv="Content-Type" content="text/html;charset=utf-8" />
  <meta name='ocr-system' content='tesseract 3.04.00' />
  <meta name='ocr-capabilities' content='ocr_page ocr_carea ocr_par ocr_line ocrx_word'/>
</head>
<body>
  <div class='ocr_page' id='page_1' title='image "bibliothecaclas116lemagoog_0159.png"; bbox 0 0 2875 4900; ppageno 0'>
   <div class='ocr_carea' id='block_1_1' title="bbox 194 385 1116 479">
    <p class='ocr_par' dir='ltr' id='par_1_1' title="bbox 194 385 1116 479">
     <span class='ocr_line' id='line_1_1' title="bbox 194 385 1116 479; baseline -0.002 -26"><span class='ocrx_word' id='word_1_1' title='bbox 194 386 245 454; x_wconf 87' lang='lat' dir='ltr'><strong>IN</strong></span> <span class='ocrx_word' id='word_1_2' title='bbox 275 385 386 454; x_wconf 80' lang='lat' dir='ltr'><strong>Loc.</strong></span> <span class='ocrx_word' id='word_1_3' title='bbox 415 386 509 453; x_wconf 91' lang='lat' dir='ltr'>LIB.</span> <span class='ocrx_word' id='word_1_4' title='bbox 535 385 737 454; x_wconf 84' lang='lat' dir='ltr'>LXXXIV</span> <span class='ocrx_word' id='word_1_5' title='bbox 766 385 979 456; x_wconf 79' lang='lat' dir='ltr'>LIVIANI.</span> <span class='ocrx_word' id='word_1_6' title='bbox 1052 388 1116 479; x_wconf 71' lang='lat'><strong>147</strong></span> 
     </span>
    </p>
   </div>
   <div class='ocr_carea' id='block_1_2' title="bbox 30 499 1131 3818">
    <p class='ocr_par' dir='ltr' id='par_1_2' title="bbox 84 499 1120 796">
     <span class='ocr_line' id='line_1_2' title="bbox 85 499 1119 594; baseline 0.004 -28"><span class='ocrx_word' id='word_1_7' title='bbox 85 499 168 585; x_wconf 78' lang='lat' dir='ltr'><strong>dedit,</strong></span> <span class='ocrx_word' id='word_1_8' title='bbox 189 526 253 569; x_wconf 91' lang='lat' dir='ltr'><strong>non</strong></span> <span class='ocrx_word' id='word_1_9' title='bbox 274 506 361 570; x_wconf 87' lang='lat' dir='ltr'><strong>nasci</strong></span> <span class='ocrx_word' id='word_1_10' title='bbox 380 506 505 569; x_wconf 90' lang='lat' dir='ltr'><strong>homini</strong></span> <span class='ocrx_word' id='word_1_11' title='bbox 527 505 623 594; x_wconf 85' lang='lat' dir='ltr'><strong>longe</strong></span> <span class='ocrx_word' id='word_1_12' title='bbox 645 505 806 593; x_wconf 88' lang='lat' dir='ltr'><strong>optimum</strong></span> <span class='ocrx_word' id='word_1_13' title='bbox 826 526 914 587; x_wconf 81' lang='lat' dir='ltr'><strong>esse3</strong></span> <span class='ocrx_word' id='word_1_14' title='bbox 935 506 1119 593; x_wconf 84' lang='lat' dir='ltr'><strong>proximum</strong></span> 
     </span>
     <span class='ocr_line' id='line_1_3' title="bbox 84 604 1120 695; baseline 0.005 -30"><span class='ocrx_word' id='word_1_15' title='bbox 84 620 188 688; x_wconf 70' lang='lat' dir='ltr'><strong>summ,</strong></span> <span class='ocrx_word' id='word_1_16' title='bbox 211 607 450 695; x_wconf 81' lang='lat' dir='ltr'><strong>quamprimum</strong></span> <span class='ocrx_word' id='word_1_17' title='bbox 481 608 583 687; x_wconf 82' lang='lat' dir='ltr'><strong>mori3</strong></span> <span class='ocrx_word' id='word_1_18' title='bbox 609 628 706 693; x_wconf 85' lang='lat' dir='ltr'><strong>quarn</strong></span> <span class='ocrx_word' id='word_1_19' title='bbox 735 622 784 670; x_wconf 89' lang='lat' dir='ltr'><strong>est</strong></span> <span class='ocrx_word' id='word_1_20' title='bbox 807 606 941 694; x_wconf 84' lang='lat' dir='ltr'><strong>plenum</strong></span> <span class='ocrx_word' id='word_1_21' title='bbox 971 604 1120 671; x_wconf 77' lang='lat' dir='ltr'><strong>diabolici</strong></span> 
     </span>
     <span class='ocr_line' id='line_1_4' title="bbox 85 705 920 796; baseline 0.005 -30"><span class='ocrx_word' id='word_1_22' title='bbox 85 706 236 788; x_wconf 85' lang='lat' dir='ltr'><strong>mendacii,</strong></span> <span class='ocrx_word' id='word_1_23' title='bbox 252 725 285 772; x_wconf 90' lang='lat' dir='ltr'><strong>et</strong></span> <span class='ocrx_word' id='word_1_24' title='bbox 301 707 342 771; x_wconf 85' lang='lat' dir='ltr'><strong>ad</strong></span> <span class='ocrx_word' id='word_1_25' title='bbox 358 707 613 796; x_wconf 80' lang='lat' dir='ltr'><strong>desperationem</strong></span> <span class='ocrx_word' id='word_1_26' title='bbox 627 705 778 795; x_wconf 81' lang='lat' dir='ltr'><strong>adigendi</strong></span> <span class='ocrx_word' id='word_1_27' title='bbox 792 706 920 771; x_wconf 84' lang='lat' dir='ltr'><strong>efficax!</strong></span> 
     </span>
    </p>

    <p class='ocr_par' dir='ltr' id='par_1_3' title="bbox 78 805 1121 1905">
     <span class='ocr_line' id='line_1_5' title="bbox 116 805 1119 897; baseline 0.003 -29"><span class='ocrx_word' id='word_1_28' title='bbox 116 805 194 869; x_wconf 87' lang='lat' dir='ltr'>XXI.</span> <span class='ocrx_word' id='word_1_29' title='bbox 210 806 272 872; x_wconf 85' lang='lat' dir='ltr'><strong>Sed</strong></span> <span class='ocrx_word' id='word_1_30' title='bbox 290 823 322 871; x_wconf 92' lang='lat' dir='ltr'><strong>et</strong></span> <span class='ocrx_word' id='word_1_31' title='bbox 342 808 409 897; x_wconf 88' lang='lat' dir='ltr'><strong>ipsa</strong></span> <span class='ocrx_word' id='word_1_32' title='bbox 424 808 523 873; x_wconf 89' lang='lat' dir='ltr'><strong>Sileni</strong></span> <span class='ocrx_word' id='word_1_33' title='bbox 539 826 687 897; x_wconf 88' lang='lat' dir='ltr'><strong>captura,</strong></span> <span class='ocrx_word' id='word_1_34' title='bbox 705 829 804 894; x_wconf 91' lang='lat' dir='ltr'><strong>quam</strong></span> <span class='ocrx_word' id='word_1_35' title='bbox 823 822 969 885; x_wconf 88' lang='lat' dir='ltr'><strong>narrant,</strong></span> <span class='ocrx_word' id='word_1_36' title='bbox 988 809 1119 897; x_wconf 80' lang='lat' dir='ltr'><strong>magicis</strong></span> 
     </span>
     <span class='ocr_line' id='line_1_6' title="bbox 83 906 1119 994; baseline 0.002 -25"><span class='ocrx_word' id='word_1_37' title='bbox 83 906 268 989; x_wconf 75' lang='lat' dir='ltr'><strong>estimoniis,</strong></span> <span class='ocrx_word' id='word_1_38' title='bbox 285 926 318 974; x_wconf 84' lang='lat' dir='ltr'><strong>et</strong></span> <span class='ocrx_word' id='word_1_39' title='bbox 332 908 561 974; x_wconf 89' lang='lat' dir='ltr'><strong>sacrificiorum</strong></span> <span class='ocrx_word' id='word_1_40' title='bbox 573 908 745 973; x_wconf 82' lang='lat' dir='ltr'><strong>imitationi</strong></span> <span class='ocrx_word' id='word_1_41' title='bbox 757 908 902 994; x_wconf 84' lang='lat' dir='ltr'><strong>proxima</strong></span> <span class='ocrx_word' id='word_1_42' title='bbox 910 922 968 971; x_wconf 90' lang='lat' dir='ltr'><strong>est.</strong></span> <span class='ocrx_word' id='word_1_43' title='bbox 980 908 1119 971; x_wconf 78' lang='lat' dir='ltr'><strong>Fontem</strong></span> 
     </span>
     <span class='ocr_line' id='line_1_7' title="bbox 82 1006 1119 1096; baseline 0.005 -30"><span class='ocrx_word' id='word_1_44' title='bbox 82 1006 152 1069; x_wconf 86' lang='lat' dir='ltr'><strong>enim</strong></span> <span class='ocrx_word' id='word_1_45' title='bbox 166 1008 272 1073; x_wconf 90' lang='lat' dir='ltr'><strong>medio</strong></span> <span class='ocrx_word' id='word_1_46' title='bbox 292 1011 364 1073; x_wconf 90' lang='lat' dir='ltr'><strong>loco</strong></span> <span class='ocrx_word' id='word_1_47' title='bbox 382 1010 480 1074; x_wconf 88' lang='lat' dir='ltr'><strong>situm</strong></span> <span class='ocrx_word' id='word_1_48' title='bbox 497 1011 581 1073; x_wconf 88' lang='lat' dir='ltr'><strong>inter</strong></span> <span class='ocrx_word' id='word_1_49' title='bbox 592 1009 725 1073; x_wconf 80' lang='lat' dir='ltr'><strong>Paeonas</strong></span> <span class='ocrx_word' id='word_1_50' title='bbox 738 1023 835 1096; x_wconf 89' lang='lat' dir='ltr'><strong>atque</strong></span> <span class='ocrx_word' id='word_1_51' title='bbox 848 1007 962 1073; x_wconf 87' lang='lat' dir='ltr'><strong>Medos</strong></span> <span class='ocrx_word' id='word_1_52' title='bbox 974 1008 1051 1072; x_wconf 85' lang='lat' dir='ltr'><strong>vino</strong></span> <span class='ocrx_word' id='word_1_53' title='bbox 1069 1007 1119 1072; x_wconf 93' lang='lat' dir='ltr'><strong>di·</strong></span> 
     </span>
     <span class='ocr_line' id='line_1_8' title="bbox 82 1104 1119 1197; baseline 0.002 -26"><span class='ocrx_word' id='word_1_54' title='bbox 82 1104 159 1171; x_wconf 85' lang='lat' dir='ltr'><strong>luisse</strong></span> <span class='ocrx_word' id='word_1_55' title='bbox 172 1108 317 1189; x_wconf 80' lang='lat' dir='ltr'><strong>tradunt3</strong></span> <span class='ocrx_word' id='word_1_56' title='bbox 336 1126 374 1173; x_wconf 78' lang='lat' dir='ltr'><strong>at</strong></span> <span class='ocrx_word' id='word_1_57' title='bbox 388 1110 434 1175; x_wconf 84' lang='lat' dir='ltr'><strong>sle</strong></span> <span class='ocrx_word' id='word_1_58' title='bbox 448 1110 540 1197; x_wconf 91' lang='lat' dir='ltr'><strong>aquis</strong></span> <span class='ocrx_word' id='word_1_59' title='bbox 554 1110 598 1174; x_wconf 85' lang='lat' dir='ltr'><strong>eis</strong></span> <span class='ocrx_word' id='word_1_60' title='bbox 615 1109 664 1173; x_wconf 92' lang='lat' dir='ltr'><strong>uti</strong></span> <span class='ocrx_word' id='word_1_61' title='bbox 678 1107 792 1171; x_wconf 84' lang='lat' dir='ltr'><strong>solitus</strong></span> <span class='ocrx_word' id='word_1_62' title='bbox 808 1107 951 1190; x_wconf 87' lang='lat' dir='ltr'><strong>Silenus,</strong></span> <span class='ocrx_word' id='word_1_63' title='bbox 968 1128 1038 1174; x_wconf 71' lang='lat' dir='ltr'><strong>non</strong></span> <span class='ocrx_word' id='word_1_64' title='bbox 1053 1109 1119 1173; x_wconf 91' lang='lat' dir='ltr'><strong>ani·</strong></span> 
     </span>
     <span class='ocr_line' id='line_1_9' title="bbox 82 1204 1121 1298; baseline 0.004 -29"><span class='ocrx_word' id='word_1_65' title='bbox 82 1204 225 1273; x_wconf 82' lang='lat' dir='ltr'><strong>madrersa</strong></span> <span class='ocrx_word' id='word_1_66' title='bbox 232 1210 301 1273; x_wconf 81' lang='lat' dir='ltr'><strong>rini</strong></span> <span class='ocrx_word' id='word_1_67' title='bbox 312 1208 441 1293; x_wconf 80' lang='lat' dir='ltr'><strong>fraude,</strong></span> <span class='ocrx_word' id='word_1_68' title='bbox 456 1225 645 1298; x_wconf 85' lang='lat' dir='ltr'><strong>caperetur:</strong></span> <span class='ocrx_word' id='word_1_69' title='bbox 663 1231 738 1273; x_wconf 90' lang='lat' dir='ltr'><strong>nam</strong></span> <span class='ocrx_word' id='word_1_70' title='bbox 752 1225 785 1273; x_wconf 92' lang='lat' dir='ltr'><strong>et</strong></span> <span class='ocrx_word' id='word_1_71' title='bbox 797 1209 866 1273; x_wconf 80' lang='lat' dir='ltr'><strong>hoec</strong></span> <span class='ocrx_word' id='word_1_72' title='bbox 880 1210 965 1273; x_wconf 89' lang='lat' dir='ltr'><strong>inter</strong></span> <span class='ocrx_word' id='word_1_73' title='bbox 975 1222 1060 1273; x_wconf 87' lang='lat' dir='ltr'><strong>artes</strong></span> <span class='ocrx_word' id='word_1_74' title='bbox 1071 1226 1121 1273; x_wconf 89' lang='lat' dir='ltr'><strong>est</strong></span> 
     </span>
     <span class='ocr_line' id='line_1_10' title="bbox 82 1309 1119 1404; baseline 0.007 -32"><span class='ocrx_word' id='word_1_75' title='bbox 82 1309 183 1377; x_wconf 86' lang='lat' dir='ltr'><strong>inimici</strong></span> <span class='ocrx_word' id='word_1_76' title='bbox 194 1315 343 1404; x_wconf 86' lang='lat' dir='ltr'><strong>spiritus,</strong></span> <span class='ocrx_word' id='word_1_77' title='bbox 358 1332 396 1379; x_wconf 86' lang='lat' dir='ltr'><strong>nt</strong></span> <span class='ocrx_word' id='word_1_78' title='bbox 411 1316 449 1379; x_wconf 89' lang='lat' dir='ltr'><strong>iis</strong></span> <span class='ocrx_word' id='word_1_79' title='bbox 464 1316 560 1379; x_wconf 86' lang='lat' dir='ltr'><strong>rebus</strong></span> <span class='ocrx_word' id='word_1_80' title='bbox 572 1315 674 1379; x_wconf 87' lang='lat' dir='ltr'><strong>teneri</strong></span> <span class='ocrx_word' id='word_1_81' title='bbox 690 1336 725 1378; x_wconf 82' lang='lat' dir='ltr'><strong>se</strong></span> <span class='ocrx_word' id='word_1_82' title='bbox 737 1335 832 1402; x_wconf 88' lang='lat' dir='ltr'><strong>posse</strong></span> <span class='ocrx_word' id='word_1_83' title='bbox 847 1312 1119 1403; x_wconf 77' lang='lat' dir='ltr'><strong>fingat,quaru1n</strong></span> 
     </span>
     <span class='ocr_line' id='line_1_11' title="bbox 81 1413 1119 1505; baseline 0.003 -29"><span class='ocrx_word' id='word_1_84' title='bbox 81 1413 145 1476; x_wconf 88' lang='lat' dir='ltr'><strong>nulli</strong></span> <span class='ocrx_word' id='word_1_85' title='bbox 155 1415 221 1481; x_wconf 78' lang='lat' dir='ltr'><strong>haec</strong></span> <span class='ocrx_word' id='word_1_86' title='bbox 231 1440 250 1481; x_wconf 90' lang='lat' dir='ltr'><strong>a</strong></span> <span class='ocrx_word' id='word_1_87' title='bbox 262 1418 332 1481; x_wconf 91' lang='lat' dir='ltr'><strong>Deo</strong></span> <span class='ocrx_word' id='word_1_88' title='bbox 349 1440 407 1505; x_wconf 92' lang='lat' dir='ltr'><strong>per</strong></span> <span class='ocrx_word' id='word_1_89' title='bbox 420 1429 568 1481; x_wconf 75' lang='lat' dir='ltr'><strong>naturam</strong></span> <span class='ocrx_word' id='word_1_90' title='bbox 587 1416 681 1479; x_wconf 84' lang='lat' dir='ltr'><strong>insita</strong></span> <span class='ocrx_word' id='word_1_91' title='bbox 698 1414 830 1479; x_wconf 79' lang='lat' dir='ltr'><strong>facultas</strong></span> <span class='ocrx_word' id='word_1_92' title='bbox 851 1429 920 1496; x_wconf 85' lang='lat' dir='ltr'><strong>est;</strong></span> <span class='ocrx_word' id='word_1_93' title='bbox 936 1437 1004 1502; x_wconf 90' lang='lat' dir='ltr'><strong>quo</strong></span> <span class='ocrx_word' id='word_1_94' title='bbox 1018 1415 1119 1503; x_wconf 76' lang='lat' dir='ltr'><strong>magis</strong></span> 
     </span>
     <span class='ocr_line' id='line_1_12' title="bbox 81 1514 1120 1603; baseline 0.006 -31"><span class='ocrx_word' id='word_1_95' title='bbox 81 1517 221 1580; x_wconf 87' lang='lat' dir='ltr'><strong>temerarii</strong></span> <span class='ocrx_word' id='word_1_96' title='bbox 235 1516 384 1581; x_wconf 85' lang='lat' dir='ltr'><strong>homines</strong></span> <span class='ocrx_word' id='word_1_97' title='bbox 400 1517 564 1581; x_wconf 87' lang='lat' dir='ltr'><strong>erroribus</strong></span> <span class='ocrx_word' id='word_1_98' title='bbox 575 1532 608 1579; x_wconf 89' lang='lat' dir='ltr'><strong>et</strong></span> <span class='ocrx_word' id='word_1_99' title='bbox 619 1514 847 1602; x_wconf 78' lang='lat' dir='ltr'><strong>superstitione</strong></span> <span class='ocrx_word' id='word_1_100' title='bbox 860 1514 975 1578; x_wconf 90' lang='lat' dir='ltr'><strong>irretiti</strong></span> <span class='ocrx_word' id='word_1_101' title='bbox 988 1516 1120 1603; x_wconf 86' lang='lat' dir='ltr'><strong>capian-</strong></span> 
     </span>
     <span class='ocr_line' id='line_1_13' title="bbox 79 1614 1120 1705; baseline 0.005 -31"><span class='ocrx_word' id='word_1_102' title='bbox 79 1626 130 1678; x_wconf 86' lang='lat' dir='ltr'><strong>tur.</strong></span> <span class='ocrx_word' id='word_1_103' title='bbox 152 1617 266 1705; x_wconf 88' lang='lat' dir='ltr'><strong>Neque</strong></span> <span class='ocrx_word' id='word_1_104' title='bbox 282 1616 351 1682; x_wconf 80' lang='lat' dir='ltr'><strong>hrec</strong></span> <span class='ocrx_word' id='word_1_105' title='bbox 369 1618 472 1681; x_wconf 90' lang='lat' dir='ltr'><strong>aliena</strong></span> <span class='ocrx_word' id='word_1_106' title='bbox 490 1633 580 1681; x_wconf 87' lang='lat' dir='ltr'><strong>erant</strong></span> <span class='ocrx_word' id='word_1_107' title='bbox 599 1616 695 1681; x_wconf 77' lang='lat' dir='ltr'><strong>stidae</strong></span> <span class='ocrx_word' id='word_1_108' title='bbox 716 1614 891 1696; x_wconf 87' lang='lat' dir='ltr'><strong>institutis,</strong></span> <span class='ocrx_word' id='word_1_109' title='bbox 912 1637 1015 1702; x_wconf 90' lang='lat' dir='ltr'><strong>quum</strong></span> <span class='ocrx_word' id='word_1_110' title='bbox 1036 1632 1120 1682; x_wconf 85' lang='lat' dir='ltr'><strong>esset</strong></span> 
     </span>
     <span class='ocr_line' id='line_1_14' title="bbox 80 1704 1120 1807; baseline 0.003 -29"><span class='ocrx_word' id='word_1_111' title='bbox 80 1712 185 1801; x_wconf 83' lang='lat' dir='ltr'><strong>Orphei</strong></span> <span class='ocrx_word' id='word_1_112' title='bbox 204 1704 445 1807; x_wconf 60' lang='lat' dir='ltr'><strong>praestigiatoris</strong></span> <span class='ocrx_word' id='word_1_113' title='bbox 469 1716 663 1807; x_wconf 89' lang='lat' dir='ltr'><strong>discipulus,</strong></span> <span class='ocrx_word' id='word_1_114' title='bbox 682 1716 867 1781; x_wconf 81' lang='lat' dir='ltr'><strong>diviliarum</strong></span> <span class='ocrx_word' id='word_1_115' title='bbox 885 1731 917 1779; x_wconf 87' lang='lat' dir='ltr'><strong>et</strong></span> <span class='ocrx_word' id='word_1_116' title='bbox 932 1716 1023 1805; x_wconf 80' lang='lat' dir='ltr'><strong>regni</strong></span> <span class='ocrx_word' id='word_1_117' title='bbox 1038 1718 1120 1781; x_wconf 90' lang='lat' dir='ltr'><strong>nihil</strong></span> 
     </span>
     <span class='ocr_line' id='line_1_15' title="bbox 78 1811 511 1905; baseline 0.016 -29"><span class='ocrx_word' id='word_1_118' title='bbox 78 1811 110 1875; x_wconf 83' lang='lat' dir='ltr'><strong>td</strong></span> <span class='ocrx_word' id='word_1_119' title='bbox 122 1838 153 1879; x_wconf 88' lang='lat' dir='ltr'><strong>se</strong></span> <span class='ocrx_word' id='word_1_120' title='bbox 167 1818 358 1905; x_wconf 88' lang='lat' dir='ltr'><strong>pertinentis</strong></span> <span class='ocrx_word' id='word_1_121' title='bbox 374 1819 511 1905; x_wconf 88' lang='lat' dir='ltr'><strong>cupitor.</strong></span> 
     </span>
    </p>

    <p class='ocr_par' dir='ltr' id='par_1_4' title="bbox 30 1915 1131 3214">
     <span class='ocr_line' id='line_1_16' title="bbox 112 1915 1120 2007; baseline 0.001 -26"><span class='ocrx_word' id='word_1_122' title='bbox 112 1915 211 1983; x_wconf 86' lang='lat' dir='ltr'>XXII.</span> <span class='ocrx_word' id='word_1_123' title='bbox 230 1920 336 2007; x_wconf 85' lang='lat' dir='ltr'><strong>Igitur</strong></span> <span class='ocrx_word' id='word_1_124' title='bbox 352 1940 412 1983; x_wconf 87' lang='lat' dir='ltr'><strong>nee</strong></span> <span class='ocrx_word' id='word_1_125' title='bbox 424 1919 496 1983; x_wconf 89' lang='lat' dir='ltr'><strong>illos</strong></span> <span class='ocrx_word' id='word_1_126' title='bbox 513 1918 695 2007; x_wconf 87' lang='lat' dir='ltr'><strong>sequendos</strong></span> <span class='ocrx_word' id='word_1_127' title='bbox 710 1919 865 1999; x_wconf 89' lang='lat' dir='ltr'><strong>arbitror,</strong></span> <span class='ocrx_word' id='word_1_128' title='bbox 882 1918 939 2006; x_wconf 88' lang='lat' dir='ltr'><strong>qui</strong></span> <span class='ocrx_word' id='word_1_129' title='bbox 958 1919 1120 2001; x_wconf 89' lang='lat' dir='ltr'><strong>Silenum,</strong></span> 
     </span>
     <span class='ocr_line' id='line_1_17' title="bbox 78 2016 1122 2107; baseline 0.004 -30"><span class='ocrx_word' id='word_1_130' title='bbox 78 2016 407 2107; x_wconf 88' lang='lat' dir='ltr'><strong>utillistemporibus,</strong></span> <span class='ocrx_word' id='word_1_131' title='bbox 424 2034 544 2083; x_wconf 86' lang='lat' dir='ltr'><strong>naturae</strong></span> <span class='ocrx_word' id='word_1_132' title='bbox 561 2035 594 2084; x_wconf 86' lang='lat' dir='ltr'><strong>et</strong></span> <span class='ocrx_word' id='word_1_133' title='bbox 606 2020 711 2083; x_wconf 87' lang='lat' dir='ltr'><strong>omnis</strong></span> <span class='ocrx_word' id='word_1_134' title='bbox 724 2019 924 2107; x_wconf 88' lang='lat' dir='ltr'><strong>antiquitatis</strong></span> <span class='ocrx_word' id='word_1_135' title='bbox 940 2019 1122 2107; x_wconf 83' lang='lat' dir='ltr'><strong>intelligen-</strong></span> 
     </span>
     <span class='ocr_line' id='line_1_18' title="bbox 30 2114 1122 2206; baseline 0.004 -29"><span class='ocrx_word' id='word_1_136' title='bbox 30 2176 31 2201; x_wconf 56' lang='lat'><strong>,</strong></span> <span class='ocrx_word' id='word_1_137' title='bbox 77 2114 222 2183; x_wconf 88' lang='lat' dir='ltr'><strong>tissimum</strong></span> <span class='ocrx_word' id='word_1_138' title='bbox 243 2120 411 2188; x_wconf 89' lang='lat' dir='ltr'><strong>hominem</strong></span> <span class='ocrx_word' id='word_1_139' title='bbox 431 2119 530 2183; x_wconf 82' lang='lat' dir='ltr'><strong>fuisse</strong></span> <span class='ocrx_word' id='word_1_140' title='bbox 553 2122 832 2206; x_wconf 87' lang='lat' dir='ltr'><strong>interpretantur:</strong></span> <span class='ocrx_word' id='word_1_141' title='bbox 850 2140 925 2181; x_wconf 90' lang='lat' dir='ltr'><strong>nam</strong></span> <span class='ocrx_word' id='word_1_142' title='bbox 945 2118 1122 2206; x_wconf 86' lang='lat' dir='ltr'><strong>hancqui·</strong></span> 
     </span>
     <span class='ocr_line' id='line_1_19' title="bbox 76 2214 1123 2311; baseline 0.005 -33"><span class='ocrx_word' id='word_1_143' title='bbox 76 2214 137 2281; x_wconf 88' lang='lat' dir='ltr'><strong>dem</strong></span> <span class='ocrx_word' id='word_1_144' title='bbox 155 2220 391 2311; x_wconf 84' lang='lat' dir='ltr'><strong>expositionem</strong></span> <span class='ocrx_word' id='word_1_145' title='bbox 409 2221 517 2285; x_wconf 91' lang='lat' dir='ltr'><strong>omnia</strong></span> <span class='ocrx_word' id='word_1_146' title='bbox 534 2220 618 2284; x_wconf 89' lang='lat' dir='ltr'><strong>dieta</strong></span> <span class='ocrx_word' id='word_1_147' title='bbox 640 2219 841 2308; x_wconf 88' lang='lat' dir='ltr'><strong>dicendaque</strong></span> <span class='ocrx_word' id='word_1_148' title='bbox 854 2218 1006 2282; x_wconf 79' lang='lat' dir='ltr'><strong>refutant.</strong></span> <span class='ocrx_word' id='word_1_149' title='bbox 1023 2218 1123 2300; x_wconf 90' lang='lat' dir='ltr'><strong>Quod</strong></span> 
     </span>
     <span class='ocr_line' id='line_1_20' title="bbox 75 2317 1122 2410; baseline 0.002 -29"><span class='ocrx_word' id='word_1_150' title='bbox 75 2317 192 2385; x_wconf 81' lang='lat' dir='ltr'><strong>silone</strong></span> <span class='ocrx_word' id='word_1_151' title='bbox 208 2344 326 2385; x_wconf 81' lang='lat' dir='ltr'><strong>rerum</strong></span> <span class='ocrx_word' id='word_1_152' title='bbox 347 2338 397 2386; x_wconf 89' lang='lat' dir='ltr'><strong>est</strong></span> <span class='ocrx_word' id='word_1_153' title='bbox 415 2322 507 2410; x_wconf 91' lang='lat' dir='ltr'><strong>(nam</strong></span> <span class='ocrx_word' id='word_1_154' title='bbox 530 2344 629 2410; x_wconf 91' lang='lat' dir='ltr'><strong>penes</strong></span> <span class='ocrx_word' id='word_1_155' title='bbox 650 2336 815 2385; x_wconf 86' lang='lat' dir='ltr'><strong>auctorem</strong></span> <span class='ocrx_word' id='word_1_156' title='bbox 837 2320 880 2382; x_wconf 89' lang='lat' dir='ltr'><strong>sit</strong></span> <span class='ocrx_word' id='word_1_157' title='bbox 899 2318 996 2404; x_wconf 87' lang='lat' dir='ltr'><strong>fides)</strong></span> <span class='ocrx_word' id='word_1_158' title='bbox 1015 2318 1122 2407; x_wconf 92' lang='lat' dir='ltr'><strong>quod,</strong></span> 
     </span>
     <span class='ocr_line' id='line_1_21' title="bbox 75 2419 1124 2510; baseline -0.002 -24"><span class='ocrx_word' id='word_1_159' title='bbox 75 2438 215 2508; x_wconf 60' lang='lat' dir='ltr'><strong>regnante</strong></span> <span class='ocrx_word' id='word_1_160' title='bbox 232 2424 467 2504; x_wconf 83' lang='lat' dir='ltr'><strong>Constantino,</strong></span> <span class='ocrx_word' id='word_1_161' title='bbox 484 2422 589 2487; x_wconf 84' lang='lat' dir='ltr'><strong>risum</strong></span> <span class='ocrx_word' id='word_1_162' title='bbox 599 2420 799 2486; x_wconf 76' lang='lat' dir='ltr'><strong>Alexandriae</strong></span> <span class='ocrx_word' id='word_1_163' title='bbox 807 2421 957 2507; x_wconf 82' lang='lat' dir='ltr'><strong>Satyrum</strong></span> <span class='ocrx_word' id='word_1_164' title='bbox 968 2419 1124 2510; x_wconf 85' lang='lat' dir='ltr'><strong>Hierony·</strong></span> 
     </span>
     <span class='ocr_line' id='line_1_22' title="bbox 75 2519 1120 2613; baseline 0.003 -31"><span class='ocrx_word' id='word_1_165' title='bbox 75 2539 134 2586; x_wconf 88' lang='lat' dir='ltr'><strong>nus</strong></span> <span class='ocrx_word' id='word_1_166' title='bbox 152 2525 300 2613; x_wconf 85' lang='lat' dir='ltr'><strong>scripsit,</strong></span> <span class='ocrx_word' id='word_1_167' title='bbox 319 2523 411 2603; x_wconf 84' lang='lat' dir='ltr'><strong>cujus</strong></span> <span class='ocrx_word' id='word_1_168' title='bbox 429 2523 524 2587; x_wconf 88' lang='lat' dir='ltr'><strong>etiam</strong></span> <span class='ocrx_word' id='word_1_169' title='bbox 546 2521 691 2586; x_wconf 81' lang='lat' dir='ltr'><strong>defimcti</strong></span> <span class='ocrx_word' id='word_1_170' title='bbox 710 2522 826 2609; x_wconf 88' lang='lat' dir='ltr'><strong>pellem</strong></span> <span class='ocrx_word' id='word_1_171' title='bbox 846 2519 1025 2583; x_wconf 70' lang='lat' dir='ltr'><strong>Antiochiae</strong></span> <span class='ocrx_word' id='word_1_172' title='bbox 1046 2543 1120 2608; x_wconf 85' lang='lat' dir='ltr'><strong>spe-</strong></span> 
     </span>
     <span class='ocr_line' id='line_1_23' title="bbox 76 2620 1131 2714; baseline 0.002 -32"><span class='ocrx_word' id='word_1_173' title='bbox 76 2623 153 2686; x_wconf 81' lang='lat' dir='ltr'><strong>ctarit</strong></span> <span class='ocrx_word' id='word_1_174' title='bbox 169 2625 367 2714; x_wconf 80' lang='lat' dir='ltr'><strong>imperator3</strong></span> <span class='ocrx_word' id='word_1_175' title='bbox 384 2647 463 2687; x_wconf 86' lang='lat' dir='ltr'><strong>eum</strong></span> <span class='ocrx_word' id='word_1_176' title='bbox 481 2622 613 2710; x_wconf 90' lang='lat' dir='ltr'><strong>quidem</strong></span> <span class='ocrx_word' id='word_1_177' title='bbox 631 2637 853 2686; x_wconf 87' lang='lat' dir='ltr'><strong>monstrosum</strong></span> <span class='ocrx_word' id='word_1_178' title='bbox 874 2620 973 2685; x_wconf 84' lang='lat' dir='ltr'><strong>fuisse</strong></span> <span class='ocrx_word' id='word_1_179' title='bbox 991 2637 1131 2710; x_wconf 86' lang='lat' dir='ltr'><strong>partum·</strong></span> 
     </span>
     <span class='ocr_line' id='line_1_24' title="bbox 75 2721 1122 2812; baseline 0.001 -30"><span class='ocrx_word' id='word_1_180' title='bbox 75 2721 216 2805; x_wconf 82' lang='lat' dir='ltr'><strong>arbitror,</strong></span> <span class='ocrx_word' id='word_1_181' title='bbox 244 2724 302 2811; x_wconf 93' lang='lat' dir='ltr'><strong>qui</strong></span> <span class='ocrx_word' id='word_1_182' title='bbox 323 2724 430 2812; x_wconf 89' lang='lat' dir='ltr'><strong>potuit</strong></span> <span class='ocrx_word' id='word_1_183' title='bbox 448 2745 487 2786; x_wconf 87' lang='lat' dir='ltr'><strong>ex</strong></span> <span class='ocrx_word' id='word_1_184' title='bbox 503 2723 616 2786; x_wconf 87' lang='lat' dir='ltr'><strong>tabella</strong></span> <span class='ocrx_word' id='word_1_185' title='bbox 638 2723 716 2810; x_wconf 91' lang='lat' dir='ltr'><strong>picti</strong></span> <span class='ocrx_word' id='word_1_186' title='bbox 732 2721 835 2809; x_wconf 82' lang='lat' dir='ltr'><strong>Satyri</strong></span> <span class='ocrx_word' id='word_1_187' title='bbox 850 2743 918 2784; x_wconf 90' lang='lat' dir='ltr'><strong>non</strong></span> <span class='ocrx_word' id='word_1_188' title='bbox 936 2721 1028 2785; x_wconf 87' lang='lat' dir='ltr'><strong>aliter</strong></span> <span class='ocrx_word' id='word_1_189' title='bbox 1050 2744 1122 2786; x_wconf 89' lang='lat' dir='ltr'><strong>mo·</strong></span> 
     </span>
     <span class='ocr_line' id='line_1_25' title="bbox 76 2821 1122 2914; baseline -0.003 -28"><span class='ocrx_word' id='word_1_190' title='bbox 76 2821 141 2886; x_wconf 74' lang='lat' dir='ltr'><strong>risse</strong></span> <span class='ocrx_word' id='word_1_191' title='bbox 156 2824 414 2914; x_wconf 72' lang='lat' dir='ltr'><strong>imaginatncem</strong></span> <span class='ocrx_word' id='word_1_192' title='bbox 437 2823 620 2886; x_wconf 84' lang='lat' dir='ltr'><strong>facultatem</strong></span> <span class='ocrx_word' id='word_1_193' title='bbox 639 2821 793 2911; x_wconf 82' lang='lat' dir='ltr'><strong>gravidae,</strong></span> <span class='ocrx_word' id='word_1_194' title='bbox 812 2843 911 2908; x_wconf 88' lang='lat' dir='ltr'><strong>quam</strong></span> <span class='ocrx_word' id='word_1_195' title='bbox 930 2822 993 2884; x_wconf 83' lang='lat' dir='ltr'><strong>fuit</strong></span> <span class='ocrx_word' id='word_1_196' title='bbox 1010 2821 1044 2883; x_wconf 94' lang='lat' dir='ltr'><strong>in</strong></span> <span class='ocrx_word' id='word_1_197' title='bbox 1061 2821 1122 2884; x_wconf 91' lang='lat' dir='ltr'><strong>illis</strong></span> 
     </span>
     <span class='ocr_line' id='line_1_26' title="bbox 76 2921 1122 3011; baseline -0.001 -27"><span class='ocrx_word' id='word_1_198' title='bbox 76 2923 254 2990; x_wconf 80' lang='lat' dir='ltr'><strong>mulieribus</strong></span> <span class='ocrx_word' id='word_1_199' title='bbox 274 2923 413 3006; x_wconf 81' lang='lat' dir='ltr'><strong>lactum,</strong></span> <span class='ocrx_word' id='word_1_200' title='bbox 430 2927 501 3011; x_wconf 84' lang='lat' dir='ltr'><strong>qirae</strong></span> <span class='ocrx_word' id='word_1_201' title='bbox 524 2921 704 2987; x_wconf 89' lang='lat' dir='ltr'><strong>secundum</strong></span> <span class='ocrx_word' id='word_1_202' title='bbox 726 2923 849 2986; x_wconf 86' lang='lat' dir='ltr'><strong>tabulas</strong></span> <span class='ocrx_word' id='word_1_203' title='bbox 865 2923 980 3009; x_wconf 89' lang='lat' dir='ltr'><strong>pictas,</strong></span> <span class='ocrx_word' id='word_1_204' title='bbox 999 2941 1071 3006; x_wconf 75' lang='lat' dir='ltr'><strong>quse</strong></span> <span class='ocrx_word' id='word_1_205' title='bbox 1088 2922 1122 2984; x_wconf 91' lang='lat' dir='ltr'><strong>in</strong></span> 
     </span>
     <span class='ocr_line' id='line_1_27' title="bbox 77 3017 1126 3110; baseline -0.006 -24"><span class='ocrx_word' id='word_1_206' title='bbox 77 3025 271 3090; x_wconf 70' lang='lat' dir='ltr'><strong>obruerant</strong></span> <span class='ocrx_word' id='word_1_207' title='bbox 284 3025 408 3107; x_wconf 77' lang='lat' dir='ltr'><strong>locatoe,</strong></span> <span class='ocrx_word' id='word_1_208' title='bbox 422 3026 517 3088; x_wconf 85' lang='lat' dir='ltr'><strong>loetus</strong></span> <span class='ocrx_word' id='word_1_209' title='bbox 533 3041 590 3088; x_wconf 90' lang='lat' dir='ltr'><strong>aut</strong></span> <span class='ocrx_word' id='word_1_210' title='bbox 604 3037 771 3088; x_wconf 91' lang='lat' dir='ltr'><strong>venustate</strong></span> <span class='ocrx_word' id='word_1_211' title='bbox 784 3021 979 3110; x_wconf 81' lang='lat' dir='ltr'><strong>proeeipuos,</strong></span> <span class='ocrx_word' id='word_1_212' title='bbox 997 3033 1054 3081; x_wconf 88' lang='lat' dir='ltr'><strong>aut</strong></span> <span class='ocrx_word' id='word_1_213' title='bbox 1068 3017 1126 3081; x_wconf 85' lang='lat' dir='ltr'><strong>de·</strong></span> 
     </span>
     <span class='ocr_line' id='line_1_28' title="bbox 76 3121 583 3214; baseline -0.01 -21"><span class='ocrx_word' id='word_1_214' title='bbox 76 3121 224 3192; x_wconf 67' lang='lat' dir='ltr'><strong>fontium</strong></span> <span class='ocrx_word' id='word_1_215' title='bbox 240 3127 385 3214; x_wconf 80' lang='lat' dir='ltr'><strong>insignes</strong></span> <span class='ocrx_word' id='word_1_216' title='bbox 401 3124 583 3190; x_wconf 90' lang='lat' dir='ltr'><strong>ediderunt.</strong></span> 
     </span>
    </p>

    <p class='ocr_par' dir='ltr' id='par_1_5' title="bbox 72 3218 1126 3818">
     <span class='ocr_line' id='line_1_29' title="bbox 107 3218 1125 3312; baseline -0.007 -21"><span class='ocrx_word' id='word_1_217' title='bbox 107 3229 231 3293; x_wconf 86' lang='lat' dir='ltr'>XXIII.</span> <span class='ocrx_word' id='word_1_218' title='bbox 251 3226 315 3292; x_wconf 88' lang='lat' dir='ltr'><strong>Sed</strong></span> <span class='ocrx_word' id='word_1_219' title='bbox 331 3227 384 3291; x_wconf 91' lang='lat' dir='ltr'><strong>ille</strong></span> <span class='ocrx_word' id='word_1_220' title='bbox 399 3226 553 3290; x_wconf 83' lang='lat' dir='ltr'><strong>nimirum</strong></span> <span class='ocrx_word' id='word_1_221' title='bbox 568 3223 718 3312; x_wconf 76' lang='lat' dir='ltr'><strong>Satyrus,</strong></span> <span class='ocrx_word' id='word_1_222' title='bbox 736 3241 843 3308; x_wconf 89' lang='lat' dir='ltr'><strong>neque</strong></span> <span class='ocrx_word' id='word_1_223' title='bbox 858 3219 966 3306; x_wconf 84' lang='lat' dir='ltr'><strong>lingua</strong></span> <span class='ocrx_word' id='word_1_224' title='bbox 982 3218 1125 3284; x_wconf 88' lang='lat' dir='ltr'><strong>humana</strong></span> 
     </span>
     <span class='ocr_line' id='line_1_30' title="bbox 76 3319 1124 3417; baseline -0.006 -28"><span class='ocrx_word' id='word_1_225' title='bbox 76 3347 153 3412; x_wconf 82' lang='lat' dir='ltr'><strong>usus,</strong></span> <span class='ocrx_word' id='word_1_226' title='bbox 170 3351 284 3417; x_wconf 85' lang='lat' dir='ltr'><strong>neque</strong></span> <span class='ocrx_word' id='word_1_227' title='bbox 303 3329 365 3392; x_wconf 87' lang='lat' dir='ltr'><strong>tale</strong></span> <span class='ocrx_word' id='word_1_228' title='bbox 377 3327 573 3416; x_wconf 84' lang='lat' dir='ltr'><strong>quidquam,</strong></span> <span class='ocrx_word' id='word_1_229' title='bbox 590 3323 679 3412; x_wconf 93' lang='lat' dir='ltr'><strong>quod</strong></span> <span class='ocrx_word' id='word_1_230' title='bbox 697 3322 764 3390; x_wconf 87' lang='lat' dir='ltr'><strong>suis</strong></span> <span class='ocrx_word' id='word_1_231' title='bbox 772 3319 907 3408; x_wconf 85' lang='lat' dir='ltr'><strong>Antiqui</strong></span> <span class='ocrx_word' id='word_1_232' title='bbox 921 3319 1124 3401; x_wconf 86' lang='lat' dir='ltr'><strong>tribuerunt,</strong></span> 
     </span>
     <span class='ocr_line' id='line_1_31' title="bbox 75 3419 1124 3510; baseline -0.004 -20"><span class='ocrx_word' id='word_1_233' title='bbox 75 3427 171 3494; x_wconf 80' lang='lat' dir='ltr'><strong>lesisse</strong></span> <span class='ocrx_word' id='word_1_234' title='bbox 184 3428 340 3494; x_wconf 89' lang='lat' dir='ltr'><strong>traditur.</strong></span> <span class='ocrx_word' id='word_1_235' title='bbox 359 3425 644 3510; x_wconf 87' lang='lat' dir='ltr'><strong>Quemadmodum</strong></span> <span class='ocrx_word' id='word_1_236' title='bbox 664 3425 748 3487; x_wconf 89' lang='lat' dir='ltr'><strong>intra</strong></span> <span class='ocrx_word' id='word_1_237' title='bbox 765 3423 826 3486; x_wconf 90' lang='lat' dir='ltr'><strong>hos</strong></span> <span class='ocrx_word' id='word_1_238' title='bbox 846 3419 1005 3484; x_wconf 86' lang='lat' dir='ltr'><strong>ducentos</strong></span> <span class='ocrx_word' id='word_1_239' title='bbox 1020 3442 1124 3486; x_wconf 87' lang='lat' dir='ltr'><strong>annos</strong></span> 
     </span>
     <span class='ocr_line' id='line_1_32' title="bbox 72 3522 1126 3616; baseline -0.003 -26"><span class='ocrx_word' id='word_1_240' title='bbox 72 3531 230 3616; x_wconf 82' lang='lat' dir='ltr'><strong>superiore</strong></span> <span class='ocrx_word' id='word_1_241' title='bbox 245 3528 357 3595; x_wconf 86' lang='lat' dir='ltr'><strong>seculo</strong></span> <span class='ocrx_word' id='word_1_242' title='bbox 372 3527 423 3592; x_wconf 86' lang='lat' dir='ltr'><strong>vir</strong></span> <span class='ocrx_word' id='word_1_243' title='bbox 437 3530 525 3592; x_wconf 82' lang='lat' dir='ltr'><strong>ferus</strong></span> <span class='ocrx_word' id='word_1_244' title='bbox 538 3527 570 3590; x_wconf 84' lang='lat' dir='ltr'><strong>ln</strong></span> <span class='ocrx_word' id='word_1_245' title='bbox 590 3527 667 3590; x_wconf 83' lang='lat' dir='ltr'><strong>silva</strong></span> <span class='ocrx_word' id='word_1_246' title='bbox 682 3526 714 3589; x_wconf 87' lang='lat' dir='ltr'><strong>S.</strong></span> <span class='ocrx_word' id='word_1_247' title='bbox 727 3522 880 3588; x_wconf 89' lang='lat' dir='ltr'><strong>Germani</strong></span> <span class='ocrx_word' id='word_1_248' title='bbox 894 3544 995 3609; x_wconf 90' lang='lat' dir='ltr'><strong>prope</strong></span> <span class='ocrx_word' id='word_1_249' title='bbox 1010 3522 1126 3587; x_wconf 88' lang='lat' dir='ltr'><strong>Villin·</strong></span> 
     </span>
     <span class='ocr_line' id='line_1_33' title="bbox 74 3623 1126 3720; baseline -0.007 -26"><span class='ocrx_word' id='word_1_250' title='bbox 74 3648 133 3712; x_wconf 81' lang='lat' dir='ltr'><strong>gam</strong></span> <span class='ocrx_word' id='word_1_251' title='bbox 146 3629 310 3720; x_wconf 89' lang='lat' dir='ltr'><strong>oppidum</strong></span> <span class='ocrx_word' id='word_1_252' title='bbox 324 3629 422 3693; x_wconf 84' lang='lat' dir='ltr'><strong>fuisse</strong></span> <span class='ocrx_word' id='word_1_253' title='bbox 436 3644 651 3708; x_wconf 89' lang='lat' dir='ltr'><strong>memoratur,</strong></span> <span class='ocrx_word' id='word_1_254' title='bbox 670 3624 871 3690; x_wconf 88' lang='lat' dir='ltr'><strong>consortium</strong></span> <span class='ocrx_word' id='word_1_255' title='bbox 884 3623 1058 3687; x_wconf 86' lang='lat' dir='ltr'><strong>bominum</strong></span> <span class='ocrx_word' id='word_1_256' title='bbox 1075 3624 1126 3688; x_wconf 89' lang='lat' dir='ltr'><strong>fu-</strong></span> 
     </span>
     <span class='ocr_line' id='line_1_34' title="bbox 74 3721 1125 3818; baseline -0.008 -24"><span class='ocrx_word' id='word_1_257' title='bbox 74 3728 169 3813; x_wconf 83' lang='lat' dir='ltr'><strong>giens,</strong></span> <span class='ocrx_word' id='word_1_258' title='bbox 187 3728 350 3817; x_wconf 89' lang='lat' dir='ltr'><strong>nudoque</strong></span> <span class='ocrx_word' id='word_1_259' title='bbox 365 3751 501 3818; x_wconf 89' lang='lat' dir='ltr'><strong>corpore</strong></span> <span class='ocrx_word' id='word_1_260' title='bbox 513 3751 572 3816; x_wconf 88' lang='lat' dir='ltr'><strong>per</strong></span> <span class='ocrx_word' id='word_1_261' title='bbox 584 3741 725 3792; x_wconf 78' lang='lat' dir='ltr'><strong>aestatem</strong></span> <span class='ocrx_word' id='word_1_262' title='bbox 736 3748 773 3789; x_wconf 89' lang='lat' dir='ltr'><strong>ac</strong></span> <span class='ocrx_word' id='word_1_263' title='bbox 787 3724 947 3803; x_wconf 86' lang='lat' dir='ltr'><strong>hiemem,</strong></span> <span class='ocrx_word' id='word_1_264' title='bbox 966 3721 1125 3786; x_wconf 86' lang='lat' dir='ltr'><strong>radicibus</strong></span> 
     </span>
    </p>
   </div>
   <div class='ocr_carea' id='block_1_3' title="bbox 75 3896 1128 4280">
    <p class='ocr_par' dir='ltr' id='par_1_6' title="bbox 75 3896 1128 4218">
     <span class='ocr_line' id='line_1_35' title="bbox 99 3896 1128 3966; baseline -0.011 -15"><span class='ocrx_word' id='word_1_265' title='bbox 99 3899 114 3966; x_wconf 64' lang='lat'>5</span> <span class='ocrx_word' id='word_1_266' title='bbox 125 3903 183 3954; x_wconf 86' lang='lat' dir='ltr'><strong>XX.</strong></span> <span class='ocrx_word' id='word_1_267' title='bbox 193 3904 262 3952; x_wconf 78' lang='lat' dir='ltr'><strong>Pliu.</strong></span> <span class='ocrx_word' id='word_1_268' title='bbox 271 3905 398 3961; x_wconf 88' lang='lat' dir='ltr'>XXXIII,</span> <span class='ocrx_word' id='word_1_269' title='bbox 410 3918 432 3952; x_wconf 88' lang='lat' dir='ltr'><strong>r.</strong></span> <span class='ocrx_word' id='word_1_270' title='bbox 446 3929 481 3940; x_wconf 93' lang='lat'><strong>—-</strong></span> <span class='ocrx_word' id='word_1_271' title='bbox 496 3903 584 3952; x_wconf 80' lang='lat' dir='ltr'><strong>AElian.</strong></span> <span class='ocrx_word' id='word_1_272' title='bbox 594 3929 628 3940; x_wconf 93' lang='lat'><strong>-·</strong></span> <span class='ocrx_word' id='word_1_273' title='bbox 638 3901 769 3966; x_wconf 74' lang='lat' dir='ltr'><strong>Augustis.</strong></span> <span class='ocrx_word' id='word_1_274' title='bbox 778 3899 809 3947; x_wconf 83' lang='lat' dir='ltr'><strong>de</strong></span> <span class='ocrx_word' id='word_1_275' title='bbox 818 3898 873 3949; x_wconf 80' lang='lat' dir='ltr'><strong>etv.</strong></span> <span class='ocrx_word' id='word_1_276' title='bbox 884 3898 929 3944; x_wconf 85' lang='lat' dir='ltr'><strong>Dei</strong></span> <span class='ocrx_word' id='word_1_277' title='bbox 938 3929 946 3954; x_wconf 93' lang='lat'><strong>,</strong></span> <span class='ocrx_word' id='word_1_278' title='bbox 955 3896 1031 3954; x_wconf 86' lang='lat' dir='ltr'>VIII,</span> <span class='ocrx_word' id='word_1_279' title='bbox 1045 3903 1085 3950; x_wconf 70' lang='lat' dir='ltr'><strong>rs.</strong></span> <span class='ocrx_word' id='word_1_280' title='bbox 1092 3923 1128 3934; x_wconf 90' lang='lat'>-</span> 
     </span>
     <span class='ocr_line' id='line_1_36' title="bbox 75 3978 1128 4052; baseline -0.006 -20"><span class='ocrx_word' id='word_1_281' title='bbox 75 3983 165 4034; x_wconf 74' lang='lat' dir='ltr'><strong>Aristot.</strong></span> <span class='ocrx_word' id='word_1_282' title='bbox 183 3985 257 4052; x_wconf 85' lang='lat' dir='ltr'><strong>apud</strong></span> <span class='ocrx_word' id='word_1_283' title='bbox 272 3985 336 4034; x_wconf 79' lang='lat' dir='ltr'><strong>rtur.</strong></span> <span class='ocrx_word' id='word_1_284' title='bbox 352 3985 384 4034; x_wconf 82' lang='lat' dir='ltr'><strong>ds</strong></span> <span class='ocrx_word' id='word_1_285' title='bbox 400 3985 495 4034; x_wconf 80' lang='lat' dir='ltr'><strong>consol.</strong></span> <span class='ocrx_word' id='word_1_286' title='bbox 511 3985 543 4034; x_wconf 87' lang='lat' dir='ltr'><strong>ad</strong></span> <span class='ocrx_word' id='word_1_287' title='bbox 556 3986 673 4050; x_wconf 78' lang='lat' dir='ltr'><strong>Apollon.</strong></span> <span class='ocrx_word' id='word_1_288' title='bbox 689 4011 726 4023; x_wconf 85' lang='lat'><em>-</em></span> <span class='ocrx_word' id='word_1_289' title='bbox 739 3985 873 4036; x_wconf 71' lang='lat' dir='ltr'><strong>CicTuso.</strong></span> <span class='ocrx_word' id='word_1_290' title='bbox 883 3982 910 4038; x_wconf 86' lang='lat' dir='ltr'><strong>l,</strong></span> <span class='ocrx_word' id='word_1_291' title='bbox 923 3981 965 4035; x_wconf 64' lang='lat'><strong>68.</strong></span> <span class='ocrx_word' id='word_1_292' title='bbox 978 4003 1014 4014; x_wconf 89' lang='lat'>—</span> <span class='ocrx_word' id='word_1_293' title='bbox 1027 3978 1128 4043; x_wconf 73' lang='lat' dir='ltr'><strong>snt.</strong></span> 
     </span>
     <span class='ocr_line' id='line_1_37' title="bbox 75 4059 1128 4137; baseline -0.011 -20"><span class='ocrx_word' id='word_1_294' title='bbox 75 4061 246 4137; x_wconf 69' lang='lat' dir='ltr'><strong>llu&#39;l&#39;yrlua,</strong></span> <span class='ocrx_word' id='word_1_295' title='bbox 255 4068 313 4118; x_wconf 81' lang='lat' dir='ltr'><strong>diss.</strong></span> <span class='ocrx_word' id='word_1_296' title='bbox 324 4071 366 4118; x_wconf 81' lang='lat' dir='ltr'><strong>so.</strong></span> <span class='ocrx_word' id='word_1_297' title='bbox 373 4069 432 4136; x_wconf 75' lang='lat' dir='ltr'><strong>-s</strong></span> <span class='ocrx_word' id='word_1_298' title='bbox 441 4071 525 4118; x_wconf 84' lang='lat' dir='ltr'>XXII.</span> <span class='ocrx_word' id='word_1_299' title='bbox 534 4069 621 4122; x_wconf 83' lang='lat' dir='ltr'><strong>Conon</strong></span> <span class='ocrx_word' id='word_1_300' title='bbox 631 4069 697 4134; x_wconf 82' lang='lat' dir='ltr'><strong>apud</strong></span> <span class='ocrx_word' id='word_1_301' title='bbox 708 4068 780 4117; x_wconf 80' lang='lat' dir='ltr'><strong>l’liot.</strong></span> <span class='ocrx_word' id='word_1_302' title='bbox 787 4090 815 4104; x_wconf 85' lang='lat'><strong>·—</strong></span> <span class='ocrx_word' id='word_1_303' title='bbox 827 4064 899 4112; x_wconf 81' lang='lat' dir='ltr'><strong>Voss.</strong></span> <span class='ocrx_word' id='word_1_304' title='bbox 909 4059 1000 4110; x_wconf 85' lang='lat' dir='ltr'><strong>Idolol.</strong></span> <span class='ocrx_word' id='word_1_305' title='bbox 1010 4065 1033 4119; x_wconf 89' lang='lat'><strong>1,</strong></span> <span class='ocrx_word' id='word_1_306' title='bbox 1042 4077 1086 4108; x_wconf 84' lang='lat' dir='ltr'><strong>ar.</strong></span> <span class='ocrx_word' id='word_1_307' title='bbox 1094 4086 1128 4098; x_wconf 85' lang='lat'><strong>-</strong></span> 
     </span>
     <span class='ocr_line' id='line_1_38' title="bbox 77 4149 461 4218; baseline 0.003 -20"><span class='ocrx_word' id='word_1_308' title='bbox 77 4149 166 4202; x_wconf 72' lang='lat' dir='ltr'><strong>llimnn.</strong></span> <span class='ocrx_word' id='word_1_309' title='bbox 176 4155 204 4201; x_wconf 86' lang='lat' dir='ltr'><strong>in</strong></span> <span class='ocrx_word' id='word_1_310' title='bbox 215 4155 267 4201; x_wconf 81' lang='lat' dir='ltr'><strong>vita</strong></span> <span class='ocrx_word' id='word_1_311' title='bbox 276 4153 368 4211; x_wconf 76' lang='lat' dir='ltr'><strong>Paulli,</strong></span> <span class='ocrx_word' id='word_1_312' title='bbox 383 4169 408 4218; x_wconf 91' lang='lat' dir='ltr'><strong>p.</strong></span> <span class='ocrx_word' id='word_1_313' title='bbox 419 4169 461 4214; x_wconf 81' lang='lat'><strong>7¹·-</strong></span> 
     </span>
    </p>

    <p class='ocr_par' dir='ltr' id='par_1_7' title="bbox 898 4236 954 4280">
     <span class='ocr_line' id='line_1_39' title="bbox 898 4236 954 4280; baseline -0.018 0"><span class='ocrx_word' id='word_1_314' title='bbox 898 4236 954 4280; x_wconf 79' lang='lat'><strong>10.</strong></span> 
     </span>
    </p>
   </div>
   <div class='ocr_carea' id='block_1_4' title="bbox 0 0 1442 4900">
    <p class='ocr_par' dir='ltr' id='par_1_8' title="bbox 0 0 1442 4900">
     <span class='ocr_line' id='line_1_40' title="bbox 0 0 1442 4900; baseline 0 3"><span class='ocrx_word' id='word_1_315' title='bbox 0 0 1442 4900; x_wconf 95' lang='lat' dir='ltr'><strong> </strong></span> 
     </span>
    </p>
   </div>
  </div>
 </body>
</html>
