2875 4900
220 372 276 443 IN
306 372 420 441 1200.
445 374 537 440 LIB.
565 371 775 440 LXXXIII
804 372 1017 440 LIVIANI.
1090 372 1157 443 133
1291 461 1295 466 ἢ

86 494 142 574 sit,
158 494 217 581 qui
230 492 444 559 Nicomedem
458 509 556 581 atque
572 492 823 557 Ariobarzanem
840 514 931 581 reges
944 493 979 555 in
993 515 1093 583 regna
1106 519 1157 560 re·

86 592 229 656 duceret.

125 694 282 759 XXXVI.
299 692 427 758 Deinde
444 694 570 759 sensuri
588 691 744 757 derebus
761 692 916 757 omnibus
932 693 1078 781 scripsit,
1093 691 1156 757 ho·

84 810 164 858 stem
188 818 224 859 se
241 793 424 874 judicatum
446 817 516 859 esse
541 794 757 859 dissimulans.
779 794 837 859 His
859 794 904 859 ita
926 818 966 858 ex
986 794 1086 858 animi
1106 796 1156 858 sui

84 896 243 961 sententia
262 895 472 985 compositis,
490 896 593 960 veluti
609 918 668 984 per
684 894 790 959 otium
807 894 970 960 ordinavit
981 896 1106 976 Asiam,
1123 913 1157 960 et

84 997 251 1061 Iliensium
271 996 389 1061 urbem
409 996 618 1063 instauratam
644 998 755 1061 multis
770 996 937 1061 beneficiis
952 998 1155 1079 consolatus,

82 1098 223 1162 libertati
240 1113 274 1162 ct
288 1098 355 1163 suis
374 1098 500 1187 legibus
521 1096 684 1181 reddidit,
705 1098 886 1187 populique
903 1100 1030 1163 romani
1050 1100 1155 1165 socios

81 1214 112 1263 et
127 1198 255 1263 amicos
276 1198 457 1289 appellavit.
478 1200 551 1265 Pari
566 1199 756 1264 liberalitate
773 1198 891 1281 Chios,
908 1198 1075 1280 Rhodios,
1090 1200 1155 1289 Ly·

81 1300 166 1382 cios,
183 1300 368 1389 Magnetas,
385 1301 457 1365 etsi
471 1301 529 1389 qui
543 1300 597 1364 alii
613 1316 727 1364 contra
737 1322 847 1390 regem
860 1300 977 1364 auxilia
993 1298 1151 1381 celerant,

80 1417 135 1465 aut
153 1401 201 1464 ob
230 1399 377 1465 studium
399 1422 610 1465 romanarum
626 1401 767 1489 partium
782 1398 898 1465 acerbe
915 1400 1044 1465 fuerant
1056 1400 1097 1464 ab
1112 1422 1152 1465 eo

81 1498 226 1582 tractati,
237 1501 402 1567 recreavit.
416 1500 567 1589 Reliquas
578 1501 676 1566 urbes
690 1524 805 1565 omnes
815 1550 824 1577 ‚
836 1500 1012 1566 distributo
1026 1502 1152 1590 ubique
1235 1580 1240 1589 Ι

80 1604 249 1682 exercitu,
271 1602 417 1667 oneravit
435 1602 609 1691 presidiis,
627 1625 695 1668 non
715 1601 757 1667 ed
775 1592 917 1669 veterem
932 1600 1153 1691 disciplinam,

79 1704 134 1769 sed
152 1704 265 1769 omnis
284 1704 410 1793 generis
426 1704 553 1769 licentia
567 1704 661 1769 militi
676 1704 851 1793 permissa:
866 1719 1020 1793 praeterea
1036 1702 1153 1786 edixit,

79 1821 115 1868 ut
139 1805 325 1893 unicuique
352 1806 496 1896 gregario
525 1804 672 1893 quotidie
696 1804 846 1871 denarios
868 1803 1009 1870 sedecim
1032 1794 1151 1891 hospes

78 1905 260 1991 penderet,
278 1928 470 1995 coenamque
484 1906 575 1972 daret
593 1922 626 1973 et
645 1908 725 1998 ipsi,
741 1924 774 1974 et
786 1908 972 1989 sodalibus,
988 1924 1152 1995 quotquot

77 2029 196 2071 vocure
224 2008 320 2071 militi
345 2008 543 2097 placuisset:
571 2008 820 2076 centurionibus
846 2010 1089 2096 quinquagenas
1115 2009 1149 2071 in

78 2106 165 2172 diem
186 2106 356 2173 drachmas
372 2110 507 2197 preben'
522 2110 635 2191 jussit,
650 2126 840 2199 vestemque
851 2108 1032 2197 duplicem,
1045 2110 1150 2178 utha·

77 2208 192 2290 lieret,
209 2231 275 2297 qua
293 2207 401 2291 domi,
416 2232 546 2298 quaque
561 2209 596 2273 in
613 2210 750 2297 publico
765 2225 921 2274 uteretur.

119 2310 295 2375 XXXVII.
308 2310 360 2375 Ab
373 2310 423 2374 his
436 2310 536 2375 initiis
552 2310 685 2375 urbium
700 2310 778 2375 vitia
793 2311 828 2373 in
842 2309 1018 2374 exercitum
1029 2323 1063 2373 et
1076 2308 1153 2373 hoo

77 2410 167 2477 ridos
188 2428 285 2477 antee
307 2412 423 2478 milites
445 2410 610 2478 fluxerunt
624 2435 634 2478 t
650 2410 697 2476 ibi
712 2434 771 2500 per
785 2434 911 2476 amoena
933 2412 1005 2478 loca
1026 2412 1060 2475 io
1080 2411 1149 2476 otio

76 2513 202 2596 habiti,
219 2536 346 2596 amare,
369 2529 501 2601 potare,
519 2513 610 2603 signa
626 2513 818 2600 tabulasque
833 2512 935 2599 pictas
953 2528 987 2575 et
1000 2533 1074 2578 vasa
1089 2533 1149 2576 cte·

77 2615 139 2679 lata
176 2615 288 2679 mirari
317 2613 517 2696 didicerunt,
540 2636 643 2702 eaque
672 2635 750 2677 mox
774 2611 902 2701 publice
934 2612 1149 2701 privatimque

78 2738 211 2804 rapere,
229 2715 367 2803 spoliare
380 2713 531 2796 delubra,
550 2737 639 2779 sacra
659 2735 696 2778 ac
712 2715 847 2804 profana
865 2711 975 2776 omnia
989 2711 1145 2800 polluere.

80 2818 226 2882 Multum
247 2814 366 2880 deinde
388 2816 552 2905 sanguinis
566 2814 685 2902 passim
703 2813 739 2877 in
757 2813 828 2878 Asia
845 2814 977 2893 tirsum,
995 2811 1157 2910 urbium·⁸

78 2940 139 3004 que
155 2916 393 2980 nonnullarum
410 2916 526 2980 moenia
541 2914 666 2996 diruta,
678 2937 754 3003 ager
768 2913 975 2977 subhastatus
989 2927 1055 2991 est,
1070 2910 1147 2998 quia

79 3033 192 3082 contra
221 3016 367 3081 edictum
394 3017 489 3080 Sullae
514 3017 687 3104 prestitam
710 3037 730 3078 a
753 3013 940 3078 Mithridate
965 3011 1146 3074 libertatem

80 3119 178 3184 servis
210 3117 434 3183 defenderant.
464 3117 638 3205 Quotquot
667 3130 776 3179 autem
804 3114 1004 3202 privatorum
1035 3109 1146 3174 civita·

80 3235 207 3302 tumve,
227 3220 387 3309 regiarum
403 3218 544 3307 partium
562 3218 660 3305 paulo
677 3213 861 3304 cupidiores
877 3211 977 3275 fuisse
995 3208 1146 3274 diceban-

80 3337 148 3403 tur,
168 3343 239 3410 prae
261 3320 384 3385 ceteris
408 3341 518 3410 graves
538 3319 673 3382 mulctas
694 3313 898 3405 pendebant,
915 3311 1047 3403 Ephesii
1070 3327 1144 3376 ante
1229 3397 1234 3407 ‚

80 3445 211 3502 omnes,
228 3442 370 3509 quorum
386 3421 547 3510 praecipua
562 3419 692 3484 vesania
711 3440 752 3483 eo
764 3431 977 3507 proruperat,
991 3429 1030 3478 ut
1047 3413 1145 3477 etiam

79 3521 210 3586 donaria
224 3525 446 3586 Romanorum
461 3543 538 3585 cum
552 3519 696 3584 ludibrio
709 3518 839 3608 templis
854 3516 1072 3582 deueherent.

119 3623 309 3689 XXXVIII.
334 3623 502 3687 Postremo
527 3621 632 3686 missis
654 3621 779 3686 circum
801 3619 940 3708 populos
961 3616 1043 3681 Asiae
1064 3637 1145 3702 pne-

79 3725 232 3806 conibus,
251 3724 417 3813 Ephesum
432 3725 605 3788 convenire
618 3722 700 3803 jussi
717 3737 796 3787 sunt
810 3719 990 3810 principes:
1006 3714 1047 3780 ad
1059 3735 1144 3801 quos

82 3847 101 3887 e
117 3827 265 3892 tribunali
282 3827 368 3891 Sulla
391 3826 487 3890 talem
508 3826 690 3890 oraitionem
706 3823 823 3888 habuit
836 3845 845 3887 t
859 3851 873 3877 ι
884 3819 992 3885 Prima
1007 3814 1146 3881 Romani

122 4013 495 4078 §uxvt.cros.v1,2.-
511 4012 591 4062 strab.
605 4002 1017 4075 tib.1111‚‘p.594.-Ippian
1032 4026 1066 4036 -
1080 3998 1147 4048 Plot.

86 4121 120 4132 -·
130 4097 221 4148 &linat
231 4097 329 4146 ofilio.
340 4111 394 4161 cap.
408 4110 447 4146 ιι.
