2875 4900
278 368 348 439 588
455 371 523 438 ιο.
551 370 894 442 raatusaanu
922 319 1170 442 sarriri.

275 491 421 554 virorum
448 490 590 556 absoluti
616 510 702 557 sunt.
726 494 761 557 t.
784 494 981 575 Procillum,
1005 495 1064 581 qui
1084 493 1347 582 patremfamilias

276 592 366 657 domi
385 613 451 655 sue
469 592 649 678 occiderat,
667 616 771 683 qtrum
788 595 884 658 multi
901 594 1123 676 absolverent,
1143 594 1256 683 paucis
1277 595 1347 657 suf·

274 690 385 780 fragiis
404 693 508 773 major
526 716 600 782 pars
618 692 769 775 judicum
789 694 1029 761 condemnarit.
1046 694 1110 760 Sed
1130 695 1184 759 hic
1200 694 1301 759 ludus
1317 712 1349 758 et

273 794 368 873 jocus
382 809 452 859 erat
471 817 536 883 prae
552 795 704 878 judiciis,
721 819 794 885 quae
807 796 849 861 ad
864 820 1032 861 summum
1048 795 1260 885 impudentiae
1272 820 1348 885 pro·

276 911 388 960 vectus
414 896 556 962 ambitus
581 914 762 986 pepererat.
788 897 961 963 Candidati
990 900 1177 964 consulatus
1205 914 1349 985 quatuor

279 998 433 1081 fuerunt3
450 997 587 1063 totidem
603 999 746 1064 ambitus
763 1018 843 1064 sunt
856 1000 1021 1089 postulati.

285 1146 288 1153 .
323 1100 446 1164 XXIII.
460 1101 682 1166 C.lllemmius
691 1101 957 1183 Cn.Domitium,
968 1104 1004 1165 C.
1013 1099 1208 1165 Memmium
1218 1100 1262 1181 Q.
1271 1101 1350 1163 Cur·

278 1198 344 1264 tius
360 1223 433 1265 reos
455 1202 617 1285 fecerant3
633 1226 651 1267 a
667 1204 709 1286 Q.
721 1202 880 1291 Pompeio
900 1201 946 1265 M.
957 1201 1122 1282 Messalla,
1136 1222 1156 1264 a
1172 1202 1211 1264 C.
1223 1200 1349 1264 Triario

277 1316 386 1365 vetere
406 1302 539 1368 inimico
559 1303 606 1369 Μ.
620 1304 761 1371 Scaurus
776 1303 1022 1368 accusabantur.
1037 1302 1195 1366 Consules
1216 1324 1349 1389 quoque

280 1400 457 1491 flagrabant
471 1404 610 1490 invidia,
623 1406 715 1494 quod
728 1405 956 1494 turpissimam
965 1426 1042 1469 eum
1057 1403 1216 1469 Memmio
1229 1424 1270 1467 ac
1283 1405 1349 1467 Do-

280 1503 373 1568 mitio
395 1506 579 1593 pactionem
603 1507 768 1591 fecerant,
792 1518 830 1572 ut
851 1506 946 1571 ambo
967 1506 1107 1571 sestertio
1128 1504 1349 1594 quadragena

279 1604 458 1672 consulibus
475 1609 604 1691 darem,
620 1612 649 1673 si
659 1624 760 1674 essent
772 1609 833 1698 apsi
842 1604 1089 1696 cornulessaeti.
1100 1604 1269 1671 Dederant
1280 1628 1350 1694 ope·

281 1728 350 1769 ram
363 1710 531 1794 consules,
549 1725 698 1799 utquam
715 1710 860 1799 primum
876 1709 1007 1773 comitia
1022 1708 1136 1775 haberi
1146 1722 1283 1772 senatus
1299 1707 1350 1772 de·

281 1824 439 1873 cerneret.
459 1808 524 1875 Sed
536 1811 746 1875 comitiorum
759 1810 880 1899 singuli
887 1809 956 1875 dies
967 1808 1165 1898 quotidianis
1174 1810 1350 1875 obnuntia-

162 1916 166 1923 '
283 1907 652 1977 tionibustollebantur.
661 1912 730 1978 Sub
739 1910 839 1976 linem
848 1911 946 1993 hujus
955 1912 1043 1994 anni,
1052 1932 1156 1999 quum
1165 1913 1349 2001 peregrinas

159 2010 163 2019 '
282 2009 453 2099 religiones
462 2011 656 2078 invalescere
665 2028 797 2077 senatus
805 2013 1092 2101 comperisset,uti
1087 2009 1181 2098 fana
1190 2011 1351 2100 Serapidi

283 2111 436 2200 Isidr'sque
453 2136 475 2177 a
484 2116 620 2203 pn'vatzl
635 2116 669 2177 in
683 2114 765 2180 Urbe
771 2112 875 2202 facta
891 2113 1104 2191 diruerentur,
1123 2110 1280 2177 decrerit

326 2214 447 2280 XXIV.
474 2218 565 2281 Inter
588 2216 657 2280 haec
680 2233 794 2281 exacto
814 2216 989 2279 consulum
1011 2214 1220 2302 magistratu,
1246 2235 1350 2301 neque

283 2313 458 2404 designatis
475 2318 556 2382 dum
569 2318 656 2399 aliis,
672 2338 724 2381 res
739 2316 782 2381 ad
804 2317 1027 2406 interregnum
1047 2314 1153 2379 rediit.
1167 2314 1232 2379 Sex
1244 2331 1282 2380 et
1296 2316 1349 2379 tri·

283 2415 372 2504 ginta
394 2417 571 2509 interreges
593 2420 747 2502 fuerunt,
769 2417 966 2484 continuatis
988 2416 1029 2481 ad
1050 2432 1225 2506 septenum
1248 2438 1349 2505 usque

284 2538 429 2581 mensem
448 2521 651 2610 interregnis.
663 2522 728 2585 Per
743 2537 872 2586 tantum
885 2522 985 2611 igitur
997 2520 1138 2609 spatium
1150 2542 1263 2610 neque
1273 2543 1349 2584 eon·

284 2619 370 2682 sules
393 2620 526 2703 Romae,
551 2643 658 2710 neque
686 2639 841 2710 praetores
868 2623 925 2686 ulli
948 2623 1093 2687 fuerunt.
1122 2620 1349 2710 Auspiciorum

284 2719 372 2786 enim
389 2736 422 2785 et
438 2738 642 2788 ostentorum
660 2723 903 2789 Intervenerant
918 2744 1018 2788 morte
1030 2746 1038 2786 :
1051 2721 1201 2786 bubones
1220 2721 1350 2811 lupique

283 2821 317 2885 in
335 2822 423 2887 Urbe
440 2825 519 2905 visi,
535 2846 655 2888 cauum
672 2825 818 2888 ululatus
832 2822 955 2888 flebiles
969 2821 1072 2888 auditi
1090 2837 1201 2903 erant;
1219 2823 1348 2886 simula·

281 2947 375 2990 crum
389 2925 501 2990 Martia
514 2925 703 3010 sudaverat,
716 2927 841 2990 fulmen
856 2941 925 2990 tota
938 2924 1022 2989 urhe
1035 2939 1247 3014 pervagatum
1262 2926 1349 3014 signa

284 3026 420 3092 deorum
438 3028 604 3118 tetigerat,
619 3028 770 3092 homines
785 3027 966 3116 permultos
984 3025 1191 3090 exanimaret.
1204 3025 1272 3091 Sed
1287 3026 1349 3088 hac

283 3129 417 3215 quidem
433 3139 601 3218 portenta,
618 3129 739 3217 quibus
756 3146 815 3193 aut
832 3129 943 3210 terris,
964 3143 1021 3192 aut
1039 3127 1232 3193 homiuibus
1250 3130 1348 3193 mina·

284 3245 414 3312 rentur,
431 3231 624 3320 ambiguum
641 3231 810 3319 multiplex
826 3246 932 3294 terror
945 3230 1091 3296 faciebat.

328 3331 431 3395 XXV.
447 3331 533 3396 Nam
549 3349 583 3396 et
599 3333 633 3397 in
646 3331 739 3415 Urbe
753 3331 921 3396 turbatum
943 3348 1029 3414 erat,
1049 3346 1082 3395 et
1100 3330 1204 3396 Gallia
1219 3331 1349 3397 rebella·

274 3431 357 3513 bat,
375 3449 408 3496 et
421 3455 497 3497 cum
510 3433 654 3516 ParthIs,
667 3433 838 3525 ignorante
850 3434 973 3523 populo
987 3456 1141 3515 romano,
1157 3433 1283 3499 bellum
1299 3455 1348 3496 ex·

285 3532 429 3616 stiterat;
443 3533 501 3598 sed
515 3559 588 3623 quae
602 3535 728 3615 objecta
740 3537 856 3600 Crasso
868 3536 1068 3623 Euphratem
1081 3536 1264 3600 transeunti
1279 3555 1349 3598 mox

285 3634 558 3716 memorabimus,
582 3637 641 3725 ipsi
664 3637 885 3726 exercituique
908 3636 998 3700 haud
1023 3636 1163 3701 dubium
1187 3638 1348 3702 interitum

318 3877 334 3944 s
347 3877 434 3926 xxn.
446 3875 499 3926 Cic.
510 3876 541 3925 ad
553 3879 585 3941 Q.
595 3878 662 3926 fratr.
673 3880 713 3938 11,
728 3881 775 3937 13,
790 3880 835 3937 16;
845 3878 876 3926 ad
888 3879 965 3927 Attis.
977 3879 1023 3936 tv,
1036 3879 1076 3936 15,
1093 3880 1139 3935 ιθ,
1154 3889 1179 3926 et
1192 3879 1224 3926 ad
1234 3876 1312 3925 Famil.
1325 3876 1349 3932 1,

284 3981 309 4025 9.
324 3989 360 3999 —
375 3961 562 4026 §mucia
574 3960 607 4010 ad
616 3964 648 4025 Q.
661 3963 729 4012 fratr.
742 3964 794 4020 111,
809 3979 839 4020 a,
855 3963 884 4017 3,
902 3973 927 4009 et
940 3961 971 4009 ad
982 3960 1059 4010 Attio.
1069 3962 1116 4020 IV,
1129 3962 1170 4019 15,
1187 3961 1227 4016 ιθ,
1240 3975 1267 4018 η
1277 3970 1300 4005 et
1310 3959 1348 4013 rt,

283 4075 318 4084 ψ
331 4046 381 4094 nto
392 4082 399 4106 ,
412 4046 455 4095 nn.
467 4049 521 4096 at.
533 4073 564 4084 -
579 4046 594 4111 s
608 4047 705 4097 ,tntu
720 4047 772 4096 cic.
788 4046 819 4093 aa
833 4049 864 4109 Q.
878 4047 945 4094 aaa.
960 4047 1012 4102 111,
1029 4046 1057 4104 a,
1071 4056 1096 4091 et
1107 4043 1139 4091 aa
1150 4044 1295 4096 mvn,
1307 4055 1347 4086 ιι.

283 4159 318 4168 -
329 4131 386 4180 Dio.
396 4157 430 4168 -
439 4130 490 4180 lul.
501 4131 593 4195 Obseq.
633 4129 636 4134 “
