2875 4900
265 339 338 412 680
437 343 505 410 JO.
533 343 875 412 FREINSHEMll
907 342 1154 411 SUPPLEM.

265 461 394 528 duabus
411 463 597 551 legionibus
609 463 642 526 in
655 464 781 552 Syriam
793 463 909 545 mittit,
920 462 1115 550 pompeiana
1128 463 1264 526 consilia
1274 479 1341 526 usr-

264 564 430 628 baturum.
448 564 711 652 Proscriptorum
724 587 743 628 a
754 566 842 629 Sulla
855 564 966 628 liberis
978 565 1033 644 jus
1049 565 1193 628 bonores
1207 564 1339 653 petendi

264 663 373 730 reddit
389 688 397 730 τ
413 665 458 731 Μ.
469 664 640 730 AEmilium
657 666 818 754 Lepidum
833 666 917 730 Urbi
928 665 1081 755 preficit,
1098 666 1145 729 M.
1158 667 1340 730 Antonium

258 767 435 839 ,tribunum
450 767 567 847 Italiae,
582 781 631 847 et,
649 767 781 854 quasin
797 780 834 830 ea
850 763 1021 831 relicuum
1032 783 1120 848 erat,
1136 768 1250 855 copiis.
1268 768 1341 832 Hu-

262 868 315 948 jus
331 869 423 932 fratri
439 867 517 934 Caio
532 869 713 957 Illyricum,
730 868 856 932 Licinio
872 872 990 933 Crasso
1003 867 1135 932 citerior
1152 868 1256 932 Gallia
1271 886 1341 933 tra·

265 969 364 1035 ditur.
385 972 520 1034 Paratur
540 986 573 1033 et
593 969 723 1060 gemina
744 970 870 1052 classis,
889 971 931 1036 ad
954 993 1110 1058 superum
1128 970 1342 1058 inferumque

266 1095 356 1138 more
368 1071 563 1136 tutandum:
579 1071 670 1136 elteri
683 1071 818 1154 harum,
834 1095 908 1160 quse
919 1070 962 1137 ad
973 1071 1176 1136 Adriaticum
1186 1093 1278 1134 mare
1290 1094 1344 1134 ex-

264 1175 421 1256 cubabat,
440 1174 476 1238 P.
494 1174 666 1238 Cornelius
680 1175 872 1255 Dolabellas
883 1174 976 1238 alteri
991 1174 1034 1256 Q.
1043 1174 1239 1238 Hortensius
1253 1171 1342 1238 fitius

264 1275 402 1340 oratoris
418 1274 603 1363 praelicitur.
621 1279 666 1341 At
683 1276 800 1341 Caesari
815 1278 959 1365 primum
972 1276 1013 1341 ad
1031 1278 1176 1367 legiones
1192 1278 1258 1341 iter
1266 1278 1342 1341 An·-

263 1380 391 1442 minum
415 1378 494 1458 firit3
517 1377 596 1442 inde
614 1393 704 1443 trans
725 1379 822 1467 Alpes
839 1379 875 1442 in
895 1379 1085 1444 ulteriorem
1102 1378 1242 1444 Galliam
1261 1401 1342 1466 pro·

262 1482 384 1562 fecms,
399 1479 570 1569 cognovit,
586 1480 769 1545 Vibullium
782 1479 926 1560 Rufum,
938 1475 1043 1567 lpuem
1055 1477 1193 1543 Corfinii
1204 1477 1343 1543 dimne·

263 1598 327 1663 rat,
347 1581 496 1669 Pompeii
513 1581 667 1646 mandato
683 1581 718 1644 in
738 1581 927 1669 Hispaniam
947 1583 1030 1662 isse;
1048 1581 1084 1645 L.
1097 1579 1285 1646 Domitium
1299 1581 1342 1645 ad

263 1680 489 1770 occupandam
505 1682 679 1748 Massiliam
695 1685 891 1771 profectum.

308 1785 397 1849 VlIl.
412 1785 545 1872 Quippe
559 1784 741 1866 Domitius,
757 1807 862 1872 quum
873 1784 932 1849 din
943 1783 1059 1847 incesti
1075 1780 1117 1846 de
1132 1803 1174 1846 eo
1187 1805 1342 1848 rumores

263 1887 418 1963 fuissent,
437 1888 472 1951 in
491 1891 658 1952 Cosanum
674 1909 772 1950 suum
785 1910 821 1952 se
834 1885 1036 1967 contulerat,
1053 1883 1166 1971 ibique
1179 1899 1213 1948 et
1229 1885 1266 1948 in
1279 1887 1342 1949 ob·

254 2023 257 2030 ⁴
261 1989 345 2069 jecta
364 1991 455 2054 Cosae
474 1990 581 2057 insula
600 1988 711 2078 Igilio‚
733 2011 831 2054 naves
847 1989 1004 2053 actuarias
1023 2002 1148 2074 septem
1167 2008 1187 2049 a
1205 1987 1341 2074 privatis

263 2105 409 2170 coecus,
435 2091 556 2171 servis,
582 2090 704 2154 libertis
713 2138 732 2172 ,.
744 2090 870 2155 colonis
893 2089 961 2154 suis
983 2086 1215 2175 compleverat.
1238 2089 1341 2154 Forte

263 2193 326 2258 sub
342 2191 429 2256 idem
446 2207 575 2282 tempus
593 2191 841 2256 Massiliensium
856 2191 953 2280 legati
967 2188 1237 2269 revertebantm,
1253 2212 1341 2277 quos

261 2295 303 2360 ab
315 2295 404 2359 Urbe
417 2292 588 2358 discedens
599 2293 775 2382 Pompeius
787 2309 856 2358 erat
871 2293 1032 2373 hortatus,
1044 2315 1087 2356 ne
1103 2313 1190 2356 nova
1202 2292 1340 2358 Canis

262 2393 370 2461 officia
382 2411 525 2461 veterem
546 2417 682 2460 suorum
699 2393 935 2460 beneficiorum
948 2395 984 2459 in
998 2415 1055 2459 eos
1073 2395 1268 2460 memoriam
1282 2419 1340 2461 ex·

262 2498 429 2586 pellerent.
445 2499 573 2561 Horum
591 2498 737 2568 adventu
748 2498 881 2563 Caesaris
898 2498 934 2560 in
949 2497 1138 2585 Hispaniam
1153 2496 1340 2561 festinantis

263 2599 506 2689 expeditionem
518 2600 658 2665 Massilia
672 2616 837 2679 moretur,
848 2615 959 2687 portas
970 2596 1110 2679 claudit3
1123 2599 1284 2663 omnibus
1296 2600 1341 2662 si·

262 2700 354 2766 ribus
365 2700 406 2766 ad
418 2700 635 2783 tolerandam,
648 2703 674 2765 si
684 2724 768 2791 opus
779 2702 882 2782 foret,
893 2699 1100 2765 obsidionem
1113 2722 1148 2765 se
1158 2718 1338 2789 comparat.

263 2803 386 2884 Cesar,
403 2802 542 2866 evocatis
558 2802 746 2889 quindecim
758 2802 890 2890 primis,
903 2824 980 2866 oum
994 2802 1045 2865 his
1061 2802 1144 2891 agit,
1155 2824 1197 2865 ne
1209 2804 1339 2867 smmum

262 2900 423 2991 isfirendi
435 2902 512 2967 belli
524 2927 547 2966 a
564 2904 812 2969 Massiliensibus
826 2906 960 2969 on'cstur.
981 2904 1052 2984 Illi,
1072 2926 1178 2991 quum
1195 2904 1239 2968 ad
1259 2926 1339 2969 suos

261 3005 402 3071 fuissent
418 3006 553 3087 reversi,
570 3028 610 3069 ex
623 3007 817 3071 auctoritate
831 3006 963 3094 publica
977 3004 1190 3070 memorabile
1203 3028 1340 3095 respou-

261 3100 337 3171 sum
351 3108 515 3189 referunt,
529 3130 592 3171 esse
606 3130 637 3171 se
648 3106 870 3197 sorrespopuli
876 3110 1021 3188 mmai,
1041 3109 1250 3197 omnibusque
1262 3109 1340 3195 gal·

199 3216 206 3249 ⁴
262 3208 331 3273 lieo
346 3210 545 3297 lu’spanisque
557 3208 644 3273 bellis
653 3211 837 3274 cononum
846 3232 921 3273 esen
935 3208 993 3272 illo
999 3209 1120 3297 populo
1122 3206 1207 3295 fisus
1221 3208 1339 3272 habere

224 3295 228 3301 ¹
262 3310 410 3375 voluisse.
427 3312 524 3375 Nune
540 3312 638 3375 amna
651 3311 794 3375 amdam
805 3312 868 3375 sibi
877 3326 1029 3389 mntem,
1047 3309 1130 3374 Mem
1139 3312 1338 3398 propositum

262 3434 390 3475 massere
395 3459 404 3491 ,
418 3414 448 3475 si
456 3425 569 3476 comm
580 3426 728 3477 exterum
737 3414 837 3477 hostes
846 3412 967 3503 sqmlae
975 3434 1120 3477 rossam
1131 3424 1337 3475 messanum:

261 3513 317 3579 sed
328 3512 514 3599 mulligere,
528 3514 684 3603 populum
694 3537 861 3579 romonum
873 3518 907 3579 in
914 3528 1023 3602 panes
1032 3513 1223 3593 discessisse,
1241 3515 1337 3577 Pom·

255 3618 328 3706 per'o
341 3629 374 3679 et
384 3613 508 3681 Cosam
518 3615 663 3696 άιωὶὂιιε,
673 3618 821 3705 panem
830 3617 966 3680 christu
977 3636 1054 3679 suoe.
1072 3614 1340 3680 Utrimcmcsasit

260 3721 384 3808 oequs'or
395 3739 536 3807 aequore
552 3719 708 3806 inquiam
719 3721 854 3797 cursbse,
871 3740 969 3807 neque
981 3729 1146 3781 tantamne
1160 3736 1269 3779 mrum
1280 3737 1337 3777 ass

261 3822 355 3887 tenu
367 3844 519 3911 pangere
529 3842 630 3909 posse.

296 3976 1019 4046 sructuffinpp.11,23‚0t·dsutex‚su7.
1040 4000 1076 4015 -
1093 3974 1153 4025 nse
1174 4000 1211 4013 -
1227 3970 1332 4037 sos-ps.

259 4065 334 4123 nt,
349 4064 535 4129 13.-Appisu.
546 4090 582 4101 -·-
590 4065 664 4114 Oros.
672 4062 821 4123 VI,15.-
834 4062 896 4113 Cn.
904 4060 965 4127 -S
975 4061 1047 4111 vm.
1057 4060 1121 4111 Cas.
1132 4058 1274 4117 -leJl,
1287 4056 1331 4104 so.

260 4174 295 4185 -
316 4146 374 4195 Dio.
392 4172 427 4184 -—
443 4146 837 4212 tuan.1ib.111.-1sv.sspss
854 4174 886 4185 -
902 4145 969 4196 Flos.
982 4146 1029 4206 Π,
1039 4160 1066 4194 a.
