2875 4900
302 374 358 444 IN
387 373 499 443 LOC.
526 376 624 443 LlB.
650 371 717 444 CV
745 373 960 445 lelANl.
1102 370 1170 445 555

104 497 134 559 vi
159 496 323 577 hostium,
350 510 407 560 aut
428 496 632 584 imperatoris
656 494 789 576 injuria,
816 493 921 575 fante,
949 494 1066 558 morbo
1090 516 1195 559 conr

104 614 265 685 sumptus.

146 702 206 764 tx.
223 700 387 765 Thessalia
399 717 432 766 et
444 700 581 782 Achaia,
599 700 684 764 sicut
703 699 745 763 ab
763 700 858 765 hoste
876 700 1005 789 longius
1019 699 1169 779 aberant,

105 798 249 865 cladibus
274 802 421 885 intactae,
445 803 532 890 pacis
552 801 685 882 injurias
707 801 906 884 sentiebant,
930 824 1081 892 magnam
1104 801 1170 865 vim

103 902 249 989 peconioe
270 902 382 967 Pisoni
404 902 548 992 pendere
565 918 693 967 coactas.
717 902 854 967 Gravius
875 901 983 967 adhuc
1004 901 1171 991 Byrautini

104 1003 318 1085 amabantur,
334 1026 418 1091 quos
437 1004 481 1067 ob
502 1004 616 1068 merita
636 1003 844 1067 mithridatici
866 1002 942 1067 belli
966 1018 1095 1067 senonas
1111 1024 1171 1090 po·

104 1105 266 1194 polusque
285 1127 440 1171 romanus
463 1127 570 1194 nuper
586 1105 785 1171 liberaverat.
801 1106 907 1171 Missae
928 1120 1036 1169 nmen
1056 1126 1095 1168 eo
1115 1126 1171 1169 co-

105 1206 214 1272 hortes
236 1208 271 1271 in
292 1207 428 1272 hiberna
445 1223 542 1288 sunt3
560 1222 674 1271 uonna
696 1207 783 1295 leges
805 1220 1000 1293 senatusque
1021 1205 1170 1269 consulta

105 1308 243 1372 exercita
259 1307 465 1390 jurisdictio,
482 1308 630 1390 avaritia,
645 1308 712 1390 vis,
735 1330 773 1372 ac
789 1307 892 1372 libido
905 1307 1079 1373 foedissime
1089 1329 1173 1397 gras·

106 1424 179 1474 sata.
209 1410 295 1474 Nam
309 1424 355 1494 ¹et
374 1424 486 1473 statuae
510 1409 666 1496 urbisque
694 1424 885 1475 ornamenta
911 1411 1015 1475 multa
1038 1410 1170 1498 abrepta

105 1525 199 1592 sunt,
222 1526 257 1575 et
279 1510 381 1575 caedes
404 1509 514 1593 facta,
535 1525 568 1574 et
591 1510 730 1599 virgines
755 1510 982 1592 nobilissimae,
1002 1534 1105 1600 quum
1128 1509 1170 1575 ad

106 1628 255 1700 stuprum
274 1626 482 1700 raperentur,
505 1611 540 1675 in
561 1626 677 1699 puteos
694 1611 825 1690 abjectis
843 1611 1036 1699 corporibus
1053 1611 1171 1675 volun·

106 1714 178 1777 taria
196 1729 305 1778 morte
325 1713 529 1778 interierunt.
553 1714 669 1801 Neque
683 1713 795 1777 mitius
816 1712 948 1801 Agriani
962 1713 1169 1801 Dolopesque

106 1830 136 1878 et
152 1815 272 1881 AEtolia
289 1832 410 1880 vexata.

145 1917 186 1981 X.
210 1918 251 1981 In
269 1917 360 2005 Syria
374 1916 532 1981 Gabinius
544 1917 685 1982 adversis
698 1918 796 1983 rebus
813 1917 952 1983 nocebat
966 1917 1167 2006 reipublicae3

106 2017 264 2105 prosperis
285 2017 476 2081 consulebat
494 2018 579 2083 sibi:
598 2020 704 2107 primo
722 2018 863 2083 aduentu
881 2035 970 2108 parte
988 2018 1166 2106 equitatus,

107 2115 218 2183 deinde
227 2117 419 2183 cohortibus
430 2120 555 2208 aliquot
566 2121 701 2201 amissis,
709 2144 813 2209 quum
824 2122 947 2209 reliqua
960 2120 1085 2185 felicius
1097 2142 1170 2209 pro-

105 2218 273 2301 cederent,
285 2220 370 2285 bella
385 2243 454 2285 non
472 2244 512 2285 ex
533 2222 721 2287 necessitate
738 2238 796 2287 aut
810 2223 900 2287 bono
912 2222 1043 2310 publico
1058 2243 1167 2286 sume·

107 2317 173 2402 bat,
194 2319 255 2387 sed
272 2321 431 2386 inferebat
447 2322 647 2410 quibuslibet
662 2324 759 2388 etiam
775 2324 1004 2413 pacatissimis,
1025 2346 1167 2411 quorum

107 2430 179 2508 opes
200 2444 294 2513 spem
312 2423 428 2512 opimae
448 2422 564 2512 praeda
583 2424 790 2513 rapacissimo
807 2424 913 2491 eidem
930 2423 1170 2514 profusissimo-

107 2545 166 2609 que
180 2525 368 2590 mortalium
384 2527 537 2591 facerent.
554 2527 593 2590 In
606 2525 734 2591 Judaeos
748 2543 876 2608 umen,
894 2549 971 2592 eum
987 2525 1168 2592 Alexandro

109 2624 281 2691 Aristobnli
299 2625 366 2691 filio
388 2627 597 2709 rebellantes,
617 2627 823 2716 expeditione
843 2644 1010 2717 suscepta,
1031 2651 1098 2694 non
1117 2629 1169 2692 in-

108 2741 274 2812 strenuum
292 2729 521 2817 imperatorem
538 2729 613 2818 egit.
631 2729 746 2810 Quum
767 2730 854 2794 enim
868 2728 1064 2810 Alexander,
1079 2751 1168 2792 exer·

108 2826 169 2891 citu
187 2829 346 2911 collecto,
368 2852 481 2894 muros
497 2829 801 2919 hierosolymitanos
822 2851 951 2894 eversos
970 2852 989 2892 a
1011 2829 1168 2917 Pompeio

108 2925 282 2996 instaurare
300 2931 466 3020 coepisset,
483 2930 602 2996 deinde
617 2929 658 2994 ab
674 2931 739 2996 hoc
751 2930 900 2996 instituto
918 2930 1082 3018 repulsus,
1102 2928 1172 2992 Ma·

108 3026 301 3095 charontem
315 3048 348 3095 et
361 3032 423 3096 alia
434 3030 582 3119 quedam
596 3032 724 3096 castella
742 3031 974 3111 communiret,
994 3029 1168 3114 Gabinius,

108 3133 266 3214 praemisso
283 3132 328 3198 Μ.
348 3133 510 3214 Antonio,
530 3155 628 3220 quem
643 3132 802 3220 equitatui
814 3132 1017 3220 praefecerat,
1031 3154 1110 3196 cum
1124 3133 1168 3196 le·

108 3230 254 3316 giouibus
265 3235 502 3322 subsequutus,
517 3234 606 3299 haud
619 3235 735 3322 proonl
745 3234 976 3324 Hierosolymis
989 3233 1080 3323 signa
1091 3257 1168 3300 cum

108 3329 218 3399 ludaeis
236 3335 387 3400 contulit.
1230 3337 1233 3344 ’

147 3435 203 3501 xl.
226 3437 279 3501 lbi
295 3459 399 3525 quum
422 3439 483 3502 uia
504 3438 603 3503 millia
624 3439 791 3503 interfecta
807 3439 971 3520 hostium,
994 3453 1084 3527 capta
1106 3454 1169 3504 tot·
1277 3471 1280 3476 ¹

109 3530 189 3599 idem
206 3553 333 3620 essent,
356 3539 472 3626 reliqui
495 3561 572 3603 cum
590 3537 674 3604 duee
690 3562 751 3604 suo
768 3539 993 3605 Alexandriam
1011 3540 1169 3629 confuge·

109 3650 199 3719 runt,
217 3639 328 3704 castris
341 3656 417 3705 ante
430 3640 500 3728 ipsa
515 3640 718 3706 munimenta
734 3641 858 3730 positis.
875 3643 913 3706 ln
932 3642 993 3708 hos
1005 3690 1013 3724 ,
1027 3643 1102 3730 quia
1117 3664 1170 3706 re·

111 3733 190 3802 uiam
203 3739 395 3806 delictorum
411 3741 552 3808 oblatam
569 3741 741 3808 aGabinio
754 3741 1043 3832 adspernabantur,
1050 3745 1168 3809 iterum

139 3955 235 4019 §Vul-
254 3964 308 4014 cte.
321 3981 368 4030 pro
383 3966 450 4015 Sext.
464 3965 496 4016 tle
511 3968 585 4016 Prot.
600 3967 677 4017 Cous.
692 3979 717 4017 et
733 3968 760 4016 in
775 3967 823 4016 Pis.
842 3966 905 4031 -S
926 3969 959 4020 Χ.
978 3967 1030 4016 Cle.
1048 3966 1080 4016 de
1093 3967 1166 4016 Pror.

110 4036 241 4108 Μαι).
254 4053 317 4105 t‚et
327 4065 374 4114 pro
386 4050 454 4099 Sext.
464 4067 518 4116 cap.
533 4053 565 4099 ³3
577 4053 653 4106 etad.
672 4079 706 4091 -
724 4051 826 4116 loseph.
840 4053 928 4116 Antiq.
941 4053 1014 4112 xlv,
1029 4067 1076 4112 ro,
1099 4061 1123 4101 et
1138 4051 1171 4101 de

111 4120 136 4169 t.
144 4124 200 4174 tot.
212 4131 239 4192 l,
249 4131 274 4181 d.
285 4161 319 4170 -
328 4132 392 4183 etot.
405 4137 500 4184 Antou.
512 4151 565 4200 cap.
576 4137 602 4184 3.
