2875 4900
96 441 100 449 ,
210 369 258 437 ΙΝ
289 369 400 436 LOC.
427 367 522 435 LlB.
548 367 757 435 LXXVIII
786 369 997 438 LIVIANI.
1088 369 1133 442 35

91 509 302 552 usuocetsuum
318 508 463 568 moram,
483 485 629 550 Rhodios
645 488 839 575 oppugnari.
859 487 918 553 His
934 492 1135 578 temporibus

91 587 233 653 «detineri
247 599 396 676 paratum
412 586 455 652 ad
469 587 539 652 hec
555 586 747 676 corrigenda
762 588 1007 676 imperatorem,
1018 614 1135 657 eorum

91 688 206 776 «potius
221 711 307 769 esse,
322 688 380 776 qui
395 686 572 776 perditam,
586 711 684 775 quam
697 689 755 775 qui
769 689 887 753 salvam
902 687 1136 779 rempublicam

91 790 258 878 «cupiant»
271 791 355 854 Sane
371 789 468 873 etiarn
484 787 543 870 iis,
565 788 623 876 qui
646 789 796 854 abessem
815 789 1001 877 reipublicae
1023 814 1136 874 causa,

91 891 241 978 negotium
258 890 360 954 meari
374 890 426 954 lex
443 889 597 954 Memmia
612 889 752 954 vetabat.
768 890 872 978 Igitur
889 891 959 970 ejus
977 891 1138 963 beneficio

91 991 119 1055 L.
127 992 222 1073 Sulla,
232 991 365 1055 tribuno
379 1006 412 1054 et
419 989 583 1071 judicibus
596 991 702 1056 valere
713 991 811 1071 JussIs
819 991 833 1072 ,'
840 992 875 1055 in
885 993 993 1056 Asiam
1001 1009 1052 1057 est
1059 1017 1139 1082 pro·

90 1093 189 1158 lectus.
211 1091 330 1158 Iisdem
346 1091 481 1173 diebus,
499 1092 619 1180 quibus
638 1092 763 1156 sullana
784 1092 892 1157 classis
906 1093 947 1157 ab
964 1095 1056 1158 Italia
1072 1096 1139 1160 sol·

90 1195 139 1276 rit,
153 1195 250 1260 multa
265 1191 446 1258 Mithridati
462 1193 616 1258 terribilia
631 1209 759 1258 ostenta
775 1194 903 1273 objecta
923 1217 993 1261 esse
1010 1210 1139 1262 memo·

90 1311 165 1360 rant:
180 1313 211 1361 et
223 1296 310 1360 inter
322 1295 384 1359 aha
392 1295 586 1375 Victoriam,
600 1293 784 1359 adulatione
795 1293 1069 1382 Pergamenorum
1083 1297 1140 1360 tali

89 1393 209 1460 artificio
226 1395 435 1475 fabricatam,
446 1409 485 1458 ut
499 1395 590 1482 quasi
604 1393 646 1459 de
659 1394 737 1458 celo
752 1393 968 1476 descendens,
980 1419 1137 1464 coronam

89 1493 256 1560 Mithridati
279 1495 479 1583 imponeret,
500 1517 603 1582 quum
626 1496 728 1560 ferme
748 1510 846 1583 caput
867 1495 936 1575 ejus
958 1497 1137 1587 attigisset,

88 1595 185 1660 subito
207 1613 240 1661 et
263 1596 394 1661 occulto
420 1596 577 1660 machinae
598 1596 677 1660 vitio
699 1596 847 1678 haesisse3
867 1594 1097 1686 dimissumque
1120 1621 1140 1664 e

89 1698 225 1764 manibus
243 1699 313 1779 ejus
331 1719 487 1762 coronam
503 1697 544 1760 de
565 1697 690 1760 theatro
712 1696 756 1761 ita
771 1696 947 1784 procidisse
966 1698 1078 1781 humi,
1101 1714 1141 1762 ut

88 1799 356 1891 confringeretur,
380 1820 448 1863 non
466 1797 536 1864 sine
553 1797 678 1886 ingenti
695 1796 833 1860 horrore
849 1798 981 1887 populi,
1000 1815 1039 1863 ut
1055 1799 1141 1888 mgis

88 1899 176 1986 ipsius
192 1901 466 1966 consternatione.
596 1943 600 1950 -

124 2002 308 2068 XXXVIII.
325 2004 414 2067 Inter
429 2002 498 2066 haec
515 2002 681 2090 profectus
695 2001 731 2064 in
749 2000 907 2066 Graeciam
928 2023 1005 2064 cum
1025 2023 1141 2091 magna

86 2101 174 2168 classe
186 2107 377 2185 Archelaus,
387 2101 540 2192 Cycladas
552 2103 587 2167 in
599 2118 793 2192 potestatem
804 2103 887 2192 regis
898 2101 1038 2192 redegit,
1049 2103 1141 2168 alias·

84 2225 141 2288 que
151 2205 228 2271 item
239 2205 362 2269 insulas
375 2203 416 2268 ad
429 2204 566 2268 Maleam
578 2225 701 2292 usque,
711 2204 836 2268 Eretria
849 2225 983 2291 quoque
997 2221 1030 2268 et
1043 2205 1141 2269 Chal-

86 2301 166 2385 cide,
189 2321 324 2394 totaque
345 2305 443 2368 simul
465 2304 586 2368 Euhoea
605 2306 740 2394 potitus.
760 2306 808 2369 Eo
833 2320 981 2393 tempore
998 2305 1099 2370 Delus
1123 2331 1142 2371 a

84 2402 454 2495 Metrophaoepraelecto
467 2405 557 2495 regio
571 2405 697 2494 direpta
705 2420 770 2488 est;
786 2428 889 2495 quum
906 2405 976 2470 sine
991 2406 1093 2472 muris
1108 2424 1143 2473 et

83 2508 245 2593 praesidio,
262 2530 428 2573 sacrorum
442 2506 650 2571 veneratione
672 2506 714 2571 ad
733 2506 769 2570 id
788 2522 918 2596 tempus
940 2507 1072 2572 defendi
1087 2531 1143 2574 so·

83 2610 164 2674 leret.
186 2612 226 2674 ln
246 2633 287 2674 eo
304 2608 448 2673 tumultu
463 2606 658 2672 convulsum
675 2631 693 2672 a
709 2608 849 2671 Barbaro
871 2607 1014 2698 quodam
1037 2610 1141 2697 Apol-

83 2708 149 2773 linis
159 2711 245 2776 Delii
257 2711 480 2791 simulacrum,
495 2708 573 2772 etin
585 2730 672 2773 mare
681 2732 740 2797 per
748 2709 979 2772 contumeliam
988 2709 1140 2789 missum,

83 2806 257 2877 ferentilbrs
280 2810 377 2876 undis
393 2809 435 2874 ad
450 2809 597 2874 Laconia
613 2807 771 2897 oppidum
788 2810 877 2873 Boeas
899 2807 1060 2896 appulisse
1081 2828 1142 2869 au·

83 2926 221 2995 tttmant,
235 2912 296 2977 ubi
313 2910 431 2977 deinde
452 2910 566 2977 lanum
585 2909 747 2999 Apollinis
761 2908 906 2998 Eprilelii
919 2922 1141 2996 cognomento

82 3013 188 3078 Boeatae
207 3013 415 3079 dedicarunt.

120 3114 278 3179 XXXIX.
306 3114 376 3179 Alia
401 3132 534 3203 quoque
557 3112 689 3177 diversis
709 3110 824 3175 insulis
847 3108 976 3174 castella
998 3130 1017 3171 a
1045 3107 1143 3196 regiis

83 3232 260 3305 expugnata
282 3232 378 3297 sunt,
400 3215 513 3280 occisis
537 3214 660 3303 ubique
686 3212 814 3277 circiter
835 3209 950 3299 viginti
967 3209 1142 3273 hominum

83 3316 240 3397 millibus,
256 3317 431 3381 maximam
449 3330 573 3403 partem
589 3314 717 3381 Italicis.
737 3312 784 3376 Ea
803 3312 875 3377 loca
887 3308 1142 3375 Atheniensibus

82 3418 255 3483 Archelaus
271 3418 435 3499 attribuit,
453 3441 472 3481 a
490 3417 608 3505 quibus
621 3414 777 3480 defecisse
788 3411 989 3477 dicebantur.
1000 3410 1143 3475 Athenas

82 3520 165 3585 enim
174 3521 273 3608 regiis
282 3518 429 3607 partibus
440 3518 585 3583 Aristion
595 3516 729 3605 quidam
739 3514 946 3595 adjnmxerat3
955 3511 1037 3577 adeo
1047 3511 1145 3576 nullis

82 3620 129 3683 vel
143 3619 185 3683 ad
207 3616 415 3707 cogendum,
434 3618 486 3683 vel
501 3618 542 3685 ad
558 3614 762 3683 suadendum
777 3614 931 3704 presidiis
949 3615 1145 3693 instructus,

83 3736 118 3785 ut
138 3720 221 3785 nihil
237 3718 441 3807 relinquatur
463 3719 533 3784 haec
554 3717 751 3809 legentibus,
767 3738 865 3805 quam
879 3738 1016 3807 graecam
1034 3715 1146 3779 levita·

83 3835 144 3884 tem
159 3820 342 3907 admirari·

113 3980 285 4045 sumt.
299 3980 366 4030 Plnt.
380 3981 407 4029 in
421 3980 500 4041 Sulla,
513 3997 536 4030 c.
552 3982 594 4029 ³0.
609 4007 645 4018 -
656 3980 712 4029 Vel.
724 3979 794 4027 Max.
808 3978 858 4036 111,
873 3992 896 4037 7.
910 4001 945 4012 -
962 3972 979 4037 s
996 3973 1147 4022 XXXVIII.

83 4066 192 4129 Appiana.
213 4092 252 4103 --
269 4064 334 4112 Flos.
353 4066 406 4124 111,
425 4066 449 4114 5.
470 4093 506 4105 -
521 4065 586 4117 Plnt.
603 4093 639 4104 -
658 4060 787 4113 Memnon.
809 4089 845 4101 -
865 4062 968 4109 Pansan.
986 4056 1031 4105 lib.
1050 4058 1098 4105 111.
1113 4081 1149 4095 -·

80 4144 95 4208 S
108 4148 239 4197 mlx.
253 4147 364 4212 Appian.
940 4207 961 4280 3
