2875 4900
269 378 322 447 IN
352 376 467 445 LOC.
494 377 589 445 LlB.
616 376 702 444 CIV
732 376 946 449 LlVlel.
1072 378 1142 466 545

82 501 280 587 domumque
294 497 414 562 iterum
423 519 443 560 a
455 492 678 559 fundamentis
694 494 824 560 diruere
839 496 991 565 instituit.
1010 500 1074 565 Sed
1086 502 1147 567 Mi-

84 602 152 665 lone
175 623 252 665 cum
271 597 401 664 armatis
422 612 631 679 occurrente,
653 618 722 661 non
747 596 817 661 siue
844 599 1024 667 multorum
1042 602 1145 686 crede,

84 703 196 768 domus
211 702 377 765 Ciceronis
394 714 519 763 servata
537 714 596 762 est.
621 698 754 779 Cicero,
773 712 811 765 ut
828 698 913 766 bunc
930 700 1080 780 injuriam
1094 704 1146 769 ul·

84 806 268 879 oisceretur,
280 814 448 887 assumpto
459 798 582 866 Milone
592 820 630 862 ac
639 797 779 863 tribunis
791 798 1004 887 quibusdam,
1018 802 1149 867 adscen-

84 905 129 969 dit
141 907 176 970 in
193 903 408 993 Capitolium,
424 900 615 986 avulsosque
636 898 761 963 tabulas
778 898 940 967 Clodianae
954 901 1051 990 legis,
1067 926 1147 989 quas

84 1007 131 1071 ille
157 1005 199 1071 de
219 1003 384 1071 Ciceronis
406 1001 518 1065 exsilio
541 998 669 1081 fixerat,
690 999 828 1071 domurn
852 1000 1059 1089 deportabat,
1085 1005 1147 1069 nisi

84 1131 132 1171 aas
150 1130 227 1173 curn
251 1106 329 1169 Caio
351 1105 469 1183 fraue,
486 1101 544 1189 qui
562 1116 633 1165 turn
648 1116 770 1188 praetor
783 1117 870 1183 erat,
887 1124 1057 1169 accurrens
1071 1106 1148 1171 Clo·

84 1208 153 1273 dius
168 1208 201 1273 vi
215 1219 445 1294 recuperasset.

123 1308 286 1373 LXXXV.
309 1303 468 1369 Postridie
491 1302 527 1365 in
549 1318 682 1382 senatu,
700 1324 803 1389 quum
829 1302 869 1367 de
887 1304 1085 1393 haruspicum
1103 1330 1149 1371 rc·

83 1432 188 1496 spemn
200 1408 350 1473 consules
361 1428 402 1469 ex
412 1403 693 1469 senatusconsulto
705 1403 909 1486 retulissent,
923 1406 1149 1473 vehementem

84 1512 261 1577 orationem
279 1509 394 1572 Cicero
406 1506 537 1587 babuit,
551 1534 564 1559 ι
575 1504 724 1570 omniurn
741 1528 872 1585 eorum,
890 1530 962 1592 quae
974 1530 1150 1596 argueren·
1194 1568 1196 1577 ,

84 1628 158 1677 atur
169 1635 189 1675 a
204 1610 285 1692 diis,
299 1624 358 1674 aut
372 1605 756 1694 unum,autp1incipem
772 1628 864 1671 reum
878 1606 1028 1672 Clodium
1041 1632 1150 1699 agens.

83 1714 151 1776 aAb
165 1712 240 1793 illo,
258 1709 419 1797 corruptis
432 1706 615 1789 judicibus,
631 1704 729 1771 fidem
740 1705 1034 1795 jusjurandumque
1047 1710 1152 1775 subla·

84 1829 196 1893 «tum3
213 1812 254 1875 ab
272 1811 327 1874 illo
346 1826 380 1873 et
402 1808 593 1889 conjuratis,
616 1807 782 1871 sociorum
798 1807 919 1897 legatos
944 1809 1150 1893 interlectos,

84 1913 277 2003 ‹Megalesia
293 1932 463 1976 servornm
482 1906 663 1973 incredibili
683 1906 894 1991 multitudine
916 1909 1059 1973 immissa
1078 1913 1151 1998 pol·

83 2016 190 2095 «luta,
207 2029 335 2079 vetusta
348 2012 541 2097 occultaque
550 2012 648 2073 Bnnae
659 2010 736 2073 Deae
746 2032 834 2073 saera
845 2010 961 2074 violata
972 2032 1051 2075 csse.
1066 2014 1150 2075 Loca

84 2131 213 2179 -autem
236 2113 383 2202 religiosa
399 2134 467 2185 nou
487 2134 506 2175 a
526 2133 578 2191 se,
597 2110 689 2189 cujus
705 2108 790 2175 aedes
808 2134 828 2173 a
845 2108 1054 2199 pontificibus
1076 2114 1151 2177 reli-

85 2217 205 2304 ·gione
227 2215 384 2295 liberatae,
406 2234 445 2276 ex
470 2211 661 2311 auctoritate
687 2228 835 2293 senatus,
862 2212 990 2298 publica
1013 2215 1150 2300 pecunia

82 2316 356 2393 «aedificarentur,
378 2311 472 2377 seda
493 2313 527 2375 L.
552 2312 685 2392 Pisone,
707 2334 727 2375 a
749 2312 820 2379 Sex.
839 2312 998 2395 Serrano,
1019 2314 1150 2403 abipso

81 2418 244 2507 «denique
256 2414 372 2482 Clodio
383 2411 550 2503 possideri.
563 2413 763 2478 Dissensioni
777 2436 876 2501 porro
887 2463 896 2496 ‚
907 2414 1000 2494 cujus
1013 2419 1151 2483 mentio·

81 2543 179 2586 «nem
195 2520 331 2584 fecerint
341 2515 547 2602 haruspices,
561 2537 629 2578 non
642 2515 684 2578 ab
697 2516 757 2580 alia
771 2516 869 2581 Furia
882 2519 984 2582 lacem
997 2519 1150 2600 majorem

81 2638 202 2710 «atque
217 2619 457 2684 horribiliorem
473 2615 638 2680 admotam
655 2615 756 2680 fuisse
766 2647 788 2681 a.

121 2722 306 2791 LXXXVI.
321 2721 433 2802 Quum
447 2718 492 2782 ita
502 2733 596 2782 vetus
609 2716 695 2780 inter
708 2717 770 2783 hos
784 2716 897 2780 odium
909 2716 1150 2784 vehementiore

81 2841 174 2890 motu
191 2821 427 2901 recruduisset,
447 2819 645 2906 Ciceroque,
666 2816 845 2883 absentiam
862 2816 985 2882 inimici
1003 2820 1150 2905 specula-

82 2942 148 3010 tus,
167 2926 296 2992 tabulas
317 2921 547 2988 Clodianarum
567 2919 675 3007 legum
697 2942 736 2981 ex
757 2919 916 3006 Capitolio
934 2917 1073 2983 sublatas
1094 2919 1150 2982 de-

81 3029 208 3094 tulisset
217 3025 375 3105 domum,
387 3021 469 3088 nihil
482 3035 595 3108 postea
608 3034 674 3083 tam
686 3040 798 3108 grave,
810 3033 866 3082 aut
876 3018 1149 3082 contumeliosum

80 3130 172 3203 dictu
196 3129 350 3218 lamnque
368 3125 449 3205 fuit,
465 3120 556 3210 quod
573 3143 641 3184 non
660 3121 741 3185 alter
756 3119 790 3185 in
810 3119 948 3182 alterum
967 3135 1149 3184 conaretur.

80 3231 143 3296 Sed
156 3233 194 3295 in
216 3246 348 3309 senatu,
367 3247 471 3313 quum
490 3222 531 3286 de
546 3220 664 3287 tabulis
680 3220 831 3286 detractis
846 3218 979 3284 Clodius
998 3243 1150 3307 querere·

81 3349 153 3416 tnr3
171 3333 287 3398 Cicero
303 3328 506 3395 tribunatum
526 3321 631 3391 Clodii
652 3337 758 3387 totum
775 3321 922 3399 tolleret,
939 3319 1028 3408 quod
1040 3335 1151 3384 contra

80 3436 226 3523 acupicto
243 3443 320 3496 asset
337 3428 525 3516 adoptatio,
544 3423 704 3489 tribunum
712 3422 816 3511 plebis
817 3419 924 3508 fuisse
939 3443 1077 3510 negans3
1098 3447 1151 3488 ex·

79 3557 221 3626 surgens
236 3533 334 3608 Cato,
350 3529 434 3594 acilad
448 3552 471 3594 a
486 3526 597 3592 codo
610 3541 691 3590 recte
705 3539 800 3612 atquc
815 3524 923 3588 ordine
940 3527 975 3588 in
989 3525 1152 3590 triburiam

77 3655 202 3724 gesmm
216 3659 297 3715 csse,
313 3629 537 3723 pronuntiarit
553 3652 562 3704 ;
578 3641 724 3691 coetentm
732 3673 741 3708 ,
761 3629 790 3688 si
799 3639 874 3690 acta
889 3626 955 3713 ejus
973 3626 1152 3690 rescritdan·

79 3755 152 3819 tur,
179 3739 296 3814 ετιὶιηι,
318 3757 392 3822 quae
411 3735 475 3820 {osc
498 3733 533 3792 t'n
554 3732 675 3817 cyprico
699 3729 825 3812 negotio
846 3729 971 3814 egisset,
996 3729 1147 3806 rescindi,

79 3863 179 3930 qautm
198 3861 242 3901 cx
256 3837 323 3926 ejus
339 3835 463 3898 tribuni
479 3831 547 3918 Iege
568 3833 676 3893 mostis
692 3832 726 3891 in
745 3827 880 3916 Cyprum
892 3842 983 3907 esset,
1005 3830 1062 3914 qui
1074 3827 1150 3912 legi-

114 4054 293 4118 §mnu
305 4052 357 4101 Cic.
368 4051 401 4098 dc
413 4053 520 4111 Harusp.
535 4048 610 4111 Reap.
628 4063 682 4110 cap.
697 4045 720 4092 5.
739 4073 769 4082 -
789 4044 844 4092 llio.
858 4072 893 4080 -
908 4048 998 4094 Aaron.
1010 4045 1036 4090 in
1049 4045 1103 4093 Mil.
1119 4073 1153 4082 ...

78 4139 94 4203 S
108 4137 244 4186 LXXXV.
258 4137 311 4185 Cic.
325 4135 356 4183 dc
370 4136 476 4197 llamsp.
489 4133 562 4194 Καρ.
574 4157 608 4165 -
618 4129 675 4175 Dio.

208 4236 249 4302 χ,
940 4219 984 4290 35
