2875 4900
282 324 357 407 614
459 322 527 389 JO.
555 322 894 415 FIIEINSHEMII
922 322 1170 390 SUPPLEIII.

282 444 385 521 saxis,
410 443 497 506 ferro
525 441 749 525 dimicaretur,
774 458 904 512 senatus
926 458 1050 507 vestem
1071 442 1223 522 mutarit,
1244 465 1339 506 ontnes

281 544 540 631 Italt'oejaniores
555 542 740 631 conjurare,
763 544 1005 633 Pompeiumque
1020 542 1156 610 delectus
1169 566 1216 607 cx
1229 546 1268 612 iis
1282 544 1337 607 ha·

283 646 352 709 bere
365 645 477 727 jussit;
500 645 615 709 iterato
633 644 784 727 decreto,
799 645 940 726 vaderet,
957 645 1095 733 nequid
1106 644 1277 733 respublica
1289 646 1338 708 de·

283 748 423 811 trimenti
433 758 604 834 pateretur.

327 848 465 911 XXVII.
494 847 600 934 Atque
624 846 650 913 is
675 867 799 933 quum,
824 868 952 916 summa
975 847 1137 911 celeritate
1162 864 1338 935 comparato

281 946 446 1035 praesidio,
459 945 500 1010 ad
514 944 637 1011 Urbem
648 946 809 1029 venisset,
822 964 912 1013 extra
922 948 1118 1037 pomoerium
1131 946 1174 1013 ad
1184 948 1338 1013 theatrum

283 1047 429 1137 Pompeii
445 1063 575 1111 senatus
596 1062 644 1109 est
660 1045 793 1111 habitus
812 1049 847 1112 in
863 1049 1009 1137 porticu,
1024 1066 1062 1114 ut
1079 1050 1235 1114 interesse
1249 1050 1338 1115 Pom·

281 1148 374 1236 peius
389 1162 516 1235 posset3
536 1146 725 1235 factumque
737 1151 1076 1232 senatusconsultum,
1093 1162 1131 1215 ut
1142 1175 1215 1219 essa
1228 1152 1265 1215 P.
1279 1150 1340 1216 Cle·

281 1248 330 1312 dit
358 1249 555 1334 legerentar;
579 1251 704 1313 cariam
736 1250 872 1315 Famnes
897 1251 989 1316 Sulla
1013 1255 1222 1334 instauraret,
1251 1274 1339 1339 eaque

281 1350 426 1436 deinceps
450 1348 597 1413 Cornelia
620 1350 660 1413 de
679 1353 806 1415 nomine
823 1351 922 1415 Suttae
946 1367 1131 1434 nocaremr,
1161 1354 1239 1442 quia
1259 1353 1338 1442 prius

281 1452 378 1515 etiam
387 1466 479 1539 pater
487 1451 597 1515 Fausti
608 1451 755 1516 eamdem
767 1453 930 1517 refecerat.
942 1454 1032 1519 inter
1042 1454 1100 1519 has
1111 1455 1235 1535 turbas,
1246 1474 1339 1541 mum

282 1551 335 1615 alii
353 1574 393 1615 ex
412 1552 481 1615 aliis
499 1552 676 1641 interreges
698 1552 830 1634 fierent,
848 1576 956 1641 neque
977 1570 1084 1620 tamen
1106 1553 1239 1617 comitia
1252 1552 1339 1615 babe-

280 1668 412 1735 rentur,
431 1654 518 1719 misit
536 1651 577 1717 ad
601 1652 796 1741 Pompeium
818 1654 915 1735 Milo,
931 1654 1075 1718 desistere
1091 1678 1123 1718 se
1132 1656 1303 1743 petitione,
1318 1653 1341 1713 si

284 1756 377 1818 itaci
391 1754 554 1822 atteretur.
571 1756 602 1819 N
604 1778 655 1819 am
675 1755 719 1823 ob
732 1755 921 1820 affinitatem
937 1757 979 1839 Q.
995 1757 1127 1821 Metello
1138 1778 1269 1820 summe
1279 1770 1338 1819 stu·

282 1854 379 1921 debat
391 1857 586 1944 Pompeius3
603 1878 709 1945 neque
724 1857 833 1922 minus
844 1860 1000 1947 Hypsaeo,
1014 1858 1104 1946 quod
1118 1873 1262 1945 quaestor
1271 1877 1338 1920 suus

281 1959 407 2023 fuisset.

325 2060 478 2125 XXVIII.
498 2062 702 2148 Responsum
718 2082 738 2125 a
752 2061 909 2150 Pompeio
924 2060 1058 2143 dicim,
1076 2060 1200 2124 nemt'ni
1210 2084 1242 2123 se
1254 2080 1339 2147 reque

275 2163 426 2251 petendi,
449 2184 546 2250 neque
566 2160 752 2241 desistendi,
772 2178 933 2227 auctorem
952 2185 1034 2244 esse,·
1050 2184 1149 2250 neque
1163 2159 1281 2251 populi
1293 2180 1337 2220 n>-

282 2265 374 2327 mani
386 2274 592 2352 potestatem,
615 2277 675 2326 aut·
694 2263 875 2344 consilinm,
896 2278 955 2329 aut
969 2265 1153 2327 sementiam
1170 2259 1338 2351 interpella·

279 2375 395 2451 turum.
417 2362 508 2427 Idem
532 2361 650 2427 deinde
671 2365 730 2427 Cn.
754 2364 928 2429 Lucullum
950 2364 1139 2429 familiarem
1161 2360 1336 2439 Ciceronis,

279 2481 377 2552 atque
391 2463 465 2529 ideo
481 2465 612 2528 Milonis
625 2461 785 2546 amicum,
800 2488 929 2554 rogasse
942 2464 1129 2546 dicebatur,
1145 2489 1185 2528 ne
1195 2489 1228 2529 se
1238 2461 1338 2526 laede

279 2589 313 2630 re
329 2565 448 2630 ι’νινιὶίἰα
467 2581 619 2630 oneraret.
639 2565 870 2631 crebrescebat
885 2567 1007 2630 interea
1019 2589 1149 2649 rumor,
1162 2563 1337 2630 dictatam

279 2668 452 2732 creandum
473 2667 655 2756 Pompeium
679 2691 758 2747 esse,
783 2691 839 2731 nec
862 2670 954 2732 aliter
976 2667 1084 2731 sedari
1105 2666 1195 2730 mala
1217 2664 1338 2730 ciritaa's

272 2793 364 2858 posse
387 2769 487 2832 :aliis
512 2771 670 2832 Caesarem
697 2767 766 2831 fieri
786 2769 955 2834 consulem
976 2768 1143 2857 placebat,
1169 2767 1262 2847 cujus
1283 2759 1336 2826 sub

281 2871 367 2935 idern
392 2885 519 2957 tempus
541 2870 679 2934 mamma
699 2886 768 2935 erat
786 2871 888 2953 fama,
908 2886 1042 2958 propter
1063 2869 1275 2959 amplissimas
1294 2885 1336 2928 res

281 2989 402 3062 gestas,
420 2970 536 3058 saepius
556 2986 589 3033 et
607 2971 751 3058 plurium
769 2970 912 3053 dierum,
930 2994 1027 3059 quam
1044 2970 1162 3058 cuique
1180 2988 1334 3061 unquam,

282 3070 573 3160 supplicationibus
592 3069 739 3135 decretis.

325 3173 447 3237 XXIX.
462 3173 623 3240 Neutrum
644 3195 758 3236 eorum
780 3173 905 3237 senatui
922 3189 1049 3264 gratum
1066 3190 1157 3237 erat:
1175 3173 1287 3262 igitur,
1301 3187 1335 3229 ne

281 3288 337 3338 aut
350 3273 525 3364 Pompeius
540 3271 692 3355 dictator,
711 3290 769 3338 aut
791 3276 897 3338 Caesar
910 3275 1028 3338 iterum
1047 3275 1161 3338 consul
1178 3269 1335 3338 habendus

281 3390 381 3454 esset,
397 3373 443 3436 M.
457 3372 609 3454 Bibulus,
626 3375 683 3470 qui
696 3375 803 3464 primo
817 3377 890 3440 Ioco
906 3365 1038 3463 rogatus
1054 3391 1122 3438 erat
1138 3374 1334 3446 sententiam,

284 3477 340 3541 Cn.
365 3475 567 3562 Pompeium,
594 3474 666 3540 licet
689 3476 867 3557 absentem,
895 3476 1052 3540 consulem
1063 3475 1261 3564 factendam
1283 3491 1335 3535 esse

281 3577 424 3658 censuit,
445 3579 510 3639 sine
527 3575 661 3662 collega.
686 3577 740 3640 Sic
756 3579 838 3641 enim
860 3590 919 3641 ant
941 3599 1105 3642 censuram
1127 3599 1172 3639 ea:
1191 3576 1239 3639 las
1255 3569 1335 3636 malit

281 3677 526 3770 rempublicam
550 3691 608 3740 ant
623 3681 651 3740 si
673 3677 817 3744 damiana
839 3678 1020 3744 tolerandas
1038 3681 1100 3756 sit,
1119 3680 1234 3767 optino
1254 3672 1334 3738 serri-

314 3900 441 3967 sxnvr.
455 3897 564 3964 Appias.
582 3924 617 3935 -
636 3899 694 3946 mo.
709 3925 744 3934 -
755 3899 817 3948 ce..
829 3899 860 3947 ae
871 3901 900 3947 a.
915 3899 978 3946 ont
991 3899 1103 3947 nnus.
1115 3925 1152 3935 -
1164 3898 1216 3946 cic.
1229 3911 1274 3963 pm
1284 3889 1331 3940 rat.

280 3985 322 4033 23.
335 4009 371 4021 -
383 3983 474 4031 Ascom
486 4005 522 4017 -
533 3979 549 4046 s
568 3979 676 4028 xxvn.
689 3981 781 4029 Aaron.
800 4009 835 4019 -
849 3980 866 4046 s
882 3982 1003 4030 mm.
1015 3982 1073 4031 Dio.
1088 4009 1123 4020 -
1132 3985 1233 4032 Suetom
1245 3981 1269 4028 ia
1278 3977 1331 4031 Cr&

281 4083 335 4138 erp.
346 4073 389 4124 at.
403 4093 437 4104 -
452 4064 558 4143 Appiam
570 4063 606 4104 -'
618 4063 684 4124 Plut.
694 4067 724 4116 ia
734 4067 821 4137 Pomp.
832 4067 894 4140 Caes.
903 4077 928 4114 et
940 4067 994 4116 Cat.
