2875 4900
289 350 355 439 146
421 344 886 420 .ro.run1usunu11
918 342 1166 411 surenam.

328 471 447 537 XVlll.
470 469 565 533 lllum
591 464 712 529 scilicet
739 463 930 543 mortalem,
957 461 1105 549 quisquis
1130 460 1260 524 tandem
1285 476 1339 524 aut

284 574 397 654 cujatis
420 569 534 650 fuerit,
559 565 740 655 praescisse,
761 585 826 648 qua
846 563 1041 627 transiturus
1061 578 1145 626 esset
1165 562 1338 641 Antonius,

284 694 442 765 cognosse
458 692 525 733 uon
542 682 635 731 antea
651 666 774 744 visum,
792 686 832 727 eo
847 685 1013 746 sermone,
1031 686 1099 751 quo
1116 662 1252 751 intelligi
1267 683 1339 748 pos·

285 792 351 856 set,
374 773 578 859 alloquutum
595 765 689 831 esse?
705 764 832 828 Deinde
849 764 1017 853 negotium
1032 765 1139 852 ipsum
1159 786 1258 851 quam
1273 765 1340 825 iuc-

285 874 398 965 ptum!
417 868 535 958 legatio
553 866 652 931 unius
667 887 729 953 pro
747 864 916 945 omnibus,
932 865 990 952 qni
1005 865 1155 948 sonasse,
1173 887 1214 927 ne
1230 864 1340 943 simul,

285 993 342 1041 aut
351 974 459 1063 plures
468 970 630 1047 venirent,
641 988 719 1031 cura
729 964 980 1029 domesticarum
989 987 1099 1029 rerum
1109 964 1340 1029 attinebantur!

286 1072 405 1139 deiude
420 1070 553 1159 petitio,
570 1067 680 1131 nescio
694 1064 840 1146 stultior,
854 1088 896 1128 an
909 1065 1090 1145 scelestior,
1104 1066 1269 1129 Christum
1284 1088 1344 1152 pro

286 1196 321 1238 se
335 1166 530 1259 deprecandi
546 1190 554 1231 :
569 1166 660 1253 quasi
673 1182 730 1230 aut
745 1165 799 1229 hic
810 1165 1000 1253 Satyrorum
1014 1188 1109 1230 causa
1123 1184 1270 1231 naturam
1283 1167 1343 1231 hu·

287 1294 415 1337 manam
431 1268 672 1356 assumpsisset3
688 1283 746 1331 aut
757 1266 835 1347 illis,
851 1266 877 1329 si
892 1265 979 1329 adse
994 1266 1156 1355 pertinere
1171 1267 1236 1330 hoc
1251 1267 1345 1331 bene·

288 1374 397 1439 ficium
414 1368 644 1449 credidissent,
658 1366 821 1431 Antonius
837 1366 950 1440 fuisset
965 1366 1216 1455 exspectandus,
1229 1390 1289 1431 nec
1300 1368 1348 1431 in·

289 1492 338 1539 tra
359 1485 520 1537 trecentos
541 1490 645 1533 annos
665 1470 771 1531 Deum
788 1483 845 1530 aut
864 1488 924 1555 per
943 1488 978 1530 se
995 1466 1192 1554 potuissent,
1215 1484 1271 1531 aut
1289 1490 1349 1555 per

287 1577 367 1641 alios
385 1571 535 1637 exorare!

332 1675 424 1741 XIX.
442 1670 505 1737 Sed
518 1694 559 1735 ne
573 1686 686 1735 cetera
700 1670 935 1755 examinemus,
949 1668 1020 1757 ipse
1029 1688 1162 1755 quoque
1174 1682 1239 1731 tam
1255 1668 1349 1731 velox

289 1778 466 1853 discessus,
481 1794 547 1837 non
561 1786 745 1860 exspectato
758 1790 933 1857 responso,
947 1768 1070 1857 arguit,
1083 1784 1141 1833 aut
1154 1769 1278 1833 senatui
1289 1790 1351 1856 po-

219 1896 224 1905 ·
289 1878 436 1968 puloque
452 1874 643 1963 Satyrorum
664 1890 733 1936 rem
749 1871 841 1935 istam
859 1870 948 1935 haud
963 1886 1041 1934 sane
1053 1870 1145 1935 cordi
1159 1869 1277 1953 fuisse3
1292 1888 1352 1935 aut

291 1976 516 2043 stultissimum
533 1974 639 2037 virum
659 1972 809 2036 omnium
830 1988 994 2037 oratorem
1009 1970 1188 2051 delectum,
1204 1973 1261 2060 qui
1277 1987 1351 2035 tan-

290 2096 356 2143 tam
368 2100 437 2141 rem
449 2093 515 2140 tam
529 2075 730 2163 negligenter
739 2072 849 2163 egerit.
858 2072 1011 2153 Ejusdem
1023 2074 1149 2161 generis
1161 2074 1214 2137 ille
1224 2073 1353 2137 Silenus

292 2182 354 2245 luit
368 2174 421 2265 '(si
439 2176 653 2264 Theopompo
673 2174 758 2239 chio
779 2174 908 2264 egregio
930 2172 1102 2239 fabulaturi
1124 2198 1192 2239 non
1214 2176 1354 2239 omnino

292 2276 480 2367 deneganda
500 2274 579 2339 fides
600 2275 667 2354 est)
688 2275 747 2363 qui
766 2274 863 2339 Mida
882 2276 949 2363 regi
971 2275 1073 2339 multa
1088 2276 1255 2365 exposuit,
1274 2278 1355 2342 falsa

293 2378 425 2470 quidem
441 2377 569 2458 omnia,
584 2376 641 2441 sed
655 2376 835 2441 mirabilem
847 2376 998 2441 habentia
1011 2377 1256 2442 similitudinem
1267 2382 1356 2460 veri3

294 2505 361 2546 non
374 2503 444 2545 eam
454 2478 545 2559 dico,
559 2501 630 2566 quas
638 2479 805 2542 veritatem
815 2477 944 2559 doceat,
953 2478 1010 2542 sed
1022 2501 1094 2566 quae
1104 2479 1234 2544 aliunde
1242 2483 1359 2569 cogui-

293 2598 359 2646 tam
376 2579 478 2668 possit
491 2577 536 2642 ad
553 2577 669 2642 fabulae
687 2579 876 2667 opinionem
890 2579 1075 2644 adducere:
1092 2603 1166 2644 nam
1182 2581 1254 2646 due
1266 2599 1360 2648 certe

294 2681 437 2746 civitates
452 2677 577 2742 suntin
591 2677 735 2758 mundo,
751 2677 924 2766 dequibus
937 2680 1039 2744 multa
1050 2680 1147 2746 docte
1159 2681 1278 2771 pieque
1286 2686 1360 2749 Au·

295 2782 445 2872 guarinus
470 2779 616 2867 scripsit3
642 2801 781 2866 quarum
804 2781 903 2844 altera
926 2802 992 2844 non
1015 2781 1179 2846 immerito
1191 2803 1356 2870 pugnat,

295 2884 393 2949 altera
399 2884 460 2971 pia
477 2879 675 2944 nominetur.

338 2984 414 3047 XX.
425 2982 467 3046 Et
477 2981 568 3069 quod
581 2981 632 3046 ille
641 2979 681 3044 de
683 2979 847 3068 fructibus
858 2984 992 3047 tn'stittie
1000 2982 1177 3072 loetr'ttieque
1182 2983 1280 3049 Midae
1293 3001 1363 3048 tra·

296 3085 395 3167 didit,
410 3082 562 3147 videntur
575 3081 714 3146 duarum
729 3082 871 3147 Paradisi
889 3083 1061 3165 arborum,
1074 3084 1246 3172 prohibite
1257 3085 1364 3150 nimi-

296 3207 369 3252 rum
391 3200 423 3250 et
446 3183 549 3249 vitalis
573 3183 758 3264 historiam,
785 3183 951 3249 malitiosis
976 3184 1156 3249 fabularum
1181 3185 1365 3252 involucris

297 3286 445 3375 operire;
465 3299 504 3348 ut
528 3283 606 3346 mihi
632 3305 700 3347 non
721 3283 777 3347 fiat
798 3283 1003 3367 incredibile,
1025 3284 1151 3348 homini
1173 3286 1306 3350 curioso
1329 3304 1367 3352 et

299 3409 410 3475 mago,
428 3383 555 3470 qualem
572 3383 671 3446 misse
688 3382 810 3447 Midam
826 3385 985 3466 annulus,
1002 3407 1100 3472 quem
1116 3386 1147 3449 ei
1165 3386 1281 3449 tribuit
1293 3387 1368 3451 Pli-

300 3485 389 3566 nius,
408 3500 440 3548 et
458 3481 519 3545 alia
539 3480 687 3569 quaedam
706 3499 868 3572 arguunt,
891 3485 953 3548 sub
977 3485 1029 3549 illa
1050 3484 1154 3574 figura
1176 3486 1369 3553 demonem

301 3585 372 3648 talia
393 3579 619 3669 respondisse:
634 3604 710 3645 nam
733 3600 767 3646 et
786 3584 856 3671 ipse
874 3583 1031 3674 fingebat,
1052 3586 1164 3650 medias
1183 3584 1371 3654 se'naturae

262 3757 266 3764 ‚
298 3686 383 3751 inter
401 3682 542 3746 divinam
563 3681 805 3771 humanamque
820 3702 1025 3774 compotem;
1042 3686 1132 3773 quod
1150 3708 1252 3777 genus
1266 3689 1370 3754 Auti-

300 3786 372 3873 quis
387 3784 566 3848 doenwuum
580 3783 795 3872 appellatione
811 3786 978 3868 veniebat,
995 3810 1182 3876 quanquam
1197 3788 1373 3854 conditio-

300 3909 374 3950 nem
388 3906 502 3948 eorum
514 3884 749 3972 ignorantibus.
762 3885 847 3950 lllud
858 3909 936 3950 vero
947 3911 1151 3977 responsum,
1162 3889 1252 3976 quod
1264 3891 1374 3956 Midae

334 4081 350 4146 s
363 4083 435 4129 xlx·
448 4079 534 4130 AElitn.
544 4081 603 4130 Ver.
617 4082 681 4128 llist.
697 4083 751 4134 111.
768 4084 807 4129 rs.
