2875 4900
279 375 348 450 332
454 381 891 455 10.F·REINSI{EM11
921 385 1168 455 SUPPLEM.

280 502 342 566 llic
358 501 423 565 fuit
436 500 651 568 heracleensis
666 504 850 571 obsidionis
870 507 994 588 erinis,
1012 507 1150 570 ultemm
1171 505 1204 568 in
1226 525 1343 568 annum

278 617 460 688 protracte.
476 605 587 685 (btte,
601 605 706 670 missis
723 607 764 670 ad
785 608 975 691 Lucullum,
992 607 1049 695 qui
1070 607 1190 671 iterum
1207 606 1241 670 iu
1262 605 1345 668 Pou-

279 718 351 767 tum
377 705 548 788 movebat,
572 706 765 774 cohortibus
792 711 916 798 alisque
941 707 1102 790 romanis,
1128 708 1346 796 permissoque

278 805 388 886 sociis,
399 824 438 871 ut
448 829 541 872 suum
551 807 691 896 quisque
703 810 737 873 in
749 811 885 899 putrium
900 825 1152 891 reverterentur,
1163 831 1240 873 cum
1253 809 1346 872 classe

279 907 418 971 Romam
430 908 571 974 instituit
581 910 662 994 iter,
673 910 731 975 sed
743 935 816 1000 pars
828 913 961 978 trevium
975 933 1076 976 onere
1090 926 1233 1000 gravate
1248 931 1345 997 quum

278 1007 367 1072 haud
381 1009 498 1096 procul
514 1010 610 1074 litore
625 1014 854 1101 processisset,
869 1013 1036 1095 subsedit,
1052 1012 1130 1076 alias
1143 1011 1257 1076 llantes
1267 1011 1345 1075 forte

278 1110 448 1196 aquilones
468 1111 503 1174 in
520 1111 631 1178 brevio
645 1117 894 1206 compulerunt,
912 1129 951 1180 ut
966 1115 1071 1178 facere
1083 1113 1242 1194 iacturum
1259 1133 1346 1200 coge·

280 1228 407 1277 rentur.
472 1228 476 1236 '

323 1313 446 1378 XVIIl.
473 1315 588 1398 Quum
612 1317 657 1381 ita
678 1318 828 1406 quotidie
851 1319 886 1382 in
910 1315 1053 1382 deteritu
1078 1335 1131 1378 res
1157 1311 1346 1378 Mithridatis

278 1431 429 1496 ruerent,
446 1431 556 1482 motus
574 1417 694 1482 iterum
711 1441 751 1483 ex
769 1420 843 1485 Asia
864 1419 1039 1498 Lucullus,
1059 1413 1198 1480 validius
1220 1437 1272 1479 ess
1294 1414 1345 1476 im·

278 1515 379 1604 pulit,
397 1517 443 1582 ira
459 1541 593 1607 quoque
606 1520 800 1610 instigante,
821 1522 865 1586 ob
882 1519 1038 1608 superbas
1057 1517 1208 1606 Tigmnis
1225 1517 1343 1580 literas:

278 1615 420 1700 ideirco,
440 1633 614 1708 postquam
634 1622 756 1686 iterum
778 1623 811 1686 in
833 1624 977 1688 Pontum
999 1619 1189 1708 irrupisset,
1211 1619 1343 1704 Sinopen

279 1717 425 1800 obsedit,
441 1721 650 1787 clarissimam
666 1724 873 1812 ponticarum
890 1723 1043 1803 urbium,
1060 1742 1160 1808 quam
1183 1735 1282 1806 caput
1301 1737 1344 1778 re·

280 1821 338 1910 gni
352 1821 575 1905 Mithridates,
596 1842 692 1890 natus
711 1826 747 1890 in
770 1849 824 1908 ea,
843 1842 876 1891 et
894 1824 1070 1902 educatio,
1090 1822 1254 1886 effecerat.
1271 1821 1345 1882 leu-

282 1922 399 2010 cippus
410 1939 444 1987 et
452 1925 645 1988 Cleochares
655 1924 758 2013 spado
768 1927 841 1990 urbi
854 1940 1029 2014 praeemnt3
1043 1937 1179 2010 emtque
1188 1921 1345 1996 Seleucus,

282 2047 301 2088 a
316 2047 385 2111 quo
401 2040 516 2090 vectus
531 2027 719 2091 Heracleum
739 2048 797 2090 rex
814 2029 938 2107 luerat,
963 2025 1032 2113 pari
1054 2024 1248 2087 auctoritate
1265 2018 1345 2083 addi·

282 2135 337 2192 tus
350 2149 358 2192 ε
370 2126 491 2191 horum
505 2115 726 2216 leucippum,
741 2125 794 2191 die
808 2126 849 2192 ud
862 2125 1024 2215 populum
1041 2122 1143 2204 dicta,
1160 2118 1346 2211 proditionis

284 2228 415 2318 college
430 2250 526 2294 reum
541 2244 692 2318 egerant,
710 2245 759 2311 et,
775 2249 880 2316 quum
899 2227 981 2291 nihil
1000 2223 1187 2290 accusando
1204 2220 1346 2312 prolecis-

283 2344 377 2410 sent,
395 2346 499 2394 noctu
513 2330 745 2395 interfecerant
759 2351 819 2419 per
835 2328 980 2394 insidias.

331 2431 424 2496 XIX.
443 2431 529 2497 Hinc
547 2432 679 2497 irritatis
694 2454 895 2523 magnopere
912 2428 1167 2520 Sinopensibus,
1189 2448 1286 2493 unum
1306 2421 1345 2487 el·

286 2532 449 2623 fugiendae
461 2533 613 2599 vindicte
626 2536 711 2599 riam
735 2532 909 2616 creditam,
932 2529 1139 2621 tyrannidem
1159 2529 1347 2623 invaserunt.

287 2635 401 2715 Quum
411 2634 445 2698 iu
457 2656 558 2700 eores
568 2651 692 2718 essent,
705 2658 871 2699 annonam
882 2630 1106 2721 aBosporood
1118 2646 1224 2695 cosm
1233 2622 1345 2693 Luculli

283 2735 443 2800 vehentes
466 2738 623 2801 onerariae
642 2759 740 2802 naves
762 2750 1001 2826 apparuerunt,
1020 2755 1101 2821 quas
1119 2754 1199 2797 cum
1218 2725 1346 2795 triremi·

286 2834 351 2901 bus
380 2836 569 2927 quindecim
597 2840 770 2928 profectus
796 2838 905 2902 classis
933 2834 1134 2901 Censorinus
1164 2828 1346 2897 deducebar.

286 2940 392 3029 Igitur
411 2939 567 3005 Seleucus
582 2964 660 3007 cum
678 2939 834 3005 Cilicibus
848 2938 915 3003 suis
929 2953 963 3003 et
977 2934 1211 3025 Sinopensium
1226 2928 1348 2996 naribus

287 3042 393 3133 longis
407 3059 598 3131 provectus,
609 3042 767 3131 superatis
778 3039 950 3121 Romanis,
966 3036 1129 3102 onemriss
1145 3036 1270 3123 aliquot
1283 3029 1347 3094 abs·

287 3142 393 3208 traxit.
421 3145 500 3210 llaec
521 3144 656 3211 fortuna
681 3142 784 3233 magis
812 3140 921 3207 adhuc
946 3137 1091 3219 inflavit,
1117 3136 1348 3227 asperioresque

286 3244 365 3309 fecit
388 3260 604 3333 tyrannorum
621 3246 770 3326 onimos;
790 3243 951 3331 multique
972 3240 1014 3306 sb
1036 3240 1075 3305 iis
1098 3238 1348 3328 oppidanorum,

288 3344 410 3415 indicta
422 3346 618 3436 plerumque
631 3368 748 3427 causa,
763 3344 912 3435 jugulati.
926 3342 989 3407 Sed
1004 3358 1037 3406 et
1050 3342 1136 3406 inter
1148 3341 1237 3428 ipsos
1246 3351 1348 3425 porum

287 3446 521 3531 conveniebat,
535 3448 711 3513 Cleochare
724 3445 941 3511 resistendum
955 3444 1111 3509 Romanis
1123 3436 1348 3509 contendente,

287 3548 441 3630 Seleuco,
464 3547 677 3615 trucidandos
699 3548 916 3637 Sinopenses,
943 3546 1150 3635 acceptisque
1174 3536 1350 3632 ingentibus

289 3649 447 3738 praemiis,
459 3648 651 3715 tradendam
665 3650 804 3715 Lucullo
817 3648 946 3713 urbem.
961 3649 1075 3729 Quum
1088 3661 1205 3711 neuter
1218 3640 1350 3709 cedertb

289 3776 324 3817 re
341 3753 375 3815 in
394 3751 504 3817 medio
524 3751 654 3833 relicta,
673 3774 753 3841 opes
771 3772 845 3814 suas
861 3748 1018 3815 onerariis
1040 3748 1178 3813 nuribus
1195 3740 1350 3832 impositas

288 3852 329 3917 ed
346 3853 531 3919 Mocharem
551 3852 730 3933 miseruut,
748 3850 953 3919 Mithridatis.
969 3849 1091 3931 lilium,
1112 3849 1255 3939 quitum
1273 3834 1349 3930 opud

289 3956 429 4021 Colchos
445 3954 571 4045 agebat.

325 4107 341 4170 S
357 4110 455 4158 tvm.
470 4110 593 4159 Plutarch.
605 4108 632 4157 in
646 4110 763 4166 Lucullo.
775 4126 829 4175 esp.
845 4116 886 4173 47.
905 4138 939 4147 -
956 4110 1089 4167 Memnon.
1099 4134 1134 4143 -
1149 4102 1229 4155 Surb.
1240 4100 1281 4149 lib.
1294 4094 1349 4144 ΧΗ·

291 4210 316 4257 l'·
328 4192 387 4249 545.
401 4222 435 4232 -
446 4198 519 4244 Oros.
529 4198 577 4256 Vl,
591 4197 616 4244 3.
627 4224 661 4233 -
675 4194 775 4261 §XIX-
789 4194 912 4245 Plutarch,
925 4222 960 4231 -
974 4193 1105 4242 Memnon.
