2875 4900
283 410 1348 437 fflssssmssmmmfflffltmmmmmmm

425 616 713 709 JOANNIS
753 615 1227 749 FREINSHEMII.

250 1005 259 1021 ,
336 860 1304 1001 SUPPLEMENTORUM

505 1138 1122 1265 LIVIANORUM

656 1402 836 1481 Lmen
875 1366 982 1481 ΠΗ

406 1626 452 1679 ΙΝ
477 1624 632 1681 Locum
655 1622 779 1679 LIBRI
805 1622 1018 1679 LXXXVIII
1044 1623 1231 1679 LIVIANI.

623 1890 1013 1925 *ῥοῦ-..-

699 2125 941 2199 ΕΡΙΤΟΜΕ

482 2286 613 2343 maat
642 2284 946 2341 ocroousmu
969 2264 1154 2352 'ocrsvr

287 2421 359 2476 Sulla
373 2420 538 2481 Carbonem,
553 2416 670 2470 exercitu
685 2417 741 2486 ejus
763 2414 823 2468 luso
837 2413 872 2468 ad
886 2414 1023 2481 Clusium,
1040 2415 1075 2469 sd
1091 2416 1243 2470 Faventiam
1258 2415 1355 2471 Fiden·

323 2505 440 2576 tiamque
452 2521 531 2564 ceso,
547 2501 625 2554 Italia
637 2499 757 2573 expulit:
773 2519 835 2552 cum
845 2499 1019 2564 Samnitibus,
1031 2501 1078 2571 qui
1090 2501 1138 2555 soli
1154 2519 1185 2554 ex
1199 2501 1292 2553 italicis
1305 2519 1354 2573 po-

321 2587 393 2660 pulis
409 2584 530 2640 nondum
547 2603 621 2637 arma
637 2595 797 2657 posuerant,
812 2585 888 2656 juxta
907 2583 998 2635 urbem
1016 2601 1154 2636 romanum
1174 2595 1235 2636 ante
1247 2595 1353 2656 portam

324 2669 455 2722 Collinam
472 2666 629 2730 debellavit3
646 2679 855 2738 recuperatoque
874 2667 1029 2738 republica,
1047 2667 1253 2737 pulcherrimam
1270 2668 1354 2722 victo-

328 2751 396 2805 riam
414 2749 588 2813 crudelitate,
606 2761 707 2821 quanta
726 2749 753 2800 in
772 2749 846 2802 nullo
865 2749 1003 2802 homiuum
1025 2751 1094 2816 luit,
1109 2751 1271 2824 inquinavit.
1284 2753 1354 2806 Octo
1408 2745 1409 2748 Ἴ

325 2835 409 2888 millia
422 2833 572 2888 deditorum
590 2834 619 2886 in
636 2833 700 2885 villa
717 2832 825 2905 publica
841 2831 1002 2897 trucidavit3
1022 2835 1140 2888 ubuum
1157 2835 1355 2907 proscriptionis

325 2919 432 2990 posuit;
445 2919 546 2974 Urbem
558 2937 591 2972 ac
603 2929 686 2970 totam
698 2915 805 2970 Italiam
821 2916 938 2970 cedibus
953 2919 1081 2990 replevit;
1102 2918 1171 2972 inter
1184 2937 1250 2990 quas
1262 2939 1355 2974 omnes

325 3003 501 3057 Praenestinos
517 3003 631 3056 inermes
643 3000 747 3054 concidi
757 3001 848 3072 jussit5
864 2999 995 3064 Marium,
1007 3002 1130 3055 senatorii
1140 3001 1241 3054 ordinis
1250 3003 1354 3067 virum,

282 3124 286 3131 -
323 3089 445 3140 cruribus
466 3086 633 3158 brachiisque
649 3085 755 3147 lractis,
779 3084 886 3138 auribus
905 3085 1055 3156 prosectis,
1080 3098 1107 3138 et
1128 3087 1231 3138 effossis
1254 3087 1352 3150 oculis,

323 3171 436 3224 necavit.
453 3170 484 3223 C.
494 3171 613 3233 Marius,
631 3169 762 3221 Praeneste
772 3169 893 3222 obsessus
906 3189 921 3222 a
933 3169 1056 3222 Lucretio
1069 3169 1174 3233 Ofella,
1188 3167 1354 3222 sullauarum

324 3253 526 3325 pardonum,
543 3271 628 3324 quum
638 3270 685 3322 per
696 3250 851 3304 cuniculum
863 3261 981 3323 captaret
992 3251 1120 3316 evadere,
1134 3265 1225 3324 septus
1236 3253 1272 3306 sb
1285 3271 1355 3306 exec-

325 3335 399 3398 oitn,
418 3347 531 3388 mortem
546 3336 596 3388 sibi
606 3336 751 3398 conscivit3
768 3334 860 3400 idest,
878 3336 978 3408 inipso
992 3337 1134 3401 cuniculo,
1155 3355 1238 3408 quum
1248 3339 1355 3391 sentiret

324 3437 353 3472 se
369 3417 481 3472 evadere
497 3437 553 3472 nou
572 3437 667 3490 posse,
687 3437 750 3471 eum
769 3419 863 3472 Pontio
878 3418 1021 3483 Telesino,
1043 3420 1112 3491 luge
1130 3421 1243 3483 comite,
1265 3422 1355 3474 stricto

329 3504 454 3574 utrinque
464 3501 572 3574 gladio,
586 3503 736 3566 concur-riu
750 3521 829 3572 quesn
839 3522 922 3574 quum
933 3503 1085 3567 occidisset,
1098 3505 1152 3576 ipse
1164 3505 1267 3559 sancius
1277 3506 1356 3577 impe·

325 3586 404 3639 travit
416 3607 433 3641 a
446 3606 541 3650 servo,
554 3599 584 3640 nt
596 3606 625 3640 se
637 3585 777 3638 occideret.

291 3789 317 3854 l.
337 3747 482 3853 pinno
503 3803 595 3869 ante,
615 3811 713 3876 quam
735 3789 820 3851 Sulla
841 3788 882 3852 ad
901 3789 1119 3876 Sacriportum
1136 3789 1320 3872 dimicaret,
1339 3814 1355 3854 a

290 3888 427 3953 (lucibus
443 3889 531 3971 ejus,
546 3887 677 3952 duobus
692 3888 832 3953 Serviliis
847 3889 888 3953 ad
903 3889 1068 3971 Clusium,
1087 3891 1218 3956 Metello
1235 3891 1294 3955 Pio
1317 3889 1356 3953 ad

290 3990 494 4070 Faventiam,
510 3990 556 4056 M.
578 3989 713 4054 Lucullo
731 3991 815 4054 circa
830 3989 1030 4073 Fidentiam,
1046 3991 1269 4056 Carbonianus
1288 4015 1356 4058 ma·

291 4091 415 4180 gnificis
435 4091 551 4181 praeliis
570 4092 672 4156 victos
689 4114 774 4170 esse,
793 4093 932 4158 Velleius
950 4093 1138 4159 Paterculus
1157 4093 1355 4160 restititsed
