2875 4900
293 356 347 424 IN
378 353 492 423 LOC.
514 354 608 421 LlB.
630 354 697 423 XC
728 354 814 423 LIV
821 356 941 427 IANI.
1077 358 1146 429 223

116 476 163 561 qui
175 476 361 563 fugientem,
382 474 443 537 nisi
461 489 500 538 ut
517 473 627 537 omnia
643 473 837 561 fugientium
858 476 1064 543 incommode
1079 480 1147 570 ipse

115 592 274 662 pateream,
290 577 326 639 L.
338 574 535 655 Domitium,
553 576 786 665 proconsulem
799 576 954 641 citerioris
971 578 1148 667 Hispaniae,

115 699 176 739 cum
189 676 334 740 omnibus
351 676 470 764 copiis,
487 696 567 762 quas
584 692 765 763 paraverat,
780 678 951 743 arcessivit.

150 777 261 841 XXIX.
276 775 341 841 Sed
353 775 406 839 ille
422 773 464 839 ad
479 778 585 839 Anam
595 771 748 856 flurium,
764 776 820 863 qui
832 776 978 841 Bretienm
991 801 1011 842 a
1023 780 1147 845 Lusita·

115 878 158 939 nia
169 893 303 965 separat,
319 876 361 940 sb
373 875 553 955 Hirtuleio,
569 890 728 961 qttmstore
745 875 894 957 Sertorii,
914 898 989 941 cum
1006 880 1148 945 exercitu

113 997 265 1064 oppressus
278 992 328 1042 est
341 1000 350 1041 ε
366 974 518 1062 idemque
532 974 636 1039 fatum
652 974 768 1040 eodem
786 976 849 1041 loci
869 977 1011 1067 legatum
1030 980 1149 1045 Metelli

111 1078 250 1143 Thorium
269 1075 493 1165 deprehendit.
512 1074 656 1156 Deinde,
680 1076 756 1162 quis
776 1092 865 1141 tanto
890 1076 976 1143 bosti
1002 1080 1148 1145 resistere

110 1198 153 1239 res
169 1200 296 1242 mmana
314 1199 384 1243 uno
405 1176 600 1263 imperatore
622 1196 690 1239 non
707 1190 849 1263 poteret,
869 1178 905 1242 L.
921 1179 1054 1245 Manilio
1074 1179 1147 1246 Gal-

109 1277 172 1341 liam
188 1279 432 1343 Narbonensem
449 1276 611 1341 obtinenti
629 1276 831 1363 praecipitur,
848 1293 886 1341 nt
902 1280 1065 1367 suppetias
1077 1281 1148 1345 Me·

38 1449 40 1468 ,
110 1379 175 1443 tello
185 1380 217 1443 in
228 1378 414 1469 pranium
428 1374 689 1467 transgredietur.
702 1378 801 1463 Hunc
814 1398 946 1465 quoque
958 1401 1032 1467 curn
1046 1379 1148 1445 tribus

107 1477 288 1566 legionibus,
300 1495 333 1544 et
342 1478 429 1542 mille
440 1477 625 1565 quingentis
636 1476 801 1564 equitibus
811 1476 1050 1561 advenientem,
1062 1479 1147 1545 idem

107 1578 270 1647 Hirtuleius
289 1582 337 1645 sic
352 1578 497 1667 excepit,
515 1593 554 1642 ut
569 1579 605 1643 L.
616 1577 763 1644 Valerius
779 1578 987 1643 Praeconinus
1007 1580 1148 1669 legatus,

38 1741 39 1748 ,
107 1682 234 1746 exercitu
250 1682 364 1770 pulso,
385 1676 638 1757 interficeretur5
655 1678 693 1741 L.
702 1677 854 1743 Manilius
873 1680 1068 1773 proconsul,
1085 1682 1147 1745 im·

105 1778 286 1864 pedimentis
305 1780 446 1860 amissis,
461 1779 497 1843 in
516 1778 675 1866 oppidum
695 1776 834 1843 ilerdam
853 1800 944 1867 piene
966 1779 1053 1845 solus
1067 1803 1148 1847 oon·
1251 1796 1257 1807 “

38 2051 39 2057 ¹
105 1877 239 2047 fuglleXetX.
255 1980 353 2047 Unde
367 1980 491 2045 viribus
505 1994 539 2043 et
551 1978 636 2043 farne
649 1978 684 2041 iu
700 1978 768 2043 dies
784 2001 958 2070 augescens
970 1980 1147 2065 Sertorius,

104 2095 135 2141 ut
148 2082 316 2147 consilium
334 2098 367 2146 et
383 2081 485 2146 decus
497 2080 642 2168 partibus
661 2076 811 2161 adderet,
830 2095 992 2145 senatores
1011 2104 1049 2145 ex
1070 2106 1148 2169 pro-

102 2178 215 2267 scriptis
226 2180 344 2247 eodem
356 2180 489 2245 nomine
499 2180 638 2267 locoque
646 2178 736 2266 apud
746 2202 781 2243 se
792 2180 948 2273 lubebat,
964 2180 1148 2271 ellectisque

101 2299 137 2340 ex
147 2282 324 2347 anticorum
332 2281 469 2346 cohorte
483 2279 699 2368 primoribus,
713 2295 752 2343 ut
763 2295 980 2345 trecentorum
993 2304 1147 2347 numerus

101 2377 194 2462 fieret,
209 2383 302 2448 hunc
316 2396 461 2448 anatum
475 2380 656 2471 appellabat
670 2402 678 2445 s
690 2379 734 2446 sd
748 2402 823 2445 eum
837 2381 984 2448 ordinem
996 2382 1037 2448 de
1050 2384 1146 2450 rebus

100 2483 239 2548 omnibus
255 2483 433 2565 referebat,
456 2483 534 2546 binc
556 2497 731 2570 questores
751 2483 927 2572 legatique,
951 2506 1048 2571 quam
1070 2509 1147 2574 pro-

99 2580 174 2645 xime
187 2584 331 2670 patrium
344 2605 470 2646 morem
486 2583 680 2648 creabantur
694 2605 704 2648 t
718 2605 793 2648 nam
806 2583 965 2650 Sertorius
981 2608 1017 2650 ea
1034 2587 1147 2655 mode-

38 2716 39 2735 ι
99 2681 150 2745 stia
165 2699 198 2747 et
210 2683 314 2748 animi
331 2682 553 2770 magnitudine
566 2683 696 2772 egebat,
713 2699 766 2765 ut,
784 2706 969 2772 quanquam
985 2687 1146 2775 Hispano·
1233 2757 1239 2772 ⁸

99 2785 287 2865 rumarmis,
302 2782 512 2870 pecuniisque
523 2799 556 2847 et
566 2783 720 2863 urbibus,
735 2805 772 2846 ac
782 2785 973 2873 corporibus
985 2802 1145 2867 uteretur,

100 2885 177 2948 nulla
187 2901 300 2950 tamen
312 2906 347 2949 se
359 2883 432 2948 laedi
444 2882 647 2950 obliterarive
662 2883 786 2948 romani
800 2885 940 2948 nominis
957 2883 1144 2974 dignitatem

99 3003 215 3050 uneret.

135 3086 255 3151 XXXI.
272 3087 386 3167 Quum
399 3083 468 3148 boec
482 3083 677 3173 egebnnnrr,
695 3083 730 3148 P.
743 3081 892 3146 Servilius
905 3105 980 3148 cum
994 3083 1145 3152 Cilicibus

99 3205 239 3274 prospere
254 3185 298 3252 ad
309 3207 494 3266 summum,
511 3183 570 3250 sed
585 3206 653 3247 non
666 3181 737 3248 sine
751 3204 869 3272 magno
884 3181 993 3247 labore
1008 3206 1045 3250 ac
1061 3187 1146 3272 peri·

99 3285 162 3348 culo
181 3285 365 3350 dimicabat.
382 3282 594 3349 Mithridatici
617 3283 694 3348 belli
713 3282 882 3347 occasione
904 3283 1031 3370 piretoe,
1054 3287 1145 3373 quod

97 3381 171 3448 inter
192 3388 325 3450 Cretam
347 3384 555 3473 Cyrenasque
579 3399 612 3448 et
634 3383 789 3448 Achaiam
811 3383 984 3471 sinumque
1003 3383 1145 3453 Maleum

98 3499 236 3551 mturare
253 3485 365 3574 (ipsis
381 3483 561 3573 pindarum
580 3483 727 3548 ubertate
746 3505 878 3548 aureum
892 3485 1083 3574 vocabant),
1099 3489 1145 3554 ln-

98 3586 229 3650 ttociniis
245 3584 403 3650 infestum
417 3585 536 3650 habere
548 3600 728 3672 coeperunt,
745 3582 870 3648 Isidoro
888 3582 981 3652 duce.
1001 3587 1144 3671 Deinde,

125 3827 274 3890 smus.
287 3830 394 3896 Appiae.
405 3831 459 3879 Cis.
472 3831 515 3879 lib.
526 3831 554 3888 1,
570 3841 596 3878 et
608 3829 680 3895 turp.
692 3855 727 3867 -
741 3829 837 3878 Sallust.
852 3829 915 3879 llist.
929 3831 953 3887 Ι,
971 3845 1010 3892 sp.
1030 3855 1064 3868 -
1080 3831 1144 3882 utut.

97 3907 212 3962 insutos.
221 3930 278 3978 esp.
288 3929 327 3976 ¹9·
338 3939 374 3952 -
382 3913 435 3962 Liv.
449 3915 515 3979 Epis.
523 3939 559 3952 -
569 3912 634 3962 nor.
642 3939 676 3950 -
687 3915 774 3980 Pomp.
783 3913 856 3963 Mela.
867 3939 901 3950 -
913 3915 986 3962 Orus.
997 3941 1030 3950 -
1041 3915 1143 3980 semp.

97 3993 151 4058 -S
163 3998 261 4045 ¹111.
271 3995 337 4046 ster.
348 3997 398 4056 m,
411 3998 436 4044 6.
445 4023 480 4034 -
489 3996 553 4046 etur.
562 4023 597 4034 -
610 3995 664 4046 Lis.
673 3996 740 4062 Epir.
749 4023 784 4034 -
794 3997 855 4045 Cres.
866 3993 897 4042 de
908 3994 958 4061 uu.
970 3995 1035 4044 Gnll.
1043 3997 1092 4054 111,
1102 4012 1144 4045 ao.

96 4099 126 4110 -
135 4079 204 4126 Orus.
215 4106 251 4116 -
265 4079 371 4145 Appias.
