2875 4900
270 392 342 479 ns
439 392 878 461 ro.rna1usnsu11
908 391 1159 460 snrrtnn.

269 515 406 601 gematis
423 512 584 602 choragiis
600 536 729 578 scenam
745 512 920 577 adornans.
943 512 1034 577 Idem
1053 530 1086 577 et
1102 512 1242 601 dibapha
1259 514 1330 601 tyria

270 615 394 703 primus
409 631 563 695 estuans,
578 615 669 703 quod
685 632 757 678 tum
772 615 1011 702 Improbamm,
1028 638 1105 679 mox
1121 617 1253 704 vulgare
1266 616 1330 677 nnc

316 716 443 779 XLVII.
463 715 525 779 Hic
536 717 638 779 ferme
654 731 757 780 status
774 716 974 780 urbanarum
989 740 1100 779 rerum
1114 732 1200 797 erat,
1220 740 1333 804 quum,

270 816 383 880 audito
404 814 468 881 line
482 816 697 899 Mithridatis,
718 833 823 906 grates
839 816 902 880 diis
916 832 996 881 actae
1009 832 1106 899 sunt,
1125 834 1159 881 et
1175 816 1217 880 ad
1233 818 1333 881 omnia

271 917 450 1005 pulvinaria
464 917 698 1006 supplicatum,
713 942 836 1006 quum,
850 920 1011 982 referente
1024 919 1183 982 Cicerone
1196 918 1334 997 consule,

271 1032 430 1104 quantum
449 1019 525 1081 alias
541 1041 729 1106 nunquam,
744 1021 779 1083 in
793 1018 969 1084 duodecim
986 1018 1055 1084 dies
1071 1019 1334 1107 supplicationem

271 1132 401 1181 senatus
417 1116 620 1183 decrevisset.
635 1120 774 1183 Tribuni
787 1120 890 1208 plebis
909 1122 948 1184 T.
961 1120 1140 1202 Labienus,
1157 1122 1196 1185 Τ.
1208 1122 1335 1209 Ampius

270 1218 473 1306 privilegium
493 1220 655 1301 tulerunt,
674 1236 711 1284 ut
726 1222 893 1309 Pompeius
909 1220 992 1285 ludu
1008 1221 1202 1286 Circensibus
1225 1218 1336 1284 corona

270 1342 387 1401 aurea,
407 1334 482 1408 toga
498 1323 606 1409 picta,
628 1320 717 1385 cultu
732 1322 995 1410 niunphnutium
1011 1336 1172 1401 uteretur,·
1196 1324 1335 1400 scenr'ct's,

265 1434 430 1507 praetexta
451 1444 629 1511 coronaque
654 1422 775 1486 laurea.
801 1422 919 1486 Salutis
936 1423 1032 1486 etiam
1050 1423 1244 1512 augurium,
1262 1447 1336 1487 oon-

273 1520 364 1584 fectis
388 1521 482 1585 bellis
506 1524 744 1587 maritimiset·
755 1523 963 1586 terrestribus
988 1523 1164 1604 omnibus,
1186 1522 1336 1587 celebrari

270 1643 366 1709 posse
379 1622 539 1687 creditum
555 1641 614 1688 est.
630 1623 669 1687 ld
685 1623 786 1686 veteri
803 1644 895 1686 more
910 1644 1015 1712 genus
1030 1621 1199 1709 quoddam
1217 1622 1337 1687 diviua·

272 1721 368 1787 tionis
385 1741 471 1806 erat,
487 1748 554 1812 quo
570 1726 730 1789 maximus
749 1739 869 1813 praetor
889 1724 1093 1812 explorabat,
1108 1725 1285 1789 salutemus
1297 1725 1340 1787 dii

263 1825 384 1911 populo
398 1850 530 1890 romano
544 1840 722 1891 annuerent
732 1848 862 1912 :neque
875 1826 921 1889 fas
935 1840 1005 1888 erat
1013 1825 1078 1887 alio
1091 1824 1145 1888 die
1160 1824 1228 1914 agi,
1243 1847 1334 1912 quarn

271 1926 329 2012 qui
345 1926 386 1989 ab
403 1928 494 1991 omni
511 1929 643 2017 negotio
661 1927 791 1991 militari
812 1948 953 2006 vacuus3
976 1948 1080 2013 eaque
1098 1925 1140 1989 de
1161 1950 1198 1991 re
1215 1926 1276 1989 diu
1290 1927 1336 1988 in·

270 2030 456 2093 termissum
473 2032 559 2094 inter
577 2030 735 2095 continua
753 2029 852 2109 bella,
874 2028 1049 2115 civilesque
1071 2025 1250 2092 discordias
1269 2028 1336 2092 fue·

271 2146 338 2211 rat,
359 2131 485 2196 nullum
508 2132 663 2196 idoneum
687 2146 817 2218 tempus
835 2129 878 2193 ad
896 2128 1042 2218 pacificas
1065 2128 1267 2192 caerimonias
1290 2130 1337 2190 in·

270 2234 486 2298 venientibus.

315 2336 461 2399 XLVIII.
487 2336 590 2399 Porro
616 2332 813 2399 Mithridatis
838 2334 962 2397 exitum
986 2354 1094 2420 opera
1119 2331 1262 2418 pretium
1292 2344 1337 2393 est

271 2436 402 2524 penitus
422 2437 563 2525 exsequi.
583 2435 844 2516 Calamitatibus,
863 2451 913 2517 et,
930 2457 1003 2523 quae
1023 2432 1237 2498 calamitatem
1255 2446 1337 2496 amat

271 2539 381 2624 sequi,
400 2538 533 2627 perfidia
549 2561 683 2602 suorum
703 2539 861 2621 irritatus,
879 2559 983 2624 quum
999 2537 1121 2599 multos
1133 2535 1178 2599 ob
1191 2535 1335 2623 culpam,

271 2639 350 2703 alios
365 2663 423 2728 pcr
438 2640 655 2728 suspicionem
672 2639 884 2720 interficeret,
903 2638 1053 2702 omnium
1064 2661 1083 2700 a
1099 2659 1135 2700 se
1149 2638 1273 2701 amicos
1287 2653 1337 2700 tae-

272 2739 327 2804 dio
344 2756 377 2803 et
393 2755 484 2803 metu
499 2740 698 2804 abalienavit.
712 2741 817 2804 Etiam
833 2740 1033 2823 Pharnaces,
1049 2737 1191 2802 filiorum
1211 2739 1337 2802 adeam

272 2837 358 2904 diem
381 2840 669 2922 honoratissimus,
687 2859 719 2907 et
741 2864 825 2929 saepe
842 2839 1022 2905 declaratus
1042 2841 1136 2929 regni
1154 2862 1335 2918 successor,

271 2940 338 3004 sive
362 2942 495 3006 fratrum
519 2944 701 3007 occisorum
721 2941 852 3024 dolore,
875 2942 942 3006 sive
967 2941 1029 3006 sibi
1049 2941 1188 3021 timens,
1207 2942 1337 3006 insidias

270 3057 395 3106 struere
412 3045 482 3107 seni
501 3045 612 3132 coepit,
629 3046 819 3133 priusquam
835 3043 1029 3108 destinatam
1041 3043 1075 3105 in
1092 3042 1191 3106 Italos
1205 3042 1336 3131 expedi·

271 3144 394 3209 tionem
415 3146 606 3210 inchoasset.
626 3147 709 3212 Nam
732 3145 767 3209 id
789 3146 856 3209 ubi¹
869 3162 953 3209 esset
976 3146 1116 3219 factum,
1140 3165 1277 3208 omnem
1298 3145 1339 3208 ab

270 3246 425 3310 Romanis
444 3248 573 3336 praecidi
591 3271 681 3336 spem
702 3248 804 3313 venite
825 3247 1044 3327 existimabat,
1063 3267 1171 3333 neque
1189 3244 1232 3308 ad
1249 3268 1285 3308 se
1301 3267 1338 3306 ex

272 3347 389 3433 opibus
406 3350 547 3437 paternis
564 3350 752 3438 quidquam
762 3372 831 3414 esse
849 3364 1094 3438 perventurum.
1340 3405 1343 3414 .

315 3449 431 3513 XLIX.
449 3451 524 3516 Nou
541 3451 691 3532 deerant,
708 3453 766 3539 qui
786 3451 856 3514 haec
870 3450 1029 3514 referrent
1045 3446 1087 3511 ad
1104 3468 1236 3535 regem;
1253 3446 1336 3510 mul-

272 3561 323 3610 tos
337 3549 424 3612 enim
441 3549 508 3615 filio
522 3567 652 3639 apertos
668 3552 951 3638 clandestinosque
964 3547 1115 3613 custodes
1131 3563 1337 3636 apposuerat.

270 3649 503 3738 Comprehensi
526 3653 627 3742 igitur
648 3655 855 3717 consciorum
877 3651 1046 3732 nonnulli,
1065 3649 1211 3736 tortique
1233 3666 1333 3712 sunt:

272 3773 332 3815 nec
348 3750 517 3818 dubitabat
538 3779 592 3818 rex
612 3755 835 3819 insidiatorem
859 3754 988 3835 tollere,
1010 3752 1071 3816 nisi
1094 3751 1333 3840 Menophancs,

305 3981 434 4046 sxtvu.
445 3985 553 4050 Appiau.
563 3983 677 4033 uirtus.
691 4013 727 4022 —
743 3985 796 4036 Cic.
810 3985 842 4032 dc
855 3987 929 4034 Prov.
938 3984 1041 4034 Consul·
1052 3998 1106 4046 cap.
1118 3997 1164 4041 rt,
1175 3993 1201 4029 et
1211 3980 1243 4028 ad
1259 3982 1331 4028 attic.

272 4066 299 4121 1,
314 4066 354 4112 rt.
364 4067 473 4115 -Vstt
487 4070 527 4128 11,
542 4076 583 4124 to.
600 4095 635 4106 -
653 4068 711 4116 oto.
732 4095 768 4105 -
784 4067 928 4132 §nvnc
939 4069 1044 4132 Καίτοι).
1060 4093 1095 4104 -
1106 4067 1180 4114 Oros.
1189 4067 1241 4122 vt,
1257 4065 1280 4112 ⁵.
1297 4087 1332 4099 ·-

270 4147 377 4212 Appian.
390 4177 426 4189 -
435 4151 491 4200 Dio.
503 4177 538 4190 -
548 4152 601 4201 Lis.
615 4152 681 4217 Epir.
695 4179 730 4190 -
743 4153 809 4201 Plus.
858 4203 862 4212 ,
