2875 4900
304 391 373 463 358
476 398 542 466 JO.
568 397 908 467 FREINSHEMII
940 397 1183 466 SUPPLEM.

302 516 339 577 C.
354 516 550 604 Calpurnius
572 517 648 582 PIso
672 519 878 582 consulatum
903 533 1071 606 gererent,
1096 515 1288 582 Mithridates
1310 515 1344 578 ad
1395 563 1396 570 .

302 616 459 698 Gaziura,
476 633 619 683 veterem
636 619 733 682 Ponti
753 620 891 709 regiam,
914 619 1024 684 castris
1044 619 1168 683 Triario
1188 617 1345 706 oppositis,

301 719 465 782 Romanos
488 741 632 809 pugnam
656 719 886 802 detrectantes,
910 736 981 784 tum
1005 719 1073 784 aliis
1097 720 1209 800 rebus,
1232 733 1296 782 tum
1317 717 1345 778 in

302 835 480 907 conspectu
493 843 608 884 eorum
622 821 804 885 exercendo
821 843 916 902 suos,
933 821 1148 910 provocabat5
1163 841 1241 908 quo,
1254 819 1347 908 prius·

300 943 399 1008 quam
424 922 578 986 Lucullus
599 920 806 1005 adventaret,
832 922 903 1004 his,
927 921 975 985 uti
998 921 1165 1011 sperabat,
1187 919 1346 1008 superatis,

299 1021 443 1108 recipere
455 1043 593 1111 regnum
608 1038 706 1110 atque
724 1025 924 1088 constituere
938 1038 1057 1110 posset.

345 1121 430 1186 XCI.
448 1124 576 1205 Quietis
591 1125 632 1189 ad
648 1125 718 1189 haec
735 1125 907 1206 Romanis,
923 1139 1047 1214 partem
1063 1125 1229 1212 copiarum
1242 1121 1281 1185 ad
1296 1143 1348 1208 op·

300 1221 476 1310 pugnanda
490 1224 616 1289 Dadasa
631 1228 736 1308 misit,
754 1249 820 1314 quo
837 1227 871 1290 in
886 1225 1016 1290 castello
1030 1225 1258 1313 impedimenta
1271 1243 1349 1286 exer·

302 1321 385 1386 citus
401 1323 522 1388 sciebat
539 1329 704 1393 asservari.
724 1329 801 1392 lIoec
822 1329 852 1392 ei
873 1327 956 1392 ratio
973 1328 1145 1415 processit,
1160 1327 1350 1411 invitumque

302 1421 420 1488 ducem
436 1445 614 1516 coegerunt
636 1429 753 1494 milites
775 1429 876 1510 exire,
900 1426 1087 1516 olfaceret,
1103 1429 1223 1516 irp'ussu
1237 1426 1298 1515 ejus
1314 1419 1352 1486 ad

301 1547 360 1588 sua
371 1525 573 1614 defendenda
587 1533 685 1595 ituros
700 1531 823 1596 minati.
838 1530 916 1611 Alii,
934 1551 1001 1617 quo
1015 1543 1089 1592 ante
1101 1528 1271 1605 Lucullum
1286 1545 1349 1589 cun

301 1647 378 1714 rege
391 1627 595 1718 confligeret,
612 1631 815 1720 gloriamque
828 1645 1008 1719 reportaret
1022 1629 1182 1710 victoriae,
1201 1626 1351 1691 festinasse

301 1727 478 1812 ‘hiarium,
493 1729 707 1798 tradiderunt.
718 1735 796 1816 Quo
808 1748 915 1797 tamen
926 1731 1049 1796 falleret
1056 1732 1202 1812 hostem,
1213 1751 1270 1818 per
1278 1743 1351 1790 tene·

302 1827 376 1892 bras
387 1831 568 1918 profectus,
581 1833 713 1920 jamque
731 1835 862 1898 castello
875 1832 1155 1922 appropinquans,
1170 1833 1205 1896 in
1217 1827 1351 1896 excubias

303 1930 387 2020 regis
404 1931 534 2015 incidit,
551 1935 649 2022 paulo
661 1934 791 2023 longius
809 1933 951 1998 millibus
967 1955 1120 2021 passuum
1135 1933 1239 1998 tribus
1254 1931 1292 1994 ab
1303 1949 1352 2014 op·

303 2032 380 2120 pido
391 2034 492 2117 Ziela,
514 2034 605 2122 quod
618 2035 798 2122 antiquitus
809 2035 1011 2123 persicorum
1023 2033 1161 2098 deorum
1177 2033 1267 2096 cultu
1281 2027 1353 2093 cele·

303 2133 377 2215 bre,
394 2134 436 2199 ab
449 2135 502 2198 illa
518 2135 609 2204 clade
616 2135 745 2218 Triarii,
763 2157 912 2226 magnam
929 2135 1081 2223 deinceps
1097 2135 1129 2198 in
1144 2133 1208 2199 illis
1224 2129 1353 2222 partibus

304 2235 503 2301 nobilitatem
521 2236 646 2301 babuit.

347 2337 448 2400 XCII.
464 2340 548 2401 Cum
565 2334 616 2401 his
634 2353 837 2403 contractum
852 2355 926 2404 ante
941 2341 1049 2403 lucem
1063 2353 1245 2418 certamen,
1264 2351 1353 2423 quum

302 2452 404 2501 totam
422 2438 713 2503 mithridaticarum
733 2439 850 2505 virium
868 2442 988 2504 molem
1007 2438 1205 2520 attraxisset3
1223 2435 1356 2503 multitu·

302 2536 379 2602 dine
391 2539 623 2623 Barbarorum,
637 2557 670 2606 et
680 2542 811 2607 initium
822 2543 965 2607 victtuiae
976 2540 1114 2605 faciente
1125 2562 1220 2631 rege,
1234 2540 1356 2605 circum·

302 2655 398 2703 venta
416 2642 639 2707 Romanorum
663 2643 747 2708 acies
770 2658 836 2720 cst,
856 2644 1017 2731 multique
1034 2642 1068 2707 in
1086 2642 1160 2707 loco
1186 2636 1355 2707 interfecti:

274 2777 282 2813 ι
304 2741 443 2824 multos,
461 2765 564 2829 quum
585 2745 619 2807 in
643 2766 775 2833 campos
800 2766 834 2809 se
851 2745 1065 2832 recepissent,
1084 2741 1207 2833 ignari,
1228 2735 1356 2807 fluminis

303 2858 429 2930 partem
453 2844 533 2933 (Iris
556 2868 671 2934 perca
693 2847 763 2913 loca
786 2845 923 2931 labitur)
948 2846 983 2909 in
1006 2867 1061 2909 eos
1083 2844 1260 2908 derivatam
1282 2860 1356 2915 esse,

303 2946 490 3034 compulsos
506 2947 540 3009 in
557 2969 718 3011 coenosam
733 2948 870 3028 fossam,
887 2946 963 3034 quia
975 2966 1156 3035 repugnare
1171 2938 1357 3032 lapsantibus

303 3047 446 3135 vestigiis
471 3048 665 3134 nequibant,
690 3049 826 3137 impunc
847 3047 963 3112 cecidit
985 3048 1098 3111 hostis.
1115 3045 1186 3110 Nec
1206 3042 1359 3131 effugisset

306 3146 496 3234 quisquam,
516 3149 578 3212 nisi
598 3165 848 3237 persequentem
869 3150 992 3237 equites
1013 3147 1237 3213 Mithridatem
1256 3156 1357 3209 centu·

304 3249 354 3308 n‘o
367 3270 540 3330 romanus,
554 3251 656 3313 atroci
671 3252 806 3315 vulnere
822 3251 856 3314 in
873 3250 980 3313 femur
996 3248 1124 3331 adacto,
1141 3249 1285 3313 stitissct.

348 3348 466 3413 XCIII.
486 3351 674 3439 Transfuga
694 3353 820 3415 romani
844 3351 932 3440 apud
952 3374 1061 3441 regem
1082 3350 1177 3415 multi
1196 3364 1307 3414 erant:
1327 3362 1359 3405 ex

304 3468 343 3533 eo
356 3470 475 3536 genere
488 3450 579 3515 hunc
591 3453 686 3515 etiarn
702 3474 788 3535 esse,
802 3453 891 3532 juxta
909 3474 1031 3539 equum
1048 3474 1145 3515 suum
1161 3450 1221 3516 diu
1236 3466 1359 3515 curren·

303 3561 369 3610 tem
379 3550 598 3638 conspicatus,
612 3552 809 3633 crediderat;
822 3550 939 3617 deinde
953 3574 987 3616 se
999 3553 1199 3640 praebuerat,
1215 3566 1360 3637 tanquam

304 3648 411 3713 dicere
428 3651 550 3739 aliquid
569 3654 723 3740 cupienti.
739 3653 915 3718 Percussor
928 3674 947 3717 e
962 3652 1098 3741 vestigio
1115 3653 1267 3717 concisus
1285 3662 1359 3712 esta

341 3881 357 3947 S
376 3882 430 3932 XC.
447 3885 478 3931 U.
499 3882 528 3931 C.
546 3884 612 3941 685;
632 3885 663 3932 Α.
677 3884 705 3933 C.
721 3886 764 3946 67.
787 3914 821 3923 -
844 3885 922 3935 Surb.
940 3884 984 3935 llb.
998 3885 1064 3945 nt,
1083 3902 1109 3950 p.
1128 3886 1188 3945 547.
1208 3912 1244 3923 -
1259 3884 1312 3932 Dio.
1332 3903 1361 3915 -·

302 3965 398 4031 3101.
414 3966 494 4016 strab.
508 3966 554 4015 lib.
569 3968 636 4025 111,
647 3984 674 4033 p.
688 3968 749 4029 ⁵59.
771 3996 806 4005 —
823 3970 931 4034 Applan.
949 3995 985 4005 -·
1002 3969 1067 4017 Plut.
1082 3968 1110 4017 in
1125 3968 1244 4027 Lucullo,
1259 3982 1311 4030 erp.
1325 3976 1360 4022 ¹7²·

303 4076 338 4087 ·-
352 4051 417 4099 llirt.
432 4049 463 4098 de
476 4050 504 4098 B.
519 4050 591 4100 Alex.
603 4066 658 4115 cap.
672 4066 717 4111 7¹·
734 4079 766 4089 -
784 4050 800 4115 5
816 4052 897 4101 xcn.
909 4050 989 4101 strab.
1003 4050 1047 4101 lib.
1060 4052 1123 4109 111,
1138 4068 1163 4117 p.
1180 4048 1241 4099 stt.
1257 4074 1291 4087 -
1306 4043 1361 4093 l'lib·

305 4134 354 4191 Vl,
372 4134 396 4181 3.
415 4160 450 4171 --
465 4134 574 4198 Appiam.
590 4161 625 4172 —
637 4134 694 4181 uto.
