2875 4900
311 380 376 452 108
475 384 542 453 JO.
570 370 911 455 FREINSHEMII
944 385 1192 455 SUPPLEM.

347 504 488 571 xxxn.
508 504 637 571 Pedites
655 528 762 594 quum
783 505 843 571 diu
857 506 1069 583 restitissent,
1085 520 1176 569 tanta
1191 502 1365 592 sagittario·

303 630 378 671 rum
389 606 579 695 pervicacia,
595 623 649 689 ut,
663 606 821 694 quoniam
835 606 1061 695 prementibus
1068 605 1223 671 Romanis
1232 606 1365 694 spatium

304 706 419 773 utendi
434 708 575 773 arcubus
592 730 660 772 non
676 708 858 791 habebant,
870 707 979 774 densis
996 708 1119 798 sagittis
1135 724 1290 795 tanquam
1302 708 1366 795 gla-

302 806 365 873 diis
380 810 532 875 cominus
548 810 685 874 ferirent
701 810 848 892 bostem,
866 811 953 875 intra
970 810 1090 875 vallum
1108 808 1269 898 compulsi
1282 822 1365 871 sunt.

302 910 345 975 At
356 911 392 974 L.
402 910 505 993 Sulla,
520 932 562 975 ne
576 911 696 976 iterum
706 911 894 977 Chalcidem
908 912 1091 976 elaberetur
1102 910 1291 993 Archelaus,
1304 932 1368 997 quo

302 1012 458 1099 prosequi
474 1034 551 1075 eum
568 1012 680 1101 inopia
697 1014 831 1079 navium
847 1013 1017 1102 nequiret,
1037 1028 1110 1098 toto
1126 1031 1243 1102 campo
1259 1012 1368 1077 statio·

302 1134 361 1177 nes
378 1128 554 1177 nocturnas
572 1112 753 1201 disposuit5
769 1112 904 1195 deinde,
922 1113 996 1177 luce
1011 1110 1153 1193 reddita,
1169 1111 1224 1175 vix
1238 1109 1280 1202 ad
1294 1131 1368 1173 cen·

303 1226 375 1275 tum
387 1234 405 1275 a
417 1213 528 1277 castris
539 1212 684 1297 huetium
698 1237 827 1302 passus,
843 1213 963 1279 fossam
978 1212 1080 1296 fodit,
1095 1228 1130 1276 et
1142 1229 1294 1303 maguam
1306 1233 1370 1275 ma·

299 1334 398 1391 num,
413 1337 485 1403 que
496 1314 539 1379 ad
551 1314 797 1404 prohibendum
808 1338 893 1404 opus
901 1331 1126 1406 procurreret,
1137 1317 1183 1379 ita
1194 1314 1321 1396 rejecit,
1334 1327 1371 1377 ut

300 1414 434 1504 reliquis
451 1417 539 1481 nulla
553 1416 706 1506 deinceps
719 1418 762 1483 ad
775 1416 1019 1508 erumpendum
1028 1416 1163 1481 audacia
1176 1430 1369 1504 superesset.

344 1518 502 1583 XXXIII.
521 1519 721 1582 Cohortatus
737 1518 838 1608 igitur
849 1519 1029 1583 exercitum
1041 1519 1146 1599 Sulla,
1160 1529 1198 1583 ut
1209 1516 1371 1581 adversum

299 1618 436 1708 trepides
448 1634 481 1683 et
492 1618 630 1686 imbelles
645 1623 743 1685 ermis
750 1624 878 1709 petitas,
893 1642 991 1710 quem
1000 1620 1157 1709 epen‘dus,
1168 1631 1372 1707 pugnarent,

300 1732 333 1781 et
347 1718 519 1801 convulsis,
535 1724 570 1785 irs
586 1744 667 1810 ques
684 1745 715 1786 se
730 1722 960 1803 condidissent,
977 1721 1123 1804 latebris,
1138 1720 1216 1785 belli
1227 1720 1372 1810 reliquias

301 1842 364 1885 terso
377 1822 495 1910 tirrpetu
502 1822 734 1911 profhgerent,·
751 1824 904 1911 protinus
918 1822 960 1888 ed
975 1822 1239 1912 oppugnandum
1251 1820 1372 1886 Arche·

176 2004 178 2013 y
300 1923 341 1987 lai
353 1924 474 1989 vallum
494 1923 598 1989 duxit.
612 1926 730 2013 Neque
746 1925 827 2015 regii
841 1924 986 2013 preelecti
1002 1924 1171 1989 stimulare
1186 1944 1267 1987 suos
1278 1921 1372 1985 omit·

299 2023 431 2108 tebant3
455 2022 557 2089 modo
580 2023 750 2090 dedecoris
774 2024 1053 2116 magnitudinem,
1074 2024 1101 2089 si
1119 2025 1233 2114 plures
1253 2046 1273 2093 a
1295 2045 1373 2113 pau·

298 2126 442 2191 cioribus
461 2149 503 2191 ne
520 2128 555 2191 in
578 2127 794 2192 munimentis
809 2126 944 2215 quidem
962 2148 997 2190 se
1015 2124 1251 2206 defenderent,
1274 2121 1373 2188 modo

296 2228 442 2310 nullam,
468 2228 530 2292 nisi
552 2228 587 2293 in
609 2230 729 2311 armis,
751 2252 843 2318 spem
866 2229 977 2294 salutis
1003 2226 1227 2293 ostendentes.
1251 2226 1373 2315 Magno

298 2326 400 2417 igitur
422 2329 563 2393 clnmore
583 2345 617 2395 et
637 2330 764 2418 impetu
783 2352 836 2397 res
856 2332 1013 2419 utrinque
1030 2330 1231 2420 gerebatur:
1245 2345 1280 2395 et
1300 2328 1373 2392 lieet

297 2428 454 2512 Romani,
477 2430 642 2496 testudine
664 2430 764 2514 lacta,
786 2448 912 2522 partem
931 2432 1007 2497 valli
1028 2431 1248 2514 subruerent,
1274 2429 1374 2496 densa

297 2545 408 2594 tamen
424 2532 640 2598 Barbarorum
657 2533 742 2599 acies
756 2535 876 2600 strictis
895 2535 1008 2625 gladiis
1025 2534 1213 2601 deterrebat
1229 2536 1373 2624 irruptu-

194 2721 201 2730 μ
297 2653 371 2715 ros;
389 2631 495 2698 donec
505 2634 630 2700 basilus
646 2634 801 2701 tribunus
817 2636 954 2726 legionis
967 2636 1093 2726 primus
1104 2637 1261 2701 omniurn
1273 2651 1375 2700 nane

296 2733 443 2818 recudit,
467 2752 514 2818 et,
540 2737 635 2802 hoste
657 2759 759 2819 oaeso,
784 2740 970 2827 exemplum
993 2737 1127 2826 reliquis
1150 2739 1310 2826 viamque
1333 2734 1374 2802 ad

294 2837 548 2928 irrumpendum
563 2839 664 2904 dedit.

339 2941 493 3006 XXXIV.
513 2940 567 3006 Sic
584 2955 769 3032 expugnata
788 2954 867 3005 suut
889 2939 1037 3005 Archelai
1055 2941 1097 3006 ad
1117 2939 1373 3004 Orchomenum

295 3057 419 3128 castra3
446 3057 536 3107 tanta
557 3043 677 3108 iterum
698 3042 804 3126 ooede,
827 3057 866 3106 ut
890 3043 1047 3134 sanguiue
1067 3041 1205 3132 paludes
1226 3043 1374 3120 infecte,

295 3157 514 3232 stagnumque
532 3144 567 3208 in
586 3144 738 3233 proximo
757 3144 967 3209 cadaveribus
982 3144 1154 3232 oppletum
1172 3145 1374 3210 referantur.

296 3242 419 3331 Viginti
438 3244 538 3308 millia
552 3245 744 3327 bominum,
762 3247 798 3310 in
811 3245 948 3334 paludes
963 3246 1146 3332 compulsa,
1168 3269 1282 3334 quum
1299 3265 1374 3334 pse·

294 3365 347 3407 ces
358 3343 538 3410 victoribus
555 3368 624 3409 non
641 3347 821 3412 intellectas
835 3347 1030 3428 funderent,
1050 3346 1265 3413 inexorabilis
1279 3346 1375 3412 Sullae

294 3443 467 3509 crudelitas
480 3445 609 3511 delevit.
619 3446 772 3512 Totidem
785 3449 846 3512 alia
855 3449 890 3511 in
900 3445 1036 3512 llumine
1046 3447 1182 3537 periisse
1191 3447 1375 3526 dicuntur;

293 3559 412 3634 praeter
431 3567 506 3628 eos,
532 3547 590 3635 qui
612 3547 647 3610 in
670 3551 783 3612 castus
800 3563 834 3613 et
855 3549 940 3614 cirea
957 3549 1077 3637 passim
1097 3563 1178 3612 sunt
1203 3547 1376 3614 trucidati.

293 3647 469 3713 Archelaus
494 3663 603 3712 tamen
630 3650 731 3714 evasit
754 3648 950 3732 discrimen,
973 3649 1131 3738 paludum
1153 3649 1296 3716 latebris
1317 3671 1377 3739 per

293 3747 433 3814 biduum
456 3751 663 3833 oocultatus;
685 3753 784 3816 tertio
805 3751 940 3818 demum
961 3751 1015 3817 die
1032 3751 1220 3818 naviculam
1240 3768 1378 3832 nactus,

293 3875 359 3940 qua
378 3851 565 3917 Chalcidem
587 3853 757 3934 trajiceret.
776 3855 829 3920 Ibi
849 3853 1012 3944 quidquid
1036 3877 1176 3942 usquam
1204 3857 1376 3946 regiarum

328 4068 471 4134 §uxil-
487 4068 594 4134 Appisu.
613 4095 649 4108 -·
667 4069 791 4121 Plutarch.
809 4097 844 4110 —·
864 4071 883 4138 s
900 4071 1027 4121 mm.
1047 4071 1173 4121 numen.
1192 4099 1233 4110 —
1248 4073 1328 4123 Oros.
1342 4097 1378 4110 -

294 4151 401 4218 Appitn.
416 4181 451 4192 ·-
462 4155 566 4218 llutrop.
