2875 4900
252 334 325 420 634
428 340 497 407 JO.
525 337 863 411 FREINSHEMII
893 342 1140 411 SUPPLEM.

252 478 357 544 quum
373 455 422 521 illi
438 457 650 523 nihilominus
667 458 740 523 loco
756 482 791 525 se
806 482 868 525 suo
885 476 1050 542 tenerent,
1067 477 1102 525 et
1113 478 1231 549 praeter
1242 464 1324 527 levia

253 558 429 623 certamina
440 557 531 624 fieret
544 560 645 641 nihil;
662 560 738 648 quia
748 584 859 649 neque
870 578 974 626 castra
984 562 1129 627 hostium
1139 568 1325 653 oppugnari

252 658 324 723 sine
346 658 488 725 maximo
512 659 678 746 periculo,
703 683 812 749 neque
836 662 1065 727 circumveniri
1083 687 1103 727 a
1121 678 1189 727 tarn
1211 668 1324 753 pauc‘ss

252 776 422 847 poterant,
445 762 480 825 C.
507 761 709 826 Trebonium
732 784 811 827 eum
836 764 942 829 tribus
965 764 1148 854 legionibus
1171 769 1323 848 arcessit,

253 884 475 951 magnumque
491 863 656 934 socios-usn
669 862 852 951 equitatum
866 880 995 946 erooet,
1012 886 1112 953 quern
1124 865 1326 953 pabulatori-

253 964 316 1027 bus
333 963 484 1051 praesidio
502 964 655 1029 mitteret.

297 1064 391 1133 XIII.
410 1065 459 1127 Ex
480 1086 520 1128 eo
539 1086 681 1131 nurnero
697 1065 839 1147 Rhemi,
854 1064 1099 1152 Bellovacorum
1114 1065 1241 1131 insidiis
1262 1069 1325 1131 cir·

254 1164 441 1245 cumventi,
460 1164 684 1231 Vertisconent
705 1167 888 1255 principem
916 1167 1075 1248 civitatis,
1103 1168 1327 1257 eumdemque

254 1267 442 1354 praefectum
459 1266 626 1353 equitum,
642 1290 718 1332 cum
735 1290 853 1357 taragna
868 1266 1079 1332 multitudine
1095 1290 1233 1332 suorum
1246 1270 1327 1333 ami·

254 1382 377 1432 serunt.
397 1366 545 1433 Vicissim
565 1385 675 1434 tamen
692 1370 850 1434 &duraci
872 1392 891 1433 a
906 1369 1068 1459 germanis
1080 1370 1248 1458 equitibus
1264 1370 1326 1435 lusi

254 1466 440 1557 fugatique,
458 1492 561 1555 quum
575 1470 676 1535 etiarn
696 1470 851 1536 accedere
868 1493 945 1535 cum
965 1471 1059 1535 noris
1074 1472 1176 1563 copiis
1189 1475 1227 1536 C.
1244 1472 1327 1536 Tre·

253 1567 394 1633 borium
412 1570 554 1659 legatum
575 1573 822 1661 cognovissent,
842 1570 1004 1659 trepidare
1024 1588 1214 1661 ooepemnt3
1232 1588 1268 1637 et
1286 1596 1329 1637 ne

258 1692 326 1735 uno
349 1672 422 1735 loco
440 1672 566 1737 inclusa
587 1673 834 1739 innumerabilis
855 1673 1034 1738 multitudo
1056 1675 1142 1739 fame
1160 1674 1326 1755 interiret,

257 1770 418 1860 quidquid
434 1788 546 1855 etate,
563 1774 775 1857 assuitibus,
791 1774 936 1857 fessum,
953 1789 1010 1837 ant
1025 1775 1123 1838 armis
1139 1796 1260 1863 parum
1277 1776 1327 1837 in·

257 1888 418 1938 strucmm
441 1874 574 1956 aderat,
601 1898 677 1939 cum
698 1894 790 1963 parte
812 1875 1123 1964 impedimentorum
1143 1890 1329 1939 statuerunt

259 1971 432 2039 dimittere.
450 1974 513 2039 Sed
526 1977 647 2057 Ceasar,
660 1974 885 2041 animadverso
896 1977 1042 2040 hostium
1053 1976 1191 2041 oonsilio
1201 2024 1211 2058 ,
1223 1976 1268 2040 ad
1280 1977 1329 2040 in·

260 2074 465 2161 sequendum
482 2076 688 2164 separabat:
706 2078 784 2141 huic
798 2079 845 2141 rei
863 2094 901 2141 ut
916 2100 1041 2141 moram
1057 2076 1214 2142 afferrent
1232 2078 1328 2158 Gelli,

261 2178 482 2266 tutioremque
500 2178 568 2243 suis
589 2178 767 2253 discessum
789 2181 992 2268 praeberent,
1013 2179 1187 2243 instructas
1213 2195 1247 2243 et
1269 2180 1329 2268 ipsi

262 2280 370 2367 copias
384 2302 445 2367 pro
461 2281 571 2345 castris
585 2280 810 2345 ostenderunt.

306 2381 395 2444 XIV.
419 2380 547 2445 Idcirco
569 2383 696 2463 Caesar,
724 2404 784 2470 per
804 2379 946 2445 diflicilia
968 2380 1041 2444 loca
1068 2380 1135 2443 suis
1157 2378 1192 2441 in
1214 2377 1327 2466 jugum

264 2481 385 2544 montis
401 2482 615 2564 transductis,
638 2482 728 2546 unde
747 2484 810 2548 tela
825 2474 1068 2547 tormentorum
1091 2479 1278 2569 pertingere
1290 2477 1328 2541 ad

264 2583 410 2648 hostium
423 2605 485 2648 cun
490 2605 545 2648 eos
556 2600 705 2673 possent,
719 2599 822 2648 castra
834 2584 956 2648 ibidem
970 2582 1090 2672 posuit.
1103 2583 1147 2644 At
1158 2579 1329 2657 Bellovaci,

264 2706 369 2771 quum
383 2708 490 2773 neqtoe
506 2684 672 2751 discedere
685 2685 861 2766 auderent,
878 2684 977 2750 vicini
989 2683 1092 2747 hostis
1105 2697 1213 2764 metu,
1226 2701 1331 2768 neque

265 2785 388 2850 diutius
405 2809 594 2874 permanere
609 2788 680 2851 sine
696 2787 824 2851 cibariis
839 2802 989 2875 possent,
1007 2786 1140 2873 plenum
1154 2781 1332 2847 calliditatis

263 2889 437 2952 consilium
453 2888 607 2976 capiunt.
638 2889 712 2952 Mos
739 2904 808 2952 erat
831 2888 1019 2968 Gallorum,
1051 2886 1150 2950 utin
1173 2886 1243 2948 acie
1267 2906 1331 2948 nnn

263 3006 385 3054 surrent
402 2990 572 3070 instructi,
595 2989 653 3054 sed
670 2989 846 3072 sederent,
868 3011 938 3077 qno
959 2991 1069 3052 minus
1091 3001 1169 3050 ante
1188 2985 1332 3074 praeliurn

264 3092 348 3156 vires
361 3109 642 3157 consumerentur.
655 3093 742 3156 Tum
752 3093 848 3154 etiam
861 3093 962 3155 fasces
974 3105 1229 3154 stramentorum
1239 3103 1335 3174 atque

221 3257 225 3268 ,
266 3195 501 3283 virgultorum,
526 3216 671 3282 quorum
691 3215 820 3256 summa
846 3206 915 3256 erat
938 3191 978 3255 iis
1001 3193 1117 3278 copia,
1142 3189 1334 3264 effecerant,

266 3295 388 3383 quibus
403 3295 582 3359 insiderent
595 3317 603 3359 :
618 3295 679 3360 hos
689 3316 750 3381 per
763 3315 879 3358 manus
891 3294 978 3357 inter
990 3313 1025 3356 se
1037 3290 1173 3356 traditos
1186 3305 1265 3354 ante
1277 3289 1337 3377 pri·

267 3417 353 3458 mam
371 3395 472 3459 aciem
488 3410 738 3476 coacervarunt,
758 3411 792 3458 et
807 3394 869 3459 sub
885 3415 1054 3482 vesperam
1069 3389 1154 3472 diei,
1170 3413 1243 3478 quo
1258 3407 1338 3454 tern-

267 3519 348 3586 pore
364 3519 398 3560 se
418 3497 579 3586 recepturi
598 3512 705 3578 erant,
728 3497 825 3561 simul
842 3497 884 3561 ab
906 3495 998 3560 omni
1015 3494 1090 3558 loco
1107 3492 1336 3558 incenderunt.

312 3599 385 3664 XV.
403 3599 516 3681 Quum
532 3599 678 3664 sublatus
695 3599 856 3664 maximus
870 3598 954 3687 iguis
976 3611 1077 3676 esset,
1092 3596 1186 3682 isque
1201 3613 1338 3680 eonspe-

187 3686 191 3694 ’
268 3717 360 3765 ctum
374 3700 540 3766 Gallorum
556 3701 672 3766 Caesari
683 3700 858 3782 adimeret,
872 3700 926 3763 ille
939 3715 1065 3779 tamen,
1076 3694 1159 3784 qnid
1172 3709 1337 3783 agerenrr,

196 3823 201 3836 '
268 3802 390 3867 sollerti
412 3801 599 3882 conjectura
625 3803 866 3890 assequebatur.
889 3799 955 3866 Sed
977 3799 1128 3888 persequi
1151 3797 1336 3884 fugientes,

269 3921 362 3970 tanto
379 3903 507 3986 objecto
521 3903 691 3984 incendio,
707 3927 776 3971 non
786 3921 930 3992 poterat3
947 3920 996 3984 et,
1014 3925 1057 3968 ne
1069 3901 1154 3966 lorte
1168 3897 1286 3964 alicubi
1300 3896 1332 3956 in

307 4105 324 4173 s
336 4107 394 4152 XII.
408 4105 540 4164 Oroavl,
554 4101 706 4154 11.·-Din.
718 4130 753 4139 -
768 4103 832 4168 fflfl·
