2875 4900
269 415 332 497 ida
440 413 874 485 Jo.FaE1NsaEM11
906 412 1149 481 SUPPLEM.

305 532 378 598 VII.
401 532 471 597 Nec
493 532 674 597 omittenda
692 532 738 597 M.
756 530 902 596 Castricii
925 530 1104 596 Placentini
1126 534 1325 611 constantia,

261 633 318 722 qui
328 635 412 698 Ibrte
421 634 642 725 magistratum
656 633 689 696 in
701 634 802 721 patria
815 633 962 722 gerebat,
976 655 1079 720 quum
1091 656 1130 698 eo
1140 636 1254 699 consul
1268 636 1326 698 ob·

261 734 345 799 sides
362 751 553 824 accepturus
570 734 639 823 ipse
651 735 749 798 venit.
763 733 826 797 Sed
838 734 977 823 petenti,
995 733 1159 799 decretum
1178 758 1215 799 ea
1232 735 1274 800 de
1289 760 1325 801 rc

261 834 348 917 fieri,
365 834 536 900 Castricius
558 857 665 922 neque
683 857 803 899 nomen
825 836 983 917 consulis,
999 858 1107 924 neque
1123 858 1230 901 mores
1247 839 1325 902 Car-

260 936 373 1019 bonis,
389 958 430 999 ne
443 936 584 1025 legiones
599 934 750 1023 quidem,
765 958 845 1024 quas
856 935 1050 1018 adduxerat,
1061 937 1200 1019 veritus,
1213 960 1326 1026 perne·

260 1037 367 1127 gavit:
386 1058 555 1125 quumque
571 1036 672 1100 iratus
684 1036 791 1101 Carbo
802 1035 950 1117 dixisset,
966 1068 980 1092 ι
990 1038 1111 1101 Multos
1125 1058 1186 1127 ego
1200 1036 1324 1127 gladios

259 1136 387 1199 «habeo
400 1166 429 1216 n,
443 1136 526 1200 nihil
540 1152 691 1200 conlatus
705 1136 859 1219 subjecit,
870 1168 883 1194 ι
892 1138 935 1202 Et
948 1160 1008 1227 ego
1019 1160 1121 1202 annos
1132 1171 1154 1203 ι.
1168 1139 1221 1203 Sic
1232 1154 1264 1203 et
1275 1140 1326 1203 in-

259 1253 391 1327 ceptum
405 1236 562 1302 Carbonis
578 1237 706 1301 irritum
717 1237 796 1318 fuit3
812 1255 846 1302 et
856 1238 919 1319 ira,
935 1239 1044 1328 magni
1056 1238 1175 1303 doloris
1189 1255 1323 1304 tenuem

259 1360 278 1402 e
294 1336 386 1401 senili
400 1337 556 1427 sanguine
569 1336 744 1401 vindictam
766 1354 950 1425 aspernata,
970 1339 1143 1405 detumuit.
1160 1342 1323 1428 Depulsus

258 1437 320 1501 hac
344 1460 400 1524 spe
427 1437 559 1519 consul,
582 1460 624 1501 ne
649 1437 731 1501 nihil
750 1438 931 1503 obtinuisse
951 1439 1132 1521 rideretur,
1154 1439 1196 1505 ad
1219 1464 1323 1505 novos

258 1537 342 1601 cives
367 1535 601 1624 libertinosque
623 1538 747 1601 recenti
771 1538 930 1605 beneficio
954 1542 1074 1605 arctius
1098 1541 1323 1631 adjungendos

258 1638 417 1703 convertit
434 1636 599 1721 animam3
619 1638 810 1727 effecitque,
826 1656 864 1731 ut
880 1640 943 1705 illis
962 1642 1172 1731 minagium,
1194 1665 1259 1730 qua
1279 1642 1324 1707 de

257 1762 292 1804 re
308 1754 466 1803 certatum
482 1740 578 1803 toties
591 1738 716 1822 fuerat,
736 1742 1016 1807 senatusconsulto
1032 1741 1172 1808 daretur.
1233 1760 1237 1764 ’

301 1840 392 1906 VIII.
415 1841 484 1905 Sub
504 1839 537 1905 id
558 1856 688 1928 tempus
706 1840 846 1904 Africam
867 1865 999 1930 quoque
1022 1844 1200 1931 inquietam
1220 1844 1323 1908 civilis

258 1942 333 2007 belli
345 1941 492 2029 quasdam
511 1941 601 2005 initia
614 1940 812 2007 habuerunt.
829 1944 869 2025 Q.
879 1943 1027 2008 Metellus
1037 1944 1129 2026 Pius,
1144 1945 1202 2033 qui
1215 1960 1323 2033 partes

257 2044 461 2133 optimatium
480 2057 637 2131 sequutus
658 2034 741 2126 era't,
762 2043 851 2108 baud
874 2044 1128 2109 contemnendas
1148 2047 1193 2110 ibi
1212 2048 1322 2136 ¹copias

256 2146 413 2228 habebat,
427 2168 445 2209 a
461 2144 528 2209 suis
545 2160 578 2209 et
590 2144 689 2234 patris
704 2143 871 2210 Numidici
888 2145 1058 2210 clientibus
1074 2146 1162 2210 haud
1178 2148 1324 2237 segniter

255 2247 394 2328 adjutus.
410 2250 596 2313 Accesserat
610 2246 656 2310 M.
668 2246 803 2309 Crassus
816 2244 1020 2330 adolescens,
1036 2248 1094 2336 qui
1113 2248 1198 2311 inter
1211 2249 1323 2313 cinna-

256 2371 330 2412 nam
347 2348 588 2434 marianamque
605 2345 746 2428 rabiem,
766 2368 831 2435 qua
851 2363 943 2435 pater
966 2347 1035 2427 ejus
1057 2348 1218 2436 fraterque
1241 2366 1322 2414 sunt

255 2449 436 2537 absumpti,
452 2449 486 2511 in
504 2446 691 2537 Hispaniam
711 2446 855 2536 elapsus,
873 2449 984 2513 multis
1001 2450 1167 2514 mensibus
1185 2451 1221 2514 ia
1243 2473 1321 2540 spe-

256 2552 350 2614 lunca
374 2548 512 2638 quadam
536 2549 681 2613 latuerat.
704 2549 753 2631 Is,
778 2549 911 2639 cognito
929 2549 1042 2615 Cinnae
1065 2551 1217 2633 interitu,
1239 2575 1322 2640 pro-

255 2673 383 2740 gressus
396 2650 429 2713 in
442 2651 569 2730 lucem,
582 2649 855 2714 concurrentibus
868 2648 908 2714 ad
918 2673 992 2714 eum
1002 2651 1129 2735 multis,
1144 2651 1321 2716 hominum

255 2751 323 2817 duo
338 2751 435 2816 millia
449 2751 644 2840 quingentos
661 2767 858 2833 armaverat,
871 2767 905 2816 et
920 2751 1062 2818 civitates
1079 2752 1210 2846 obiens,
1227 2754 1322 2840 quod

255 2877 331 2920 cum
354 2867 445 2942 patre
462 2866 600 2940 praetore
620 2852 742 2914 multos
757 2867 832 2915 ante
848 2873 950 2916 annos
969 2853 1002 2916 in
1022 2853 1176 2942 Hispania
1192 2853 1320 2937 fuerat,

255 2955 423 3043 hospitum
439 2955 685 3039 amicorumque
700 2951 883 3016 voluntates
900 2953 1134 3041 experiebatur.

298 3057 356 3122 lx.
374 3056 465 3120 Inter
479 3054 548 3117 haec
560 3076 663 3141 quum
678 3051 719 3117 de
731 3053 861 3117 Metello
873 3053 1031 3137 audisset,
1051 3077 1146 3119 naves
1164 3055 1318 3144 adeptus,

254 3155 296 3220 ad
314 3179 390 3220 eum
410 3156 443 3218 in
459 3153 601 3220 Africam
621 3153 754 3234 trajecit.
778 3153 841 3219 Sed
859 3155 920 3218 illas
934 3155 1095 3220 bellorum
1112 3157 1224 3239 minae,
1245 3173 1321 3223 taa-

255 3280 353 3344 quam
375 3257 544 3320 nubeculae
560 3255 630 3320 sine
646 3271 836 3344 tempestate
853 3257 1060 3323 transierunt.
1077 3259 1146 3322 Nec
1161 3258 1321 3325 diuturna

255 3359 340 3422 inter
349 3357 517 3422 Metellum
531 3359 749 3444 Crassumque
766 3355 939 3420 concordia
954 3358 1035 3440 fuit3
1052 3359 1229 3447 relictoque
1242 3360 1318 3442 illo,

254 3457 296 3524 ad
320 3457 440 3522 Sullam
467 3455 653 3521 adolescens
677 3456 842 3544 profectus
866 3473 933 3540 est;
955 3457 1122 3522 Metellum
1148 3461 1183 3524 C.
1198 3461 1319 3526 Fabius

253 3575 371 3649 praetor
386 3557 508 3646 expulit
519 3557 643 3638 Africa,
660 3579 858 3646 rursumque
872 3557 912 3656 ad
926 3558 1076 3648 pristinas
1092 3560 1127 3650 in
1143 3561 1319 3650 Liguribus

252 3661 388 3727 latebras
409 3658 543 3738 reverti,
559 3655 802 3745 adventumque
819 3659 914 3723 Sullas
934 3661 1075 3749 opperiri
1095 3663 1211 3751 coegit.
1225 3665 1267 3726 At
1281 3664 1317 3727 in

253 3764 358 3843 Urbe,
370 3761 406 3824 L.
415 3758 567 3824 Cornelio
578 3757 744 3846 Scipione,
756 3760 793 3823 C.
806 3759 962 3824 Norbano
976 3754 1182 3843 consulibus,
1196 3761 1322 3826 Carbo·

253 3867 302 3930 nis
316 3861 413 3927 factio
427 3859 641 3946 marianaeque
657 3875 762 3946 partes
774 3863 1091 3928 senatusconsultum
1105 3861 1268 3944 fecerunt,
1282 3882 1321 3929 ut

250 3987 354 4031 omnes
368 3964 478 4052 abiqae
492 3963 648 4024 exerct'ttu
660 3961 911 4025 admitterentur:
923 3962 1014 4050 quod
1030 3963 1058 4026 si
1074 3979 1158 4028 esset
1173 3966 1317 4046 factum,

284 4160 300 4226 s
312 4160 369 4208 vn.
380 4155 433 4207 val.
445 4157 567 4212 Max.VI‚
582 4171 611 4214 a,
632 4171 669 4202 to.
683 4154 741 4219 -S
754 4156 824 4204 VIII.
835 4157 888 4203 Liv.
903 4157 967 4222 Epir.
984 4186 1018 4194 -
1031 4158 1096 4208 atur.
1107 4159 1244 4218 incusso,
1254 4179 1277 4210 c.
1289 4179 1317 4225 9.
