2875 4900
278 376 343 453 rba
449 378 879 451 JO.FRE1NSHEMII
907 380 1152 451 SUPPLEM.

271 501 421 591 appulso,
437 499 610 587 statimque
621 496 812 564 sacrificanti
820 500 912 580 jecur
921 500 1106 588 apparuisse
1116 498 1196 563 dicit
1205 520 1339 563 corones

272 603 391 693 figura,
407 599 795 689 lemnisoorumqueinde
811 599 1079 689 dependentium.
1090 598 1205 689 Quum
1217 599 1339 666 deinde

271 727 330 793 per
340 703 519 768 Calabriam
529 701 765 790 Apuliamque,
782 725 858 767 oum
871 701 1027 790 singulari
1040 700 1197 766 modestia
1214 702 1339 765 exerti·

272 822 344 885 tus,
360 821 397 869 ut
415 825 482 867 non
496 802 685 867 hominibus
700 818 830 867 tantum
842 802 1056 892 oppidisque,
1071 800 1130 866 sed
1143 801 1240 867 etiam
1250 802 1337 891 agris

274 920 308 971 et
320 904 468 995 frugibus
480 920 683 992 parceretur,
700 902 735 966 in
746 904 955 993 Campaniam
969 900 1198 985 contenderet,
1212 902 1255 983 Q.
1265 900 1338 967 tte-

274 1002 458 1070 tellus'cum
478 1005 544 1069 suis
564 1003 665 1092 copiis
686 1003 721 1067 in
742 1003 858 1068 itinere
872 1002 915 1067 ad
930 1024 1007 1067 eum
1024 1000 1129 1084 venit3
1148 1000 1282 1088 duoque
1300 1000 1338 1064 bi

272 1106 483 1193 imperatores
496 1102 766 1191 proconsulibus,
781 1104 909 1170 bonore
921 1103 1048 1190 potius,
1064 1123 1161 1189 quam
1177 1116 1339 1189 potestate
1372 1188 1375 1192 ἵ

272 1206 357 1295 pari,
374 1228 425 1271 res
443 1204 668 1271 administrare
680 1220 863 1293 coeperunt.
938 1231 942 1237 ·

316 1305 359 1370 11.
378 1305 504 1395 Lagaris
521 1304 640 1369 deinde
658 1303 824 1369 mittendis
846 1304 967 1368 itemm
986 1318 1109 1367 tentata
1132 1323 1206 1390 spes
1227 1301 1337 1390 pacis,

270 1404 428 1493 justaeque
445 1404 648 1471 conditiones
663 1406 856 1494 propositae3
872 1403 930 1469 sed
942 1403 1067 1470 violatis
1078 1427 1098 1467 a
1108 1401 1242 1467 consule
1253 1403 1340 1468 Non

272 1504 359 1570 bano
376 1505 505 1595 legatis,
519 1522 628 1571 tantus
641 1504 740 1569 ardor
751 1505 959 1570 Sullanorum
975 1503 1058 1585 fuit,
1075 1520 1129 1586 ut,
1144 1503 1337 1592 priusquam
1406 1555 1411 1568 .

273 1602 415 1669 ordinari
434 1606 516 1672 acies
532 1622 659 1694 posset,
678 1605 852 1694 lymphatis
870 1605 991 1669 similes
1008 1606 1043 1669 in
1062 1605 1189 1670 hostem
1207 1604 1337 1692 impetu

273 1704 487 1770 incurrerent.
505 1708 541 1770 C.
550 1705 726 1769 Norbanus
739 1706 854 1770 consul
871 1728 947 1769 cnm
964 1708 1000 1769 C.
1010 1705 1115 1769 Mario
1130 1703 1340 1769 adolescente

274 1827 406 1894 magnas
423 1806 531 1894 copias
547 1806 633 1871 inter
644 1808 787 1893 Capuam
801 1822 835 1870 et
843 1806 1019 1869 Casilinum
1029 1806 1194 1870 Vulturno
1206 1805 1339 1869 assitam

274 1906 434 1973 coloniam
457 1907 616 1989 habebat,
640 1930 708 1995 quo
730 1908 804 1971 loco
827 1908 924 1994 paulo
949 1923 1123 1995 antequam
1147 1907 1181 1970 in
1209 1907 1339 1970 ltaliam

273 2008 360 2073 Sulla
376 2006 635 2088 transcenderet,
651 2007 724 2071 duae
740 2009 841 2088 acies,
861 2029 937 2071 curn
953 2006 1120 2071 horrendo
1138 2008 1264 2096 bagme
1283 2030 1339 2071 ar-

274 2130 422 2188 morum,
443 2109 678 2196 signorumque
699 2108 855 2195 strepitu,
878 2128 937 2195 per
953 2108 1063 2197 plures
1078 2106 1148 2171 dies
1164 2107 1239 2171 risse
1254 2128 1340 2171 con·

273 2231 420 2288 currere,
437 2208 557 2275 sensim
572 2232 590 2271 e
605 2224 781 2298 conspectu
798 2208 972 2273 hominum
985 2209 1021 2271 in
1034 2229 1142 2275 aerem
1158 2207 1246 2272 elatas
1260 2229 1340 2271 era·

275 2323 430 2390 ruerant,
441 2308 559 2372 relictis
570 2330 733 2396 equorum
744 2308 984 2395 bominumque
992 2309 1150 2397 vestigiis,
1159 2308 1342 2396 herbisque

275 2428 311 2471 ac
326 2408 473 2498 virgultis
487 2408 576 2472 velut
591 2424 703 2474 recens
716 2410 871 2498 protritis.

318 2507 376 2574 lll.
388 2510 502 2573 Praelio
517 2497 708 2592 commisso,
722 2533 831 2598 neque
845 2534 954 2603 pugna
968 2533 1104 2600 anceps,
1117 2533 1225 2597 neque
1236 2533 1341 2576 caeso-

273 2629 348 2674 rum
365 2609 519 2697 utrinque
533 2633 689 2675 numerus
710 2611 792 2675 alius
809 2611 886 2691 fuit,
902 2634 1000 2699 quam
1018 2612 1047 2676 si
1068 2612 1148 2676 hinc
1167 2613 1342 2694 mulieres,

274 2706 351 2772 inde
367 2709 426 2772 viri
447 2710 690 2774 constitissent:
707 2727 830 2800 septem
850 2712 949 2776 millia
968 2712 1010 2776 de
1025 2713 1173 2777 Norbani
1192 2713 1341 2778 exercitu

274 2809 477 2886 ceciderunt,
491 2811 554 2874 'sex
572 2811 671 2874 millia
689 2827 782 2899 capta
800 2828 898 2894 sunt;
911 2811 1003 2876 suus
1019 2813 1137 2876 milites
1157 2812 1246 2877 baud
1266 2835 1341 2877 am·
1418 2884 1419 2887 Ἴ

274 2911 359 2998 plius
377 2927 510 2974 centum
529 2910 644 3000 viginti
663 2927 805 2999 quatuor
819 2911 936 2975 amisit.
950 2913 1051 2978 Victis
1061 2915 1170 3000 Capua
1185 2929 1341 3001 receptus

275 3009 357 3090 fuit,
374 3010 510 3074 victores
526 3011 589 3074 hoc
605 3012 695 3075 velut
709 3012 819 3075 omine
837 3012 913 3076 belli
924 3013 1005 3094 laeti,
1021 3035 1209 3100 quanquam
1225 3014 1341 3078 multis

274 3111 419 3195 partibus
428 3112 617 3199 ampliorem
634 3134 703 3176 esse
714 3112 859 3178 beatium
876 3135 1051 3180 numerum
1062 3113 1224 3195 sciebant,
1239 3135 1276 3177 se
1288 3129 1342 3177 ta·

275 3233 351 3276 men
371 3213 553 3300 superiores
569 3213 698 3282 futuros
711 3213 886 3294 rebantnr3
903 3212 1003 3301 idque
1016 3237 1120 3278 musoe
1133 3213 1234 3278 tuisse
1248 3213 1342 3277 Sulla

273 3310 422 3392 tradidit,
433 3335 492 3376 cur
502 3336 569 3378 uon
580 3315 612 3376 in
623 3312 742 3402 oppida
750 3312 1023 3403 dispergerentur,
1031 3315 1122 3402 quod
1132 3314 1186 3379 ille
1194 3314 1342 3380 facturos

273 3429 435 3478 t1muerat.
906 3469 910 3476 .

317 3513 372 3578 lv.
388 3515 475 3602 Ergo
488 3513 595 3578 faciles
609 3515 701 3596 duci,
715 3539 783 3605 quo
796 3517 1047 3604 imperatoribus
1060 3516 1241 3598 videretur,
1256 3519 1343 3581 Tea-

272 3636 351 3677 num
374 3611 553 3680 Sidicinum
577 3633 813 3702 processerunt.
833 3619 924 3681 Inter
940 3618 1088 3682 eundum
1105 3617 1213 3682 Pontii
1227 3618 1342 3698 cujus·

273 3713 347 3778 dam
364 3737 475 3779 servus
492 3715 649 3780 fanaticus
664 3717 743 3782 adiit
759 3719 896 3797 Sullam,
909 3719 1142 3808 victoriamque
1157 3741 1192 3784 se
1206 3718 1235 3782 ei
1250 3741 1342 3783 nun·

306 3947 322 4014 s
339 3951 359 3997 l.
371 3949 402 3996 tt.
416 3949 445 3996 C.
460 3949 525 4010 6693
539 3951 569 3997 A.
580 3953 608 3999 C.
622 3952 663 3999 83.
672 3979 706 3988 -
716 3950 781 4000 Vsll.
793 3952 833 4006 11.
847 3957 890 4004 at.
903 3977 938 3986 —
953 3949 1075 3998 Plutarch.
1089 3950 1117 3998 in
1129 3948 1214 4008 Sulla,
1228 3965 1283 4014 cap.
1295 3951 1343 4000 52.

264 4059 306 4077 .·—
321 4031 473 4096 Appiam-
486 4030 502 4098 S
514 4035 548 4082 ll.
561 4033 614 4080 Lir.
629 4033 694 4098 Epir.
703 4062 737 4070 —
746 4033 810 4081 vell.
821 4061 856 4069 -
871 4033 935 4080 Plut.
951 4061 984 4068 —
998 4032 1049 4080 Jul.
1060 4031 1152 4096 Obstq.
1164 4048 1218 4097 cap.
1233 4034 1292 4079 ΗΒ.
1306 4059 1344 4070 —-

271 4115 346 4179 §lli
361 4115 424 4162 rtur.
439 4117 636 4174 -Oros.V,ao.
653 4144 683 4154 -
701 4119 804 4181 Eutrop.
823 4143 858 4153 -
876 4117 984 4182 Appian.
