2875 4900
277 418 331 485 IN
359 416 471 484 Loc.
497 416 591 483 le.
619 415 708 484 ClV·
739 414 948 483 LIVIANI.
1076 414 1144 514 529

89 535 166 599 nibil
176 534 349 615 effectum,
362 534 469 600 donec
479 534 556 598 nori
570 535 721 598 consules
732 533 954 622 magistratum
969 535 1143 605 iniverunt.

90 638 186 715 Cujus
210 637 282 725 ipso
304 636 482 724 principio,
510 634 654 699 kalendis
675 633 847 715 januariis,
874 650 987 723 agente
1010 642 1143 703 consule

89 737 121 801 P.
136 738 291 817 Lentulo,
308 736 476 801 sententiat
491 734 533 799 de
553 733 661 798 reditu
679 734 843 797 Ciceronis
861 732 894 795 in
915 750 1049 816 senatu,
1068 760 1146 823 prae·

88 854 176 903 sente
199 838 295 902 etiam
321 854 354 900 et
374 838 574 925 approbante
597 835 774 923 Pompeio,
799 833 892 897 dicta
916 852 1002 900 sunt.
1024 838 1087 902 Sed
1112 857 1144 902 et

90 938 127 1019 Q.
141 940 252 1026 Nepos
266 939 382 1002 consul
398 952 562 1025 susceptas
579 958 655 1000 cum
670 938 826 1000 Cicerone
843 936 1024 1003 inimicitias
1039 939 1143 1005 Patri·

88 1039 146 1102 bus
161 1038 351 1126 conscriptis
367 1054 400 1101 et
419 1038 620 1125 temporibus
641 1038 825 1125 reipublicae
841 1036 921 1101 dixit
942 1061 1011 1103 esse
1029 1043 1143 1106 remis-

88 1163 209 1206 surum.
222 1140 317 1205 Varia
337 1156 445 1205 tamen
466 1138 685 1203 ludificatione
700 1155 831 1203 senatus
853 1140 1006 1229 impedita
1025 1159 1073 1206 est
1089 1167 1144 1208 au-

88 1242 226 1305 ctoritas.
250 1242 376 1305 Idcirco
405 1243 445 1324 Q.
465 1240 629 1305 Fabricius
653 1238 805 1302 tribunus
830 1240 951 1327 plebis,
976 1244 1143 1331 rogatione

86 1341 264 1429 proposita,
280 1364 356 1405 cum
372 1341 497 1429 populo
514 1356 589 1403 ante
609 1339 696 1403 diem
710 1340 789 1403 Vlll
806 1339 956 1405 kalendas
971 1343 1143 1423 februarias

87 1464 179 1529 agere
195 1442 316 1506 statuit.
331 1441 395 1506 Sed
405 1440 440 1505 id
450 1463 583 1529 quoque
596 1462 717 1505 vanum
732 1442 899 1528 inceptum
912 1444 1143 1510 Clodianorum

87 1542 244 1607 efficiebat
255 1542 405 1625 audacia,
424 1544 481 1631 qui
498 1544 599 1605 multa
615 1540 656 1606 de
674 1558 770 1605 nocte
789 1543 927 1622 curiam,
944 1543 1070 1627 forum,
1088 1570 1143 1610 co-

87 1646 213 1708 mitium
225 1646 338 1708 armati
355 1660 600 1732 occupaverant.

127 1746 244 1810 XLVI.
266 1746 317 1809 Ab
335 1745 386 1808 bis
407 1746 450 1825 Q.
466 1744 632 1807 Fabricius
652 1745 834 1832 repellitur,
857 1746 1000 1831 itemque
1024 1748 1144 1837 collega

86 1847 152 1925 ejus
171 1846 219 1911 M.
233 1846 359 1934 Cispius
376 1869 385 1909 ε
404 1843 506 1909 caedes
521 1846 556 1907 in
574 1846 648 1909 loro
662 1844 771 1909 editur
788 1846 934 1909 maxima.
954 1848 994 1927 Q.
1010 1847 1142 1929 Cicero,

87 1948 141 2033 qni
156 1968 262 2034 nuper
272 1946 483 2035 exprovincia
494 1947 566 2009 Asia
576 1946 770 2027 decesserat,
786 1970 888 2035 quum
900 1946 941 2011 ad
957 1948 1143 2037 supplican-
1239 1942 1242 1949 ¹

85 2047 163 2111 dum
182 2070 243 2137 pro
259 2049 361 2111 salute
378 2046 485 2110 fratris
500 2048 650 2129 venisset,
669 2048 782 2134 pulsus
795 2070 813 2110 a
828 2048 969 2127 Rostris,
987 2048 1073 2112 inter
1092 2074 1144 2114 ca·

86 2150 201 2216 davera
212 2151 318 2229 latuit,
333 2166 372 2212 ut
383 2148 538 2236 opinione
551 2149 664 2212 mortis
679 2164 816 2212 mortem
834 2149 975 2213 evitaret.
989 2149 1146 2237 idemque

86 2273 150 2315 non
171 2252 277 2315 multo
289 2266 365 2339 post
375 2249 410 2313 P.
422 2249 531 2313 Sextio
548 2249 681 2312 tribuno
695 2249 798 2337 plebis
815 2250 847 2312 in
866 2251 989 2338 templo
1003 2252 1144 2315 Castoris

85 2353 325 2433 accidit30u1'us
340 2367 448 2415 tamen
463 2351 646 2438 periculum
663 2352 832 2413 contrariae
848 2350 996 2415 laedonis
1012 2352 1144 2416 tribuno

85 2455 225 2537 Quintio
238 2451 476 2542 propemodum
493 2453 665 2515 exitiosum
679 2450 743 2514 fuit
754 2475 762 2514 ε
775 2473 849 2514 nam
870 2451 1010 2515 clodiani
1026 2455 1144 2518 furoris

85 2557 251 2636 satellites,
276 2553 367 2643 quod
384 2555 528 2618 occisum
550 2577 568 2616 a
588 2576 624 2617 se
643 2553 813 2617 tribunum
837 2553 1011 2641 putabant,
1036 2555 1144 2636 hunc,

83 2657 156 2722 licet
179 2679 314 2721 suarum
333 2657 491 2744 partium,
514 2654 557 2718 ad
578 2677 690 2718 necem
713 2655 951 2740 quaesiverunt,
974 2671 1012 2718 ut
1034 2657 1144 2720 similis

84 2759 236 2822 facinoris
256 2757 439 2844 suspicione
462 2754 660 2849 adversarios
680 2769 854 2816 onerarent
879 2777 887 2818 :
909 2776 969 2818 nec
992 2769 1066 2818 ante
1092 2755 1146 2818 hic

84 2859 199 2923 timere
215 2873 354 2921 mortem
373 2855 483 2936 desiit,
499 2877 597 2942 quam
613 2854 766 2918 rescitum
784 2869 848 2932 est,
867 2855 1010 2917 Sextium
1027 2855 1144 2918 vivere.

125 2959 260 3023 XLVll.
273 2956 534 3022 studiosissimus
542 2953 709 3019 Ciceronis
727 2951 780 3015 hic
791 2953 918 3015 Sextius
937 2969 1022 3033 erat,
1039 2955 1144 3041 quiet

83 3059 289 3151 designatus,
314 3060 376 3122 iter
397 3057 539 3146 suscepit
554 3054 596 3120 ad
614 3057 790 3132 Caesarem,
809 3067 846 3115 ut
868 3053 959 3116 illum
976 3053 1145 3119 induceret

82 3160 121 3224 ad
139 3183 288 3236 cauum,
306 3175 364 3223 aut
377 3159 490 3222 saltem
503 3180 521 3220 a
533 3156 700 3220 voluntate
715 3150 885 3217 resistendi
901 3149 1095 3234 abduceret3
1112 3171 1144 3218 et

82 3261 164 3325 inito
177 3261 383 3348 magistratu,
400 3257 602 3348 rogationem
619 3255 760 3342 scripsit,
777 3269 809 3317 et
825 3252 890 3316 suis
910 3253 1025 3341 copiis,
1043 3255 1144 3319 elien-

82 3361 168 3445 telis,
181 3361 257 3424 vitae
268 3359 365 3422 etiam
376 3357 521 3447 periculo
533 3356 674 3419 amicum
689 3353 948 3419 constantissime
959 3355 1052 3434 juvit.
1065 3356 1147 3422 Prae·

83 3463 229 3527 minebat
240 3477 348 3526 tamen
364 3461 401 3524 Τ.
412 3458 509 3523 Annii
520 3456 652 3520 Milonis
664 3454 829 3535 studium,
847 3455 905 3541 qui
915 3454 1067 3520 Clodium
1080 3480 1148 3522 mo·

81 3560 131 3626 dis
145 3561 305 3627 omnibus
319 3561 473 3624 acerrime
488 3573 658 3636 vexattrm,
675 3571 841 3644 postremo
858 3555 927 3642 lege
945 3555 1048 3620 Plotia
1064 3557 1105 3622 de
1117 3560 1149 3622 vi

81 3685 176 3727 reum
186 3663 273 3726 fecit.
283 3660 484 3726 Sedelusum
494 3659 529 3722 id
537 3657 696 3738 judicium
705 3673 755 3720 est
764 3655 878 3719 edictis
889 3657 1145 3747 magistratuum,

81 3764 137 3850 qui
153 3762 274 3827 Clodio
291 3762 450 3825 favebant.
465 3761 590 3824 Consul
602 3758 767 3837 Metellus,
784 3755 933 3821 nondum
950 3759 1025 3821 satis
1040 3761 1146 3847 placa·

82 3878 134 3926 tus
155 3862 327 3942 Ciceroni,
353 3860 394 3924 ad
418 3861 486 3924 baec
503 3860 708 3947 propinquus
729 3857 864 3938 Clodio,
886 3858 1029 3945 itemque
1051 3861 1149 3925 frater

115 4074 132 4137 ς
147 4075 229 4122 xcv.
244 4077 274 4123 u,
289 4075 317 4124 c
335 4046 451 4138 s9s;'i.
462 4075 490 4122 c.
504 4075 545 4134 ⁵7.
560 4099 596 4112 -
608 4073 662 4122 cte.
676 4087 722 4135 pro
736 4073 802 4118 sm.
816 4085 869 4134 up.
885 4069 926 4118 ss.
938 4095 973 4106 -
983 4071 1082 4119 ristun
1095 4073 1147 4122 cie.

84 4185 120 4194 -
134 4157 151 4223 ς
165 4160 258 4207 xtvr.
272 4161 327 4209 Cia
337 4175 383 4223 pro
395 4161 460 4206 Sext.

191 4257 233 4321 r.
940 4243 983 4334 34
