2875 4900
287 463 342 533 ut
373 462 486 530 noc.
515 461 609 528 nm.
637 462 727 530 clx
756 462 970 532 mvmru.
1092 461 1163 559 675

92 581 235 673 legiones
249 597 283 646 et
300 603 397 672 opes,
415 603 494 669 quas
510 597 655 669 poterat,
671 582 830 666 avehens,
847 599 962 648 contra
978 584 1063 647 eires
1084 608 1165 649 usu·

91 707 168 766 rus,
185 685 219 747 in
233 705 332 772 quem
347 682 425 745 olim
437 682 600 770 captivum
614 705 732 747 aurum
746 699 779 748 et
792 684 937 749 Orientis
955 685 1058 774 spolia
1071 685 1165 750 locu·

90 785 251 875 pletandre
269 785 380 874 patrico
396 783 579 866 invexerat,
599 783 740 849 dimissis
760 783 876 850 eodem
895 786 968 850 loco
981 785 1165 870 militibus,

91 907 130 954 ut
146 890 261 953 timere
272 887 357 952 cives
368 886 419 950 sui
435 884 631 950 desinerent.
643 887 685 950 Et
698 886 756 975 qni
772 903 866 951 antea
873 886 1091 953 Barbarorum
1104 889 1166 952 im·

91 1011 220 1056 mensas
244 989 392 1079 regiones
417 986 698 1081 populoromano
720 987 920 1070 subjecerat,
936 987 964 1052 is
985 1011 1074 1052 nunc
1097 989 1166 1054 ibat

91 1093 222 1158 illorum
234 1091 342 1181 copias
358 1089 520 1166 excitum,
537 1102 575 1151 ut
586 1087 710 1152 ltaliam
726 1105 759 1152 et
766 1091 905 1154 Romam
915 1105 1053 1154 vastaret
1065 1107 1166 1179 atque

90 1208 273 1284 premeret;
284 1191 350 1272 jam
365 1191 444 1256 olim
455 1189 521 1254 hoc
533 1188 668 1253 consilio
680 1187 838 1272 dimissis,
850 1189 907 1280 qni
922 1191 1056 1255 classem
1067 1193 1166 1256 Alex·

90 1295 220 1378 andria,
232 1293 379 1376 Colchis,
392 1293 498 1380 Tyro,
512 1288 652 1372 Sidone,
666 1290 855 1378 ceterisque
867 1291 1022 1356 omnibus
1033 1291 1164 1377 insulis,

91 1395 330 1484 maritimisque
346 1392 530 1459 civitatibus
544 1407 601 1456 aut
614 1391 745 1481 regnis,
758 1414 901 1479 quornm
914 1392 968 1456 ille
984 1393 1091 1457 studia
1107 1394 1166 1457 ha·

88 1499 207 1582 hebet,
220 1497 261 1564 ad
273 1493 540 1561 intercludendos
552 1509 753 1559 commeatus
769 1492 883 1575 Italioe,
899 1511 932 1557 et
945 1494 986 1559 ad
1000 1519 1166 1585 occupan-

90 1602 150 1666 das
159 1598 385 1665 frumentarias
395 1592 577 1686 provincius
587 1609 751 1686 cogerent.
758 1596 845 1686 Ergo
857 1595 966 1677 etiam,
973 1597 1166 1686 priusquam

89 1702 262 1769 excederet
277 1699 469 1781 Brundisio,
486 1721 602 1788 magne
617 1719 691 1786 pars
709 1697 905 1784 optimatum
919 1697 954 1760 in
968 1697 1093 1762 Urbem
1110 1723 1165 1764 re·

89 1803 214 1883 dierat,
236 1817 456 1890 praetoresque
479 1815 512 1864 et
532 1797 640 1863 aediles
665 1798 812 1887 partibus
837 1798 922 1879 suis,
947 1814 1104 1887 tanquam
1130 1801 1165 1865 in

88 1927 189 1994 pace,
204 1902 437 1992 fungebantur.
454 1901 524 1966 Nec
541 1901 577 1964 hi
592 1915 721 1964 tantum
734 1898 863 1964 dolores
879 1900 1073 1988 Pompeium
1089 1925 1166 1966 ure-

89 2009 190 2087 bant,
207 2004 264 2070 sed
280 2003 384 2068 futuri
401 2019 507 2067 metus
528 2018 561 2067 et
583 2000 769 2066 sollicitudo
789 2000 862 2089 plus
876 2000 1040 2089 angebant
1055 2001 1184 2064 homi·.

88 2131 188 2190 nem,
204 2104 360 2196 prodigiis
376 2105 473 2168 etiam
492 2101 640 2168 terrificis
662 2118 695 2166 et
717 2102 899 2167 minacibus
914 2125 922 2168 ε
936 2118 974 2166 ut
992 2102 1079 2166 enim
1096 2104 1165 2192 pri-

88 2233 185 2276 mum
211 2205 452 2298 Dyrrhachium
473 2204 617 2293 appulit,
642 2205 835 2293 priusquam
859 2204 937 2268 litus
959 2219 1164 2294 tangeretur,

90 2312 210 2376 milites
227 2307 359 2398 quidum
374 2306 511 2370 fulmine
522 2304 684 2393 percussi3
701 2304 793 2393 signa
804 2304 875 2368 telis
889 2327 1080 2369 aranearum
1096 2327 1165 2368 son·

89 2413 202 2481 didnta
218 2426 296 2477 sunt
310 2433 317 2476 :
337 2425 370 2473 et
382 2429 486 2497 quum
500 2405 676 2495 Pompeius
690 2403 928 2487 exscendisset,
943 2405 1053 2471 euntis
1065 2406 1164 2472 vesti·

89 2518 143 2608 gia
159 2530 325 2605 serpentes
342 2509 486 2576 advoluti
505 2507 666 2574 delerunt.

124 2698 140 2765 §
152 2700 256 2749 txxv.
269 2701 361 2747 Lucan.
372 2697 411 2755 ll,
420 2712 444 2745 v.
457 2694 518 2742 6³3.
527 2720 562 2730 -
572 2692 625 2741 Clo.
635 2689 667 2739 orl
677 2690 756 2739 Attio.
768 2691 820 2747 lx,
833 2706 843 2737 r
856 2701 882 2739 et
893 2707 934 2741 ra.
948 2718 984 2728 —
999 2692 1056 2739 Dio.
