<?xml version="1.0" encoding="UTF-8"?>
<!DOCTYPE html PUBLIC "-//W3C//DTD XHTML 1.0 Transitional//EN"
    "http://www.w3.org/TR/xhtml1/DTD/xhtml1-transitional.dtd">
<html xmlns="http://www.w3.org/1999/xhtml" xml:lang="en" lang="en">
 <head>
  <title>
</title>
<meta http-equiv="Content-Type" content="text/html;charset=utf-8" />
  <meta name='ocr-system' content='tesseract 3.04.00' />
  <meta name='ocr-capabilities' content='ocr_page ocr_carea ocr_par ocr_line ocrx_word'/>
</head>
<body>
  <div class='ocr_page' id='page_1' title='image "bibliothecaclas116lemagoog_0422.png"; bbox 0 0 2875 4900; ppageno 0'>
   <div class='ocr_carea' id='block_1_1' title="bbox 297 400 1187 482">
    <p class='ocr_par' dir='ltr' id='par_1_1' title="bbox 297 400 1187 482">
     <span class='ocr_line' id='line_1_1' title="bbox 297 400 1187 482; baseline 0 -13"><span class='ocrx_word' id='word_1_1' title='bbox 297 402 366 482; x_wconf 64' lang='lat' dir='ltr'><strong>[rra</strong></span> <span class='ocrx_word' id='word_1_2' title='bbox 471 402 538 469; x_wconf 88' lang='lat' dir='ltr'><strong>JO.</strong></span> <span class='ocrx_word' id='word_1_3' title='bbox 567 400 910 470; x_wconf 85' lang='lat' dir='ltr'><strong>FREINSHEMII</strong></span> <span class='ocrx_word' id='word_1_4' title='bbox 941 401 1187 470; x_wconf 87' lang='lat' dir='ltr'><strong>SUPPLEM.</strong></span> 
     </span>
    </p>
   </div>
   <div class='ocr_carea' id='block_1_2' title="bbox 292 518 1407 3759">
    <p class='ocr_par' dir='ltr' id='par_1_2' title="bbox 295 518 1357 1119">
     <span class='ocr_line' id='line_1_2' title="bbox 295 518 1354 611; baseline 0.005 -28"><span class='ocrx_word' id='word_1_5' title='bbox 295 520 423 605; x_wconf 81' lang='lat' dir='ltr'><strong>necat),</strong></span> <span class='ocrx_word' id='word_1_6' title='bbox 437 518 478 584; x_wconf 91' lang='lat' dir='ltr'><strong>de</strong></span> <span class='ocrx_word' id='word_1_7' title='bbox 489 519 674 585; x_wconf 83' lang='lat' dir='ltr'><strong>renovanda</strong></span> <span class='ocrx_word' id='word_1_8' title='bbox 689 522 842 585; x_wconf 88' lang='lat' dir='ltr'><strong>societate</strong></span> <span class='ocrx_word' id='word_1_9' title='bbox 856 536 890 585; x_wconf 90' lang='lat' dir='ltr'><strong>et</strong></span> <span class='ocrx_word' id='word_1_10' title='bbox 902 520 1041 586; x_wconf 91' lang='lat' dir='ltr'><strong>amicitia</strong></span> <span class='ocrx_word' id='word_1_11' title='bbox 1055 522 1248 611; x_wconf 79' lang='lat' dir='ltr'><strong>legationem</strong></span> <span class='ocrx_word' id='word_1_12' title='bbox 1264 525 1354 588; x_wconf 84' lang='lat' dir='ltr'><strong>misit.</strong></span> 
     </span>
     <span class='ocr_line' id='line_1_3' title="bbox 295 621 1356 715; baseline 0.004 -30"><span class='ocrx_word' id='word_1_13' title='bbox 295 621 384 686; x_wconf 91' lang='lat' dir='ltr'><strong>Nihil</strong></span> <span class='ocrx_word' id='word_1_14' title='bbox 397 622 622 711; x_wconf 88' lang='lat' dir='ltr'><strong>impetratum,</strong></span> <span class='ocrx_word' id='word_1_15' title='bbox 636 622 713 709; x_wconf 89' lang='lat' dir='ltr'><strong>quia</strong></span> <span class='ocrx_word' id='word_1_16' title='bbox 726 621 829 686; x_wconf 88' lang='lat' dir='ltr'><strong>fidens</strong></span> <span class='ocrx_word' id='word_1_17' title='bbox 840 622 902 687; x_wconf 94' lang='lat' dir='ltr'><strong>sibi</strong></span> <span class='ocrx_word' id='word_1_18' title='bbox 916 622 1093 715; x_wconf 84' lang='lat' dir='ltr'><strong>Pompeius</strong></span> <span class='ocrx_word' id='word_1_19' title='bbox 1104 624 1244 713; x_wconf 89' lang='lat' dir='ltr'><strong>superbe</strong></span> <span class='ocrx_word' id='word_1_20' title='bbox 1252 626 1356 715; x_wconf 84' lang='lat' dir='ltr'><strong>legatis</strong></span> 
     </span>
     <span class='ocr_line' id='line_1_4' title="bbox 296 724 1357 818; baseline 0.004 -31"><span class='ocrx_word' id='word_1_21' title='bbox 296 724 523 813; x_wconf 74' lang='lat' dir='ltr'>responderat,</span> <span class='ocrx_word' id='word_1_22' title='bbox 538 726 635 789; x_wconf 90' lang='lat' dir='ltr'><strong>etiam</strong></span> <span class='ocrx_word' id='word_1_23' title='bbox 646 724 821 815; x_wconf 79' lang='lat' dir='ltr'><strong>Gordyene</strong></span> <span class='ocrx_word' id='word_1_24' title='bbox 835 726 987 814; x_wconf 85' lang='lat' dir='ltr'><strong>repetita,</strong></span> <span class='ocrx_word' id='word_1_25' title='bbox 1005 725 1046 790; x_wconf 86' lang='lat' dir='ltr'><strong>de</strong></span> <span class='ocrx_word' id='word_1_26' title='bbox 1060 748 1125 813; x_wconf 90' lang='lat' dir='ltr'><strong>qua</strong></span> <span class='ocrx_word' id='word_1_27' title='bbox 1138 750 1215 793; x_wconf 90' lang='lat' dir='ltr'><strong>cum</strong></span> <span class='ocrx_word' id='word_1_28' title='bbox 1225 728 1357 818; x_wconf 79' lang='lat' dir='ltr'><strong>&#39;l&#39;igrane</strong></span> 
     </span>
     <span class='ocr_line' id='line_1_5' title="bbox 298 826 1357 917; baseline 0.005 -28"><span class='ocrx_word' id='word_1_29' title='bbox 298 826 450 892; x_wconf 75' lang='lat' dir='ltr'>Phraates</span> <span class='ocrx_word' id='word_1_30' title='bbox 474 826 657 890; x_wconf 79' lang='lat' dir='ltr'><strong>dimicabat.</strong></span> <span class='ocrx_word' id='word_1_31' title='bbox 683 828 750 892; x_wconf 91' lang='lat' dir='ltr'><strong>lllis</strong></span> <span class='ocrx_word' id='word_1_32' title='bbox 775 828 857 891; x_wconf 89' lang='lat' dir='ltr'><strong>nihil</strong></span> <span class='ocrx_word' id='word_1_33' title='bbox 881 827 923 892; x_wconf 87' lang='lat' dir='ltr'><strong>ad</strong></span> <span class='ocrx_word' id='word_1_34' title='bbox 947 828 1012 893; x_wconf 91' lang='lat' dir='ltr'><strong>boc</strong></span> <span class='ocrx_word' id='word_1_35' title='bbox 1036 830 1279 917; x_wconf 88' lang='lat' dir='ltr'><strong>regerentibus,</strong></span> <span class='ocrx_word' id='word_1_36' title='bbox 1299 854 1357 894; x_wconf 89' lang='lat' dir='ltr'><strong>nec</strong></span> 
     </span>
     <span class='ocr_line' id='line_1_6' title="bbox 297 927 1356 1017; baseline 0.005 -26"><span class='ocrx_word' id='word_1_37' title='bbox 297 928 385 995; x_wconf 89' lang='lat' dir='ltr'><strong>enim</strong></span> <span class='ocrx_word' id='word_1_38' title='bbox 412 927 602 995; x_wconf 87' lang='lat' dir='ltr'><strong>mandatum</strong></span> <span class='ocrx_word' id='word_1_39' title='bbox 627 942 838 1017; x_wconf 86' lang='lat' dir='ltr'><strong>acceperant,</strong></span> <span class='ocrx_word' id='word_1_40' title='bbox 861 929 968 995; x_wconf 85' lang='lat' dir='ltr'><strong>literas</strong></span> <span class='ocrx_word' id='word_1_41' title='bbox 991 927 1082 995; x_wconf 88' lang='lat' dir='ltr'><strong>dedit</strong></span> <span class='ocrx_word' id='word_1_42' title='bbox 1107 927 1149 996; x_wconf 88' lang='lat' dir='ltr'><strong>ad</strong></span> <span class='ocrx_word' id='word_1_43' title='bbox 1173 928 1356 1009; x_wconf 77' lang='lat' dir='ltr'><strong>thtem3</strong></span> 
     </span>
     <span class='ocr_line' id='line_1_7' title="bbox 295 1030 1296 1119; baseline 0.003 -27"><span class='ocrx_word' id='word_1_44' title='bbox 295 1052 357 1093; x_wconf 88' lang='lat' dir='ltr'><strong>nec</strong></span> <span class='ocrx_word' id='word_1_45' title='bbox 373 1044 558 1117; x_wconf 88' lang='lat' dir='ltr'><strong>exspectato</strong></span> <span class='ocrx_word' id='word_1_46' title='bbox 574 1052 749 1119; x_wconf 87' lang='lat' dir='ltr'><strong>responso,</strong></span> <span class='ocrx_word' id='word_1_47' title='bbox 764 1053 841 1095; x_wconf 91' lang='lat' dir='ltr'><strong>cum</strong></span> <span class='ocrx_word' id='word_1_48' title='bbox 858 1032 1000 1095; x_wconf 85' lang='lat' dir='ltr'><strong>exercitu</strong></span> <span class='ocrx_word' id='word_1_49' title='bbox 1012 1030 1184 1098; x_wconf 79' lang='lat' dir='ltr'><strong>Afranium</strong></span> <span class='ocrx_word' id='word_1_50' title='bbox 1200 1032 1296 1095; x_wconf 85' lang='lat' dir='ltr'><strong>misit.</strong></span> 
     </span>
    </p>

    <p class='ocr_par' dir='ltr' id='par_1_3' title="bbox 293 1132 1357 1827">
     <span class='ocr_line' id='line_1_8' title="bbox 338 1132 1357 1223; baseline -0.002 -28"><span class='ocrx_word' id='word_1_51' title='bbox 338 1132 380 1196; x_wconf 90' lang='lat'><strong>11.</strong></span> <span class='ocrx_word' id='word_1_52' title='bbox 399 1132 460 1195; x_wconf 92' lang='lat' dir='ltr'><strong>Hic</strong></span> <span class='ocrx_word' id='word_1_53' title='bbox 476 1132 567 1196; x_wconf 92' lang='lat' dir='ltr'><strong>nullo</strong></span> <span class='ocrx_word' id='word_1_54' title='bbox 584 1132 717 1223; x_wconf 90' lang='lat' dir='ltr'><strong>negotio</strong></span> <span class='ocrx_word' id='word_1_55' title='bbox 738 1133 858 1221; x_wconf 90' lang='lat' dir='ltr'><strong>repulit</strong></span> <span class='ocrx_word' id='word_1_56' title='bbox 879 1132 1032 1214; x_wconf 89' lang='lat' dir='ltr'><strong>Parthos,</strong></span> <span class='ocrx_word' id='word_1_57' title='bbox 1053 1147 1086 1197; x_wconf 91' lang='lat' dir='ltr'><strong>et</strong></span> <span class='ocrx_word' id='word_1_58' title='bbox 1105 1132 1200 1212; x_wconf 87' lang='lat' dir='ltr'><strong>jussu</strong></span> <span class='ocrx_word' id='word_1_59' title='bbox 1217 1132 1357 1219; x_wconf 92' lang='lat' dir='ltr'><strong>Pompeii</strong></span> 
     </span>
     <span class='ocr_line' id='line_1_9' title="bbox 296 1231 1357 1324; baseline 0 -27"><span class='ocrx_word' id='word_1_60' title='bbox 296 1231 492 1323; x_wconf 78' lang='lat' dir='ltr'><strong>Gordyenen</strong></span> <span class='ocrx_word' id='word_1_61' title='bbox 507 1232 663 1299; x_wconf 86' lang='lat' dir='ltr'><strong>Armenio</strong></span> <span class='ocrx_word' id='word_1_62' title='bbox 683 1234 837 1301; x_wconf 88' lang='lat' dir='ltr'><strong>restituit.</strong></span> <span class='ocrx_word' id='word_1_63' title='bbox 861 1234 975 1319; x_wconf 86' lang='lat' dir='ltr'><strong>Quum</strong></span> <span class='ocrx_word' id='word_1_64' title='bbox 992 1232 1111 1303; x_wconf 87' lang='lat' dir='ltr'><strong>deinde</strong></span> <span class='ocrx_word' id='word_1_65' title='bbox 1126 1234 1287 1324; x_wconf 78' lang='lat' dir='ltr'><strong>brgisntes</strong></span> <span class='ocrx_word' id='word_1_66' title='bbox 1304 1256 1357 1321; x_wconf 89' lang='lat' dir='ltr'><strong>per</strong></span> 
     </span>
     <span class='ocr_line' id='line_1_10' title="bbox 296 1334 1357 1425; baseline -0.001 -26"><span class='ocrx_word' id='word_1_67' title='bbox 296 1334 567 1422; x_wconf 83' lang='lat' dir='ltr'><strong>Mesopotamiam</strong></span> <span class='ocrx_word' id='word_1_68' title='bbox 583 1336 624 1401; x_wconf 95' lang='lat' dir='ltr'><strong>ad</strong></span> <span class='ocrx_word' id='word_1_69' title='bbox 640 1336 799 1401; x_wconf 83' lang='lat' dir='ltr'><strong>Arbelitin</strong></span> <span class='ocrx_word' id='word_1_70' title='bbox 814 1359 918 1425; x_wconf 88' lang='lat' dir='ltr'><strong>usque</strong></span> <span class='ocrx_word' id='word_1_71' title='bbox 934 1336 1158 1425; x_wconf 75' lang='lat' dir='ltr'><strong>praefecturam</strong></span> <span class='ocrx_word' id='word_1_72' title='bbox 1174 1337 1357 1423; x_wconf 90' lang='lat' dir='ltr'><strong>insequere·</strong></span> 
     </span>
     <span class='ocr_line' id='line_1_11' title="bbox 294 1435 1357 1526; baseline 0 -27"><span class='ocrx_word' id='word_1_73' title='bbox 294 1452 364 1516; x_wconf 86' lang='lat' dir='ltr'><strong>tur,</strong></span> <span class='ocrx_word' id='word_1_74' title='bbox 383 1435 564 1526; x_wconf 83' lang='lat' dir='ltr'><strong>ignorantia</strong></span> <span class='ocrx_word' id='word_1_75' title='bbox 580 1439 730 1506; x_wconf 89' lang='lat' dir='ltr'><strong>locorum</strong></span> <span class='ocrx_word' id='word_1_76' title='bbox 747 1440 908 1506; x_wconf 76' lang='lat' dir='ltr'><strong>aberravit</strong></span> <span class='ocrx_word' id='word_1_77' title='bbox 923 1439 1020 1521; x_wconf 88' lang='lat' dir='ltr'><strong>avia,</strong></span> <span class='ocrx_word' id='word_1_78' title='bbox 1036 1438 1203 1525; x_wconf 87' lang='lat' dir='ltr'><strong>multaque</strong></span> <span class='ocrx_word' id='word_1_79' title='bbox 1220 1460 1279 1525; x_wconf 96' lang='lat' dir='ltr'><strong>per</strong></span> <span class='ocrx_word' id='word_1_80' title='bbox 1290 1438 1357 1500; x_wconf 90' lang='lat' dir='ltr'><strong>ino·</strong></span> 
     </span>
     <span class='ocr_line' id='line_1_12' title="bbox 293 1535 1356 1629; baseline 0.003 -31"><span class='ocrx_word' id='word_1_81' title='bbox 293 1535 379 1623; x_wconf 92' lang='lat' dir='ltr'><strong>piam</strong></span> <span class='ocrx_word' id='word_1_82' title='bbox 396 1553 428 1600; x_wconf 92' lang='lat' dir='ltr'><strong>et</strong></span> <span class='ocrx_word' id='word_1_83' title='bbox 443 1537 579 1603; x_wconf 90' lang='lat' dir='ltr'><strong>hiberna</strong></span> <span class='ocrx_word' id='word_1_84' title='bbox 599 1539 720 1629; x_wconf 84' lang='lat' dir='ltr'><strong>frigora</strong></span> <span class='ocrx_word' id='word_1_85' title='bbox 738 1563 868 1629; x_wconf 89' lang='lat' dir='ltr'><strong>passus,</strong></span> <span class='ocrx_word' id='word_1_86' title='bbox 885 1539 975 1603; x_wconf 90' lang='lat' dir='ltr'><strong>haud</strong></span> <span class='ocrx_word' id='word_1_87' title='bbox 993 1540 1111 1627; x_wconf 87' lang='lat' dir='ltr'><strong>procul</strong></span> <span class='ocrx_word' id='word_1_88' title='bbox 1125 1538 1231 1602; x_wconf 84' lang='lat' dir='ltr'><strong>abfuit</strong></span> <span class='ocrx_word' id='word_1_89' title='bbox 1247 1539 1356 1616; x_wconf 83' lang='lat' dir='ltr'><strong>exitio,</strong></span> 
     </span>
     <span class='ocr_line' id='line_1_13' title="bbox 294 1637 1357 1730; baseline 0 -31"><span class='ocrx_word' id='word_1_90' title='bbox 294 1637 356 1702; x_wconf 90' lang='lat' dir='ltr'><strong>nisi</strong></span> <span class='ocrx_word' id='word_1_91' title='bbox 365 1639 537 1721; x_wconf 83' lang='lat' dir='ltr'><strong>Cnrrlreni,</strong></span> <span class='ocrx_word' id='word_1_92' title='bbox 550 1641 677 1705; x_wconf 87' lang='lat' dir='ltr'><strong>colonia</strong></span> <span class='ocrx_word' id='word_1_93' title='bbox 689 1641 926 1723; x_wconf 86' lang='lat' dir='ltr'><strong>Macedonum,</strong></span> <span class='ocrx_word' id='word_1_94' title='bbox 943 1639 1144 1730; x_wconf 79' lang='lat' dir='ltr'><strong>excepissent</strong></span> <span class='ocrx_word' id='word_1_95' title='bbox 1159 1662 1252 1719; x_wconf 90' lang='lat' dir='ltr'><strong>eum,</strong></span> <span class='ocrx_word' id='word_1_96' title='bbox 1266 1654 1357 1726; x_wconf 81' lang='lat' dir='ltr'><strong>atque</strong></span> 
     </span>
     <span class='ocr_line' id='line_1_14' title="bbox 296 1737 515 1827; baseline 0.014 -26"><span class='ocrx_word' id='word_1_97' title='bbox 296 1737 515 1827; x_wconf 84' lang='lat' dir='ltr'><strong>deduxissent.</strong></span> 
     </span>
    </p>

    <p class='ocr_par' dir='ltr' id='par_1_4' title="bbox 292 1840 1407 2741">
     <span class='ocr_line' id='line_1_15' title="bbox 336 1840 1357 1932; baseline -0.002 -28"><span class='ocrx_word' id='word_1_98' title='bbox 336 1841 394 1905; x_wconf 90' lang='lat'><strong>111.</strong></span> <span class='ocrx_word' id='word_1_99' title='bbox 412 1841 581 1925; x_wconf 91' lang='lat' dir='ltr'><strong>Phraates,</strong></span> <span class='ocrx_word' id='word_1_100' title='bbox 597 1858 709 1908; x_wconf 82' lang='lat' dir='ltr'><strong>corttm</strong></span> <span class='ocrx_word' id='word_1_101' title='bbox 717 1858 822 1932; x_wconf 82' lang='lat' dir='ltr'><strong>pacta</strong></span> <span class='ocrx_word' id='word_1_102' title='bbox 839 1844 1000 1907; x_wconf 85' lang='lat' dir='ltr'><strong>Romanos</strong></span> <span class='ocrx_word' id='word_1_103' title='bbox 1015 1845 1050 1907; x_wconf 80' lang='lat' dir='ltr'><strong>r‘n</strong></span> <span class='ocrx_word' id='word_1_104' title='bbox 1065 1864 1133 1907; x_wconf 80' lang='lat' dir='ltr'><strong>suoe</strong></span> <span class='ocrx_word' id='word_1_105' title='bbox 1148 1841 1276 1905; x_wconf 70' lang='lat' dir='ltr'><strong>ds&#39;ts&#39;oms</strong></span> <span class='ocrx_word' id='word_1_106' title='bbox 1291 1840 1357 1903; x_wconf 75' lang='lat' dir='ltr'><strong>hen</strong></span> 
     </span>
     <span class='ocr_line' id='line_1_16' title="bbox 295 1943 1357 2035; baseline 0 -30"><span class='ocrx_word' id='word_1_107' title='bbox 295 1944 452 2031; x_wconf 81' lang='lat' dir='ltr'><strong>irrupisse,</strong></span> <span class='ocrx_word' id='word_1_108' title='bbox 472 1959 638 2026; x_wconf 85' lang='lat' dir='ltr'><strong>causatus,</strong></span> <span class='ocrx_word' id='word_1_109' title='bbox 661 1968 790 2035; x_wconf 83' lang='lat' dir='ltr'><strong>gravem</strong></span> <span class='ocrx_word' id='word_1_110' title='bbox 812 1945 955 2031; x_wconf 75' lang='lat' dir='ltr'><strong>institpit</strong></span> <span class='ocrx_word' id='word_1_111' title='bbox 976 1967 1035 2033; x_wconf 91' lang='lat' dir='ltr'><strong>per</strong></span> <span class='ocrx_word' id='word_1_112' title='bbox 1053 1944 1174 2035; x_wconf 85' lang='lat' dir='ltr'><strong>legatos</strong></span> <span class='ocrx_word' id='word_1_113' title='bbox 1195 1943 1357 2030; x_wconf 83' lang='lat' dir='ltr'><strong>querimo-</strong></span> 
     </span>
     <span class='ocr_line' id='line_1_17' title="bbox 296 2043 1357 2134; baseline -0.001 -27"><span class='ocrx_word' id='word_1_114' title='bbox 296 2043 399 2126; x_wconf 85' lang='lat' dir='ltr'><strong>niam,</strong></span> <span class='ocrx_word' id='word_1_115' title='bbox 415 2045 495 2109; x_wconf 92' lang='lat' dir='ltr'><strong>illud</strong></span> <span class='ocrx_word' id='word_1_116' title='bbox 512 2046 609 2110; x_wconf 88' lang='lat' dir='ltr'><strong>etiarn</strong></span> <span class='ocrx_word' id='word_1_117' title='bbox 622 2048 709 2111; x_wconf 87' lang='lat' dir='ltr'><strong>inter</strong></span> <span class='ocrx_word' id='word_1_118' title='bbox 725 2047 867 2112; x_wconf 86' lang='lat' dir='ltr'><strong>offensas</strong></span> <span class='ocrx_word' id='word_1_119' title='bbox 883 2068 1076 2127; x_wconf 88' lang='lat' dir='ltr'><strong>numerans,</strong></span> <span class='ocrx_word' id='word_1_120' title='bbox 1088 2045 1176 2134; x_wconf 83' lang='lat' dir='ltr'><strong>quod</strong></span> <span class='ocrx_word' id='word_1_121' title='bbox 1186 2069 1228 2124; x_wconf 84' lang='lat' dir='ltr'><strong>se,</strong></span> <span class='ocrx_word' id='word_1_122' title='bbox 1241 2045 1357 2133; x_wconf 83' lang='lat' dir='ltr'><strong>Regem</strong></span> 
     </span>
     <span class='ocr_line' id='line_1_18' title="bbox 296 2142 1358 2241; baseline 0.001 -32"><span class='ocrx_word' id='word_1_123' title='bbox 296 2147 422 2236; x_wconf 83' lang='lat' dir='ltr'><strong>Regum</strong></span> <span class='ocrx_word' id='word_1_124' title='bbox 437 2142 594 2236; x_wconf 78' lang='lat' dir='ltr'><strong>appellari</strong></span> <span class='ocrx_word' id='word_1_125' title='bbox 603 2148 744 2228; x_wconf 83' lang='lat' dir='ltr'><strong>solitum,</strong></span> <span class='ocrx_word' id='word_1_126' title='bbox 760 2149 930 2241; x_wconf 79' lang='lat' dir='ltr'><strong>Pompeius</strong></span> <span class='ocrx_word' id='word_1_127' title='bbox 947 2147 981 2213; x_wconf 81' lang='lat' dir='ltr'><strong>t‘n</strong></span> <span class='ocrx_word' id='word_1_128' title='bbox 996 2147 1132 2236; x_wconf 74' lang='lat' dir='ltr'><strong>epistolii</strong></span> <span class='ocrx_word' id='word_1_129' title='bbox 1143 2145 1358 2211; x_wconf 78' lang='lat' dir='ltr'><strong>tantummodo</strong></span> 
     </span>
     <span class='ocr_line' id='line_1_19' title="bbox 295 2246 1357 2335; baseline 0 -25"><span class='ocrx_word' id='word_1_130' title='bbox 295 2247 416 2335; x_wconf 89' lang='lat' dir='ltr'><strong>Regem</strong></span> <span class='ocrx_word' id='word_1_131' title='bbox 444 2250 630 2317; x_wconf 83' lang='lat' dir='ltr'><strong>nominaret.</strong></span> <span class='ocrx_word' id='word_1_132' title='bbox 659 2249 782 2314; x_wconf 89' lang='lat' dir='ltr'><strong>Eadem</strong></span> <span class='ocrx_word' id='word_1_133' title='bbox 807 2246 916 2314; x_wconf 90' lang='lat' dir='ltr'><strong>hieme</strong></span> <span class='ocrx_word' id='word_1_134' title='bbox 946 2249 1168 2313; x_wconf 88' lang='lat' dir='ltr'><strong>firmissimum</strong></span> <span class='ocrx_word' id='word_1_135' title='bbox 1197 2248 1357 2313; x_wconf 86' lang='lat' dir='ltr'><strong>castellum</strong></span> 
     </span>
     <span class='ocr_line' id='line_1_20' title="bbox 295 2344 1357 2438; baseline 0.004 -30"><span class='ocrx_word' id='word_1_136' title='bbox 295 2344 605 2434; x_wconf 71' lang='lat' dir='ltr'><strong>(Symphoriuticbos</strong></span> <span class='ocrx_word' id='word_1_137' title='bbox 625 2348 826 2436; x_wconf 84' lang='lat' dir='ltr'><strong>vocabant),</strong></span> <span class='ocrx_word' id='word_1_138' title='bbox 850 2352 883 2414; x_wconf 92' lang='lat' dir='ltr'><strong>in</strong></span> <span class='ocrx_word' id='word_1_139' title='bbox 908 2372 974 2438; x_wconf 88' lang='lat' dir='ltr'><strong>quo</strong></span> <span class='ocrx_word' id='word_1_140' title='bbox 998 2350 1141 2415; x_wconf 77' lang='lat' dir='ltr'><strong>thesauri</strong></span> <span class='ocrx_word' id='word_1_141' title='bbox 1166 2349 1357 2414; x_wconf 83' lang='lat' dir='ltr'><strong>Mithridatis</strong></span> 
     </span>
     <span class='ocr_line' id='line_1_21' title="bbox 292 2450 1407 2540; baseline 0.003 -29"><span class='ocrx_word' id='word_1_142' title='bbox 292 2465 402 2530; x_wconf 80' lang='lat' dir='ltr'><strong>erarrt,</strong></span> <span class='ocrx_word' id='word_1_143' title='bbox 417 2451 555 2512; x_wconf 88' lang='lat' dir='ltr'><strong>Romani</strong></span> <span class='ocrx_word' id='word_1_144' title='bbox 568 2450 716 2514; x_wconf 85' lang='lat' dir='ltr'><strong>tradente</strong></span> <span class='ocrx_word' id='word_1_145' title='bbox 731 2451 913 2516; x_wconf 85' lang='lat' dir='ltr'><strong>Stratonice</strong></span> <span class='ocrx_word' id='word_1_146' title='bbox 925 2467 1130 2540; x_wconf 89' lang='lat' dir='ltr'><strong>receperunt.</strong></span> <span class='ocrx_word' id='word_1_147' title='bbox 1144 2451 1191 2514; x_wconf 83' lang='lat' dir='ltr'><strong>Ea</strong></span> <span class='ocrx_word' id='word_1_148' title='bbox 1203 2451 1238 2514; x_wconf 92' lang='lat' dir='ltr'><strong>in</strong></span> <span class='ocrx_word' id='word_1_149' title='bbox 1252 2452 1358 2515; x_wconf 92' lang='lat' dir='ltr'><strong>matri·</strong></span> <span class='ocrx_word' id='word_1_150' title='bbox 1406 2468 1407 2525; x_wconf 62' lang='grc' dir='ltr'>ξ</span> 
     </span>
     <span class='ocr_line' id='line_1_22' title="bbox 293 2542 1407 2644; baseline 0.001 -33"><span class='ocrx_word' id='word_1_151' title='bbox 293 2549 440 2614; x_wconf 88' lang='lat' dir='ltr'><strong>monium</strong></span> <span class='ocrx_word' id='word_1_152' title='bbox 456 2551 538 2640; x_wconf 90' lang='lat' dir='ltr'><strong>regis</strong></span> <span class='ocrx_word' id='word_1_153' title='bbox 553 2574 592 2615; x_wconf 81' lang='lat' dir='ltr'><strong>ex</strong></span> <span class='ocrx_word' id='word_1_154' title='bbox 609 2551 726 2616; x_wconf 91' lang='lat' dir='ltr'><strong>humili</strong></span> <span class='ocrx_word' id='word_1_155' title='bbox 741 2553 873 2617; x_wconf 86' lang='lat' dir='ltr'><strong>fortuna</strong></span> <span class='ocrx_word' id='word_1_156' title='bbox 886 2569 1037 2634; x_wconf 85' lang='lat' dir='ltr'><strong>venerat,</strong></span> <span class='ocrx_word' id='word_1_157' title='bbox 1051 2575 1155 2642; x_wconf 88' lang='lat' dir='ltr'><strong>quum</strong></span> <span class='ocrx_word' id='word_1_158' title='bbox 1172 2553 1312 2644; x_wconf 89' lang='lat' dir='ltr'><strong>psallens</strong></span> <span class='ocrx_word' id='word_1_159' title='bbox 1327 2552 1357 2613; x_wconf 88' lang='lat' dir='ltr'><strong>in</strong></span> <span class='ocrx_word' id='word_1_160' title='bbox 1406 2542 1407 2613; x_wconf 81' lang='lat' dir='ltr'><strong>l</strong></span> 
     </span>
     <span class='ocr_line' id='line_1_23' title="bbox 293 2651 642 2741; baseline 0.006 -25"><span class='ocrx_word' id='word_1_161' title='bbox 293 2651 444 2716; x_wconf 82' lang='lat' dir='ltr'><strong>convivio</strong></span> <span class='ocrx_word' id='word_1_162' title='bbox 460 2652 642 2741; x_wconf 83' lang='lat' dir='ltr'><strong>placuisset.</strong></span> 
     </span>
    </p>

    <p class='ocr_par' dir='ltr' id='par_1_5' title="bbox 292 2753 1407 3759">
     <span class='ocr_line' id='line_1_24' title="bbox 336 2753 1357 2845; baseline 0.002 -27"><span class='ocrx_word' id='word_1_163' title='bbox 336 2753 393 2818; x_wconf 88' lang='lat' dir='ltr'><strong>lv.</strong></span> <span class='ocrx_word' id='word_1_164' title='bbox 413 2755 553 2820; x_wconf 85' lang='lat' dir='ltr'><strong>Castoris</strong></span> <span class='ocrx_word' id='word_1_165' title='bbox 568 2756 656 2822; x_wconf 87' lang='lat' dir='ltr'><strong>enim</strong></span> <span class='ocrx_word' id='word_1_166' title='bbox 675 2757 761 2820; x_wconf 90' lang='lat' dir='ltr'><strong>senis</strong></span> <span class='ocrx_word' id='word_1_167' title='bbox 781 2773 815 2822; x_wconf 92' lang='lat' dir='ltr'><strong>et</strong></span> <span class='ocrx_word' id='word_1_168' title='bbox 833 2757 1025 2845; x_wconf 86' lang='lat' dir='ltr'><strong>pauperculi</strong></span> <span class='ocrx_word' id='word_1_169' title='bbox 1043 2773 1111 2821; x_wconf 90' lang='lat' dir='ltr'><strong>erat</strong></span> <span class='ocrx_word' id='word_1_170' title='bbox 1127 2753 1213 2837; x_wconf 82' lang='lat' dir='ltr'><strong>filia3</strong></span> <span class='ocrx_word' id='word_1_171' title='bbox 1236 2756 1294 2822; x_wconf 87' lang='lat' dir='ltr'><strong>sed</strong></span> <span class='ocrx_word' id='word_1_172' title='bbox 1310 2779 1357 2820; x_wconf 88' lang='lat' dir='ltr'><strong>re·</strong></span> 
     </span>
     <span class='ocr_line' id='line_1_25' title="bbox 292 2854 1407 2951; baseline 0.003 -33"><span class='ocrx_word' id='word_1_173' title='bbox 292 2869 391 2942; x_wconf 88' lang='lat' dir='ltr'><strong>pente</strong></span> <span class='ocrx_word' id='word_1_174' title='bbox 403 2854 437 2917; x_wconf 93' lang='lat' dir='ltr'><strong>in</strong></span> <span class='ocrx_word' id='word_1_175' title='bbox 452 2854 559 2918; x_wconf 89' lang='lat' dir='ltr'><strong>cubile</strong></span> <span class='ocrx_word' id='word_1_176' title='bbox 575 2856 659 2947; x_wconf 87' lang='lat' dir='ltr'><strong>regis</strong></span> <span class='ocrx_word' id='word_1_177' title='bbox 673 2874 818 2951; x_wconf 86' lang='lat' dir='ltr'><strong>recepta,</strong></span> <span class='ocrx_word' id='word_1_178' title='bbox 829 2869 955 2946; x_wconf 82' lang='lat' dir='ltr'><strong>patrem</strong></span> <span class='ocrx_word' id='word_1_179' title='bbox 967 2880 1101 2945; x_wconf 86' lang='lat' dir='ltr'><strong>quoque</strong></span> <span class='ocrx_word' id='word_1_180' title='bbox 1113 2856 1234 2922; x_wconf 83' lang='lat' dir='ltr'><strong>divitiis</strong></span> <span class='ocrx_word' id='word_1_181' title='bbox 1247 2879 1360 2922; x_wconf 88' lang='lat' dir='ltr'><strong>cumn·</strong></span> <span class='ocrx_word' id='word_1_182' title='bbox 1406 2890 1407 2909; x_wconf 39' lang='grc' dir='ltr'><strong>κ</strong></span> 
     </span>
     <span class='ocr_line' id='line_1_26' title="bbox 293 2955 1357 3050; baseline 0.004 -30"><span class='ocrx_word' id='word_1_183' title='bbox 293 2956 379 3020; x_wconf 86' lang='lat' dir='ltr'><strong>lavit.</strong></span> <span class='ocrx_word' id='word_1_184' title='bbox 392 2955 549 3022; x_wconf 90' lang='lat' dir='ltr'><strong>Nondum</strong></span> <span class='ocrx_word' id='word_1_185' title='bbox 563 2959 638 3022; x_wconf 89' lang='lat' dir='ltr'><strong>satis</strong></span> <span class='ocrx_word' id='word_1_186' title='bbox 652 2975 739 3022; x_wconf 89' lang='lat' dir='ltr'><strong>certa</strong></span> <span class='ocrx_word' id='word_1_187' title='bbox 749 2960 822 3023; x_wconf 92' lang='lat' dir='ltr'><strong>luce</strong></span> <span class='ocrx_word' id='word_1_188' title='bbox 831 2959 971 3023; x_wconf 90' lang='lat' dir='ltr'><strong>ministri</strong></span> <span class='ocrx_word' id='word_1_189' title='bbox 982 2959 1063 3049; x_wconf 91' lang='lat' dir='ltr'><strong>regii</strong></span> <span class='ocrx_word' id='word_1_190' title='bbox 1073 2975 1178 3024; x_wconf 80' lang='lat' dir='ltr'><strong>restes</strong></span> <span class='ocrx_word' id='word_1_191' title='bbox 1190 2961 1357 3050; x_wconf 81' lang='lat' dir='ltr'><strong>pretiosas,</strong></span> 
     </span>
     <span class='ocr_line' id='line_1_27' title="bbox 293 3059 1357 3150; baseline 0 -27"><span class='ocrx_word' id='word_1_192' title='bbox 293 3081 368 3123; x_wconf 84' lang='lat' dir='ltr'><strong>vasa</strong></span> <span class='ocrx_word' id='word_1_193' title='bbox 388 3081 485 3124; x_wconf 88' lang='lat' dir='ltr'><strong>aurea</strong></span> <span class='ocrx_word' id='word_1_194' title='bbox 507 3073 539 3123; x_wconf 88' lang='lat' dir='ltr'><strong>et</strong></span> <span class='ocrx_word' id='word_1_195' title='bbox 562 3076 732 3150; x_wconf 89' lang='lat' dir='ltr'><strong>argentea,</strong></span> <span class='ocrx_word' id='word_1_196' title='bbox 752 3084 827 3126; x_wconf 94' lang='lat' dir='ltr'><strong>cum</strong></span> <span class='ocrx_word' id='word_1_197' title='bbox 846 3061 906 3125; x_wconf 89' lang='lat' dir='ltr'><strong>alia</strong></span> <span class='ocrx_word' id='word_1_198' title='bbox 924 3059 1120 3150; x_wconf 87' lang='lat' dir='ltr'><strong>supellectile</strong></span> <span class='ocrx_word' id='word_1_199' title='bbox 1140 3060 1282 3149; x_wconf 88' lang='lat' dir='ltr'><strong>plurima</strong></span> <span class='ocrx_word' id='word_1_200' title='bbox 1301 3059 1357 3124; x_wconf 93' lang='lat' dir='ltr'><strong>do·</strong></span> 
     </span>
     <span class='ocr_line' id='line_1_28' title="bbox 293 3159 1358 3251; baseline 0.002 -27"><span class='ocrx_word' id='word_1_201' title='bbox 293 3181 384 3224; x_wconf 89' lang='lat' dir='ltr'><strong>mum</strong></span> <span class='ocrx_word' id='word_1_202' title='bbox 401 3159 470 3241; x_wconf 88' lang='lat' dir='ltr'><strong>ejus</strong></span> <span class='ocrx_word' id='word_1_203' title='bbox 484 3160 673 3226; x_wconf 87' lang='lat' dir='ltr'><strong>attulerunt.</strong></span> <span class='ocrx_word' id='word_1_204' title='bbox 687 3161 817 3244; x_wconf 88' lang='lat' dir='ltr'><strong>Quibus</strong></span> <span class='ocrx_word' id='word_1_205' title='bbox 829 3163 1028 3251; x_wconf 88' lang='lat' dir='ltr'><strong>conspectis,</strong></span> <span class='ocrx_word' id='word_1_206' title='bbox 1042 3185 1158 3243; x_wconf 78' lang='lat' dir='ltr'><strong>senen,</strong></span> <span class='ocrx_word' id='word_1_207' title='bbox 1172 3179 1206 3226; x_wconf 93' lang='lat' dir='ltr'><strong>et</strong></span> <span class='ocrx_word' id='word_1_208' title='bbox 1221 3185 1281 3231; x_wconf 83' lang='lat' dir='ltr'><strong>sua</strong></span> <span class='ocrx_word' id='word_1_209' title='bbox 1294 3183 1358 3226; x_wconf 83' lang='lat' dir='ltr'><strong>esse</strong></span> 
     </span>
     <span class='ocr_line' id='line_1_29' title="bbox 294 3259 1357 3352; baseline 0.001 -27"><span class='ocrx_word' id='word_1_210' title='bbox 294 3259 445 3342; x_wconf 88' lang='lat' dir='ltr'><strong>audiens,</strong></span> <span class='ocrx_word' id='word_1_211' title='bbox 462 3261 605 3326; x_wconf 89' lang='lat' dir='ltr'><strong>ludibrio</strong></span> <span class='ocrx_word' id='word_1_212' title='bbox 620 3285 656 3326; x_wconf 90' lang='lat' dir='ltr'><strong>sc</strong></span> <span class='ocrx_word' id='word_1_213' title='bbox 672 3279 762 3327; x_wconf 87' lang='lat' dir='ltr'><strong>ratus</strong></span> <span class='ocrx_word' id='word_1_214' title='bbox 778 3263 908 3345; x_wconf 89' lang='lat' dir='ltr'><strong>baberi,</strong></span> <span class='ocrx_word' id='word_1_215' title='bbox 929 3265 1096 3352; x_wconf 85' lang='lat' dir='ltr'><strong>proripere</strong></span> <span class='ocrx_word' id='word_1_216' title='bbox 1111 3287 1147 3328; x_wconf 85' lang='lat' dir='ltr'><strong>se</strong></span> <span class='ocrx_word' id='word_1_217' title='bbox 1161 3284 1222 3351; x_wconf 89' lang='lat' dir='ltr'><strong>per</strong></span> <span class='ocrx_word' id='word_1_218' title='bbox 1241 3263 1357 3328; x_wconf 85' lang='lat' dir='ltr'><strong>ostium</strong></span> 
     </span>
     <span class='ocr_line' id='line_1_30' title="bbox 292 3359 1357 3454; baseline 0.003 -30"><span class='ocrx_word' id='word_1_219' title='bbox 292 3359 413 3444; x_wconf 81' lang='lat' dir='ltr'><strong>voluit3</strong></span> <span class='ocrx_word' id='word_1_220' title='bbox 439 3361 544 3430; x_wconf 89' lang='lat' dir='ltr'><strong>donec</strong></span> <span class='ocrx_word' id='word_1_221' title='bbox 563 3363 800 3447; x_wconf 88' lang='lat' dir='ltr'><strong>retinentibus,</strong></span> <span class='ocrx_word' id='word_1_222' title='bbox 823 3364 1103 3454; x_wconf 87' lang='lat' dir='ltr'><strong>docentibusque,</strong></span> <span class='ocrx_word' id='word_1_223' title='bbox 1129 3364 1233 3430; x_wconf 76' lang='lat' dir='ltr'><strong>divitis</strong></span> <span class='ocrx_word' id='word_1_224' title='bbox 1256 3365 1357 3454; x_wconf 81' lang='lat' dir='ltr'><strong>cajus-</strong></span> 
     </span>
     <span class='ocr_line' id='line_1_31' title="bbox 292 3459 1358 3556; baseline 0.006 -32"><span class='ocrx_word' id='word_1_225' title='bbox 292 3459 369 3524; x_wconf 81' lang='lat' dir='ltr'><strong>dam</strong></span> <span class='ocrx_word' id='word_1_226' title='bbox 393 3461 600 3528; x_wconf 73' lang='lat' dir='ltr'><strong>hereditatem</strong></span> <span class='ocrx_word' id='word_1_227' title='bbox 627 3463 772 3553; x_wconf 79' lang='lat' dir='ltr'><strong>beneficio</strong></span> <span class='ocrx_word' id='word_1_228' title='bbox 797 3469 877 3555; x_wconf 82' lang='lat' dir='ltr'><strong>regis</strong></span> <span class='ocrx_word' id='word_1_229' title='bbox 901 3467 1034 3546; x_wconf 66' lang='lat' dir='ltr'><strong>donam,</strong></span> <span class='ocrx_word' id='word_1_230' title='bbox 1059 3481 1155 3556; x_wconf 84' lang='lat' dir='ltr'><strong>atque</strong></span> <span class='ocrx_word' id='word_1_231' title='bbox 1179 3467 1249 3531; x_wconf 74' lang='lat' dir='ltr'><strong>haec</strong></span> <span class='ocrx_word' id='word_1_232' title='bbox 1269 3467 1358 3530; x_wconf 71' lang='lat' dir='ltr'><strong>uubis</strong></span> 
     </span>
     <span class='ocr_line' id='line_1_32' title="bbox 292 3566 1359 3656; baseline 0.003 -30"><span class='ocrx_word' id='word_1_233' title='bbox 292 3575 416 3627; x_wconf 81' lang='lat' dir='ltr'><strong>tantum</strong></span> <span class='ocrx_word' id='word_1_234' title='bbox 429 3587 492 3629; x_wconf 82' lang='lat' dir='ltr'><strong>esse</strong></span> <span class='ocrx_word' id='word_1_235' title='bbox 508 3566 636 3630; x_wconf 67' lang='lat' dir='ltr'><strong>tonora</strong></span> <span class='ocrx_word' id='word_1_236' title='bbox 651 3579 682 3630; x_wconf 81' lang='lat' dir='ltr'><strong>et</strong></span> <span class='ocrx_word' id='word_1_237' title='bbox 697 3588 792 3656; x_wconf 84' lang='lat' dir='ltr'><strong>opum</strong></span> <span class='ocrx_word' id='word_1_238' title='bbox 799 3615 810 3647; x_wconf 95' lang='lat'><strong>,</strong></span> <span class='ocrx_word' id='word_1_239' title='bbox 828 3589 908 3656; x_wconf 82' lang='lat' dir='ltr'><strong>quas</strong></span> <span class='ocrx_word' id='word_1_240' title='bbox 924 3590 1005 3631; x_wconf 78' lang='lat' dir='ltr'><strong>mox</strong></span> <span class='ocrx_word' id='word_1_241' title='bbox 1019 3577 1095 3634; x_wconf 78' lang='lat' dir='ltr'><strong>esset</strong></span> <span class='ocrx_word' id='word_1_242' title='bbox 1110 3567 1290 3645; x_wconf 68' lang='lat' dir='ltr'><strong>tantm,</strong></span> <span class='ocrx_word' id='word_1_243' title='bbox 1306 3566 1359 3629; x_wconf 79' lang='lat' dir='ltr'><strong>vix</strong></span> 
     </span>
     <span class='ocr_line' id='line_1_33' title="bbox 292 3663 1357 3759; baseline 0.001 -31"><span class='ocrx_word' id='word_1_244' title='bbox 292 3663 422 3730; x_wconf 88' lang='lat' dir='ltr'><strong>tandem</strong></span> <span class='ocrx_word' id='word_1_245' title='bbox 444 3665 600 3748; x_wconf 90' lang='lat' dir='ltr'><strong>credidit;</strong></span> <span class='ocrx_word' id='word_1_246' title='bbox 623 3683 715 3736; x_wconf 89' lang='lat' dir='ltr'><strong>tanto</strong></span> <span class='ocrx_word' id='word_1_247' title='bbox 736 3669 887 3757; x_wconf 78' lang='lat' dir='ltr'><strong>perfirsus</strong></span> <span class='ocrx_word' id='word_1_248' title='bbox 906 3668 1043 3759; x_wconf 88' lang='lat' dir='ltr'><strong>gaudio,</strong></span> <span class='ocrx_word' id='word_1_249' title='bbox 1065 3684 1104 3732; x_wconf 86' lang='lat' dir='ltr'><strong>ut</strong></span> <span class='ocrx_word' id='word_1_250' title='bbox 1121 3664 1357 3756; x_wconf 86' lang='lat' dir='ltr'><strong>propemodum</strong></span> 
     </span>
    </p>
   </div>
   <div class='ocr_carea' id='block_1_3' title="bbox 292 3765 722 3855">
    <p class='ocr_par' dir='ltr' id='par_1_6' title="bbox 292 3765 722 3855">
     <span class='ocr_line' id='line_1_34' title="bbox 292 3765 722 3855; baseline 0.007 -26"><span class='ocrx_word' id='word_1_251' title='bbox 292 3765 333 3830; x_wconf 85' lang='lat' dir='ltr'><strong>de</strong></span> <span class='ocrx_word' id='word_1_252' title='bbox 350 3782 509 3855; x_wconf 86' lang='lat' dir='ltr'><strong>potestate</strong></span> <span class='ocrx_word' id='word_1_253' title='bbox 527 3769 639 3834; x_wconf 80' lang='lat' dir='ltr'><strong>exiret.</strong></span> <span class='ocrx_word' id='word_1_254' title='bbox 717 3789 722 3801; x_wconf 90' lang='lat'><strong>·</strong></span> 
     </span>
    </p>
   </div>
   <div class='ocr_carea' id='block_1_4' title="bbox 291 3997 1354 4236">
    <p class='ocr_par' dir='ltr' id='par_1_7' title="bbox 291 3997 1354 4236">
     <span class='ocr_line' id='line_1_35' title="bbox 325 3997 1354 4068; baseline -0.001 -20"><span class='ocrx_word' id='word_1_255' title='bbox 325 3999 373 4064; x_wconf 69' lang='lat' dir='ltr'><strong>sl.</strong></span> <span class='ocrx_word' id='word_1_256' title='bbox 390 4001 422 4048; x_wconf 82' lang='lat' dir='ltr'><strong>tJ.</strong></span> <span class='ocrx_word' id='word_1_257' title='bbox 435 3999 463 4050; x_wconf 88' lang='lat' dir='ltr'><strong>C.</strong></span> <span class='ocrx_word' id='word_1_258' title='bbox 478 3999 543 4064; x_wconf 75' lang='lat'><strong>6873</strong></span> <span class='ocrx_word' id='word_1_259' title='bbox 559 3999 590 4048; x_wconf 74' lang='lat' dir='ltr'><strong>A.</strong></span> <span class='ocrx_word' id='word_1_260' title='bbox 605 3999 632 4050; x_wconf 84' lang='lat' dir='ltr'><strong>C.</strong></span> <span class='ocrx_word' id='word_1_261' title='bbox 653 4001 695 4050; x_wconf 80' lang='grc'><strong>65.</strong></span> <span class='ocrx_word' id='word_1_262' title='bbox 718 4029 754 4038; x_wconf 90' lang='grc'><strong>-</strong></span> <span class='ocrx_word' id='word_1_263' title='bbox 776 4003 899 4052; x_wconf 72' lang='lat' dir='ltr'><strong>Plutarch.</strong></span> <span class='ocrx_word' id='word_1_264' title='bbox 915 4007 943 4052; x_wconf 84' lang='lat' dir='ltr'><strong>in</strong></span> <span class='ocrx_word' id='word_1_265' title='bbox 958 4007 1046 4068; x_wconf 78' lang='lat' dir='ltr'><strong>Pomp.</strong></span> <span class='ocrx_word' id='word_1_266' title='bbox 1062 4019 1116 4068; x_wconf 81' lang='lat' dir='ltr'><strong>cap.</strong></span> <span class='ocrx_word' id='word_1_267' title='bbox 1133 4002 1178 4063; x_wconf 78' lang='lat'><strong>59.</strong></span> <span class='ocrx_word' id='word_1_268' title='bbox 1191 4029 1227 4038; x_wconf 89' lang='lat'><em>-</em></span> <span class='ocrx_word' id='word_1_269' title='bbox 1240 4002 1300 4058; x_wconf 80' lang='lat' dir='ltr'><strong>Dio,</strong></span> <span class='ocrx_word' id='word_1_270' title='bbox 1313 3997 1354 4045; x_wconf 63' lang='grc' dir='ltr'><strong>ΙΙΙ»ι</strong></span> 
     </span>
     <span class='ocr_line' id='line_1_36' title="bbox 291 4083 1354 4152; baseline -0.002 -21"><span class='ocrx_word' id='word_1_271' title='bbox 291 4085 426 4132; x_wconf 67' lang='lat' dir='ltr'><strong>xxxvii.</strong></span> <span class='ocrx_word' id='word_1_272' title='bbox 441 4111 475 4120; x_wconf 92' lang='lat'>-</span> <span class='ocrx_word' id='word_1_273' title='bbox 493 4083 509 4148; x_wconf 77' lang='lat' dir='ltr'><strong><em>s</em></strong></span> <span class='ocrx_word' id='word_1_274' title='bbox 525 4085 559 4132; x_wconf 92' lang='grc'><strong>11.</strong></span> <span class='ocrx_word' id='word_1_275' title='bbox 573 4083 697 4134; x_wconf 74' lang='lat' dir='ltr'><strong>Plutarch.</strong></span> <span class='ocrx_word' id='word_1_276' title='bbox 712 4112 748 4122; x_wconf 86' lang='lat'><strong>-·</strong></span> <span class='ocrx_word' id='word_1_277' title='bbox 758 4087 816 4134; x_wconf 83' lang='lat' dir='ltr'><strong>Dio.</strong></span> <span class='ocrx_word' id='word_1_278' title='bbox 833 4115 868 4125; x_wconf 94' lang='lat'>-</span> <span class='ocrx_word' id='word_1_279' title='bbox 886 4087 902 4152; x_wconf 77' lang='lat' dir='ltr'><strong><em>s</em></strong></span> <span class='ocrx_word' id='word_1_280' title='bbox 915 4089 961 4137; x_wconf 87' lang='grc'><strong>111.</strong></span> <span class='ocrx_word' id='word_1_281' title='bbox 975 4087 1102 4138; x_wconf 76' lang='lat' dir='ltr'><strong>Plutarch.</strong></span> <span class='ocrx_word' id='word_1_282' title='bbox 1114 4113 1149 4124; x_wconf 90' lang='lat'>-</span> <span class='ocrx_word' id='word_1_283' title='bbox 1167 4086 1224 4135; x_wconf 85' lang='lat' dir='ltr'><strong>Dio.</strong></span> <span class='ocrx_word' id='word_1_284' title='bbox 1237 4113 1272 4124; x_wconf 80' lang='lat'><strong>-·</strong></span> <span class='ocrx_word' id='word_1_285' title='bbox 1285 4085 1299 4150; x_wconf 68' lang='lat' dir='ltr'>s</span> <span class='ocrx_word' id='word_1_286' title='bbox 1312 4084 1354 4129; x_wconf 75' lang='lat' dir='ltr'><strong>tv.</strong></span> 
     </span>
     <span class='ocr_line' id='line_1_37' title="bbox 291 4168 790 4236; baseline 0 -16"><span class='ocrx_word' id='word_1_287' title='bbox 291 4168 347 4220; x_wconf 78' lang='lat' dir='ltr'><strong>nto.</strong></span> <span class='ocrx_word' id='word_1_288' title='bbox 362 4195 396 4208; x_wconf 83' lang='lat'><strong>·-·</strong></span> <span class='ocrx_word' id='word_1_289' title='bbox 409 4169 518 4236; x_wconf 70' lang='lat' dir='ltr'><strong>Appian-</strong></span> <span class='ocrx_word' id='word_1_290' title='bbox 527 4168 642 4218; x_wconf 75' lang='lat' dir='ltr'><strong>Mltbrid.</strong></span> <span class='ocrx_word' id='word_1_291' title='bbox 657 4195 691 4208; x_wconf 89' lang='lat'><strong>·-</strong></span> <span class='ocrx_word' id='word_1_292' title='bbox 706 4172 790 4220; x_wconf 74' lang='lat' dir='ltr'><strong>Frcat.</strong></span> 
     </span>
    </p>
   </div>
   <div class='ocr_carea' id='block_1_5' title="bbox 0 0 1442 4900">
    <p class='ocr_par' dir='ltr' id='par_1_8' title="bbox 0 0 1442 4900">
     <span class='ocr_line' id='line_1_38' title="bbox 0 0 1442 4900; baseline 0 1"><span class='ocrx_word' id='word_1_293' title='bbox 0 0 1442 4900; x_wconf 95' lang='lat' dir='ltr'><strong> </strong></span> 
     </span>
    </p>
   </div>
  </div>
 </body>
</html>
