2875 4900
106 429 1167 462 mnnwmffmmfflmmmmmmfflwbfflsst

235 631 522 722 JOANNIS
564 631 1035 722 FREINSHEMII

140 883 1126 1030 SUPPLEMENTORUM

259 1285 272 1296 .
322 1179 949 1304 LIVIANORUM

470 1449 648 1528 LIBER
683 1449 801 1528 XLV

254 1666 301 1720 IN
330 1663 485 1722 LOCUM
509 1665 634 1720 LIBRI
660 1665 787 1722 Lxxx
814 1665 1002 1722 LIVIANI.

439 1886 834 1922 -ὠςΦ-...η

510 2089 753 2158 ΕΡΙΤΟΜΕ

405 2244 528 2300 mam
554 2215 850 2300 ocroou'stnss.

101 2377 190 2432 italicis
204 2378 315 2452 populis
331 2388 454 2431 asenatu
466 2376 557 2430 civitas
574 2376 637 2430 data
650 2388 699 2430 est.
717 2377 866 2441 Samnites,
880 2378 927 2449 qui
943 2377 994 2430 soli
1012 2395 1086 2430 arma
1102 2378 1164 2431 reti-

129 2463 242 2525 nebant,
256 2462 350 2515 Cinnar
364 2473 389 2514 et
398 2460 485 2513 Mario
494 2480 522 2513 se
531 2462 741 2534 conjunxerunt:
753 2462 788 2513 ab
799 2459 830 2514 iis
842 2461 960 2514 Plautius
971 2480 1033 2513 cnm
1048 2462 1164 2516 exercitu

128 2564 207 2598 cesus
220 2558 272 2599 est.
295 2544 381 2599 Cinna
395 2556 421 2597 et
433 2544 534 2597 Marius
547 2564 609 2596 cum
620 2544 742 2597 Carbone
752 2555 778 2596 et
788 2544 904 2599 Sertorio
916 2543 1070 2597 Ianiculum
1084 2544 1164 2596 oc'cn·

128 2642 276 2699 paverunt,
292 2641 318 2681 et
336 2627 419 2701 fugnti
433 2628 468 2681 ab
481 2628 595 2681 Octavio
610 2628 718 2681 consule
733 2639 907 2683 recesserunt.
926 2630 1029 2681 Marius
1038 2628 1161 2691 Antium

128 2723 152 2764 et
165 2713 303 2775 Ariciam,
319 2723 346 2764 et
360 2711 510 2765 Lanuvium
525 2711 645 2767 colonias
660 2711 814 2767 devastavit.
830 2714 922 2779 Quum
933 2713 1009 2767 nulla
1021 2730 1079 2783 spes
1095 2724 1164 2765 esset

128 2795 303 2865 optimatibus
314 2794 451 2849 resistendi
465 2806 574 2867 propter
586 2796 724 2867 segnitiem
737 2808 763 2849 et
772 2796 912 2869 perfidiam
925 2809 952 2851 et
963 2796 1064 2849 ducum
1077 2807 1104 2848 et
1116 2796 1165 2847 mi·

127 2876 218 2942 litum,
238 2876 289 2949 qui
311 2879 428 2949 corrupti
450 2890 496 2931 ant
518 2898 638 2950 pugnare
657 2880 802 2944 nolebant,
821 2894 868 2933 aut
885 2880 920 2933 ad
941 2880 1057 2933 diversas
1077 2890 1165 2949 partes

128 2961 275 3015 transibant
282 2999 292 3024 ‚
303 2960 389 3014 Cinna
400 2973 426 3014 et
435 2961 536 3015 Marius
545 2962 573 3014 in
585 2962 684 3015 Urbem
696 2962 795 3034 recepti
805 2976 881 3015 sunt:
893 2962 939 3033 qui
947 2962 1034 3026 ‚velut
1043 2971 1164 3031 captam,

128 3061 182 3095 earn
204 3042 327 3097 caedibus
346 3056 373 3096 et
391 3044 490 3116 rapinis
510 3056 665 3108 vastarunt,
685 3046 736 3099 Cn.
752 3046 866 3099 Octavio
883 3044 992 3098 consule
1013 3043 1119 3105 occiso,
1138 3054 1165 3095 et

127 3126 250 3180 omnibns
264 3124 385 3180 adversis
399 3128 482 3199 pertis
495 3128 630 3181 nobilibus
646 3128 809 3192 trucidatus,
823 3129 892 3182 inter
908 3148 976 3200 quos
993 3129 1032 3182 Μ.
1048 3126 1167 3180 Antonio

129 3209 348 3283 eloquentissimo
358 3210 433 3275 viro,
445 3214 477 3265 L.
492 3224 518 3265 et
530 3213 562 3266 C.
576 3214 679 3267 Caesnre
688 3254 696 3280 ‚
709 3230 825 3285 quorum
834 3212 921 3284 capita
932 3212 961 3265 in
969 3210 1070 3265 Rostris
1079 3210 1163 3283 posits

128 3305 195 3345 suut.
211 3294 329 3347 Crassus
342 3294 414 3349 lilius
428 3296 463 3349 ab
480 3296 611 3368 equitibus
625 3297 748 3351 Fimbriae
766 3296 860 3351 occisis
873 3308 968 3369 :pater
983 3297 1113 3362 Crassus,
1129 3316 1166 3350 ne

129 3378 190 3447 quid
201 3378 347 3451 indignum
355 3380 451 3433 virtute
463 3399 511 3433 sua
524 3392 668 3451 pateretur,
683 3379 772 3453 gladio
784 3400 813 3436 se
827 3378 966 3433 transfixit.
984 3382 1017 3433 Et
1030 3380 1097 3433 citra
1111 3381 1164 3435 ulls

28 3482 29 3531 ;
128 3462 231 3515 comitia
241 3460 368 3515 consules
379 3464 407 3515 in
418 3476 569 3537 sequentem
580 3482 680 3517 annum
692 3484 719 3517 se
729 3465 799 3536 ipsos
807 3464 1043 3527 renuntiaverunt;
1055 3462 1163 3516 eodem-

28 3532 29 3573 l
129 3562 177 3614 que
190 3545 251 3611 die,
267 3565 324 3620 quo
336 3548 520 3619 magistratum
533 3548 661 3612 inierant,
677 3549 777 3601 Matius
793 3550 853 3602 Sex.
866 3549 996 3601 Licinium
1014 3560 1164 3601 senatorem

128 3626 159 3680 de
181 3648 245 3683 saxo
271 3630 351 3703 dejici
367 3632 462 3703 jussit:
484 3630 615 3703 editisque
634 3632 725 3685 multis
746 3632 905 3696 sceleribus,
926 3631 1015 3684 idibus
1032 3631 1163 3703 januariis

129 3710 258 3767 decessit:
274 3716 328 3778 vir,
342 3720 418 3789 cnjus
432 3716 652 3770 si'examinentur
667 3736 730 3769 cnm
742 3717 883 3771 virtutibus
895 3716 977 3780 vitia,
990 3715 1069 3768 baud
1083 3713 1163 3768 facile

131 3796 160 3847 sit
170 3796 257 3862 dictu,
269 3812 360 3852 utrum
373 3800 444 3853 bello
456 3801 560 3863 melior,
571 3820 606 3853 au
616 3819 681 3871 pace
694 3801 867 3873 perniciosior
881 3799 977 3860 fuerit;
987 3797 1069 3859 adeo,
1080 3815 1161 3867 quam

130 3882 319 3953 rempublicam
333 3895 448 3938 armatus
461 3884 591 3948 servavit,
605 3902 664 3937 eant
677 3885 765 3957 primo
778 3896 884 3957 togatus
897 3880 972 3935 omui
982 3898 1080 3951 genere
1093 3880 1163 3929 irau-

133 3961 185 4027 dis,
196 3978 335 4037 postremo
346 3968 426 4021 armis
436 3967 565 4021 hostiliter
577 3966 680 4020 evertit.

437 4130 826 4164 ΜΦ...-
