<?xml version="1.0" encoding="UTF-8"?>
<!DOCTYPE html PUBLIC "-//W3C//DTD XHTML 1.0 Transitional//EN"
    "http://www.w3.org/TR/xhtml1/DTD/xhtml1-transitional.dtd">
<html xmlns="http://www.w3.org/1999/xhtml" xml:lang="en" lang="en">
 <head>
  <title>
</title>
<meta http-equiv="Content-Type" content="text/html;charset=utf-8" />
  <meta name='ocr-system' content='tesseract 3.04.00' />
  <meta name='ocr-capabilities' content='ocr_page ocr_carea ocr_par ocr_line ocrx_word'/>
</head>
<body>
  <div class='ocr_page' id='page_1' title='image "bibliothecaclas116lemagoog_0679.png"; bbox 0 0 2875 4900; ppageno 0'>
   <div class='ocr_carea' id='block_1_1' title="bbox 306 357 1178 458">
    <p class='ocr_par' dir='ltr' id='par_1_1' title="bbox 306 357 1178 458">
     <span class='ocr_line' id='line_1_1' title="bbox 306 357 1178 458; baseline 0.008 -33"><span class='ocrx_word' id='word_1_1' title='bbox 306 357 358 426; x_wconf 90' lang='lat' dir='ltr'><strong>IN</strong></span> <span class='ocrx_word' id='word_1_2' title='bbox 388 359 500 426; x_wconf 88' lang='lat' dir='ltr'><strong>LOC.</strong></span> <span class='ocrx_word' id='word_1_3' title='bbox 527 360 622 426; x_wconf 79' lang='lat' dir='ltr'><strong>LID.</strong></span> <span class='ocrx_word' id='word_1_4' title='bbox 651 360 740 428; x_wconf 88' lang='lat' dir='ltr'><strong>CIX</strong></span> <span class='ocrx_word' id='word_1_5' title='bbox 770 360 980 428; x_wconf 57' lang='lat' dir='ltr'><strong>lilVIANl.</strong></span> <span class='ocrx_word' id='word_1_6' title='bbox 1110 361 1178 458; x_wconf 77' lang='lat'><strong>671</strong></span> 
     </span>
    </p>
   </div>
   <div class='ocr_carea' id='block_1_2' title="bbox 109 479 1184 972">
    <p class='ocr_par' dir='ltr' id='par_1_2' title="bbox 109 479 1184 972">
     <span class='ocr_line' id='line_1_2' title="bbox 110 479 1184 568; baseline 0.004 -24"><span class='ocrx_word' id='word_1_7' title='bbox 110 483 194 544; x_wconf 85' lang='lat' dir='ltr'><strong>Sane</strong></span> <span class='ocrx_word' id='word_1_8' title='bbox 217 479 400 560; x_wconf 78' lang='lat' dir='ltr'>Domitius,</span> <span class='ocrx_word' id='word_1_9' title='bbox 418 481 550 542; x_wconf 83' lang='lat' dir='ltr'><strong>Gaesaris</strong></span> <span class='ocrx_word' id='word_1_10' title='bbox 573 481 653 542; x_wconf 87' lang='lat' dir='ltr'><strong>iram</strong></span> <span class='ocrx_word' id='word_1_11' title='bbox 669 494 837 562; x_wconf 88' lang='lat' dir='ltr'><strong>metuens,</strong></span> <span class='ocrx_word' id='word_1_12' title='bbox 855 482 908 542; x_wconf 90' lang='lat' dir='ltr'><strong>cui</strong></span> <span class='ocrx_word' id='word_1_13' title='bbox 931 502 1060 568; x_wconf 78' lang='lat' dir='ltr'>semper</span> <span class='ocrx_word' id='word_1_14' title='bbox 1078 482 1184 548; x_wconf 78' lang='lat' dir='ltr'><strong>fuerat</strong></span> 
     </span>
     <span class='ocr_line' id='line_1_3' title="bbox 110 580 1184 673; baseline -0.001 -27"><span class='ocrx_word' id='word_1_15' title='bbox 110 582 314 663; x_wconf 86' lang='lat' dir='ltr'><strong>adversatus,</strong></span> <span class='ocrx_word' id='word_1_16' title='bbox 338 603 357 644; x_wconf 91' lang='lat' dir='ltr'><strong>a</strong></span> <span class='ocrx_word' id='word_1_17' title='bbox 370 581 498 645; x_wconf 89' lang='lat' dir='ltr'><strong>medico</strong></span> <span class='ocrx_word' id='word_1_18' title='bbox 513 580 695 667; x_wconf 89' lang='lat' dir='ltr'><strong>eodemque</strong></span> <span class='ocrx_word' id='word_1_19' title='bbox 711 601 805 643; x_wconf 89' lang='lat' dir='ltr'><strong>servo</strong></span> <span class='ocrx_word' id='word_1_20' title='bbox 821 603 884 644; x_wconf 92' lang='lat' dir='ltr'><strong>suo</strong></span> <span class='ocrx_word' id='word_1_21' title='bbox 902 603 1066 645; x_wconf 91' lang='lat' dir='ltr'><strong>venenum</strong></span> <span class='ocrx_word' id='word_1_22' title='bbox 1078 606 1184 673; x_wconf 88' lang='lat' dir='ltr'><strong>popo·</strong></span> 
     </span>
     <span class='ocr_line' id='line_1_4' title="bbox 110 679 1183 770; baseline 0.004 -24"><span class='ocrx_word' id='word_1_23' title='bbox 110 699 224 748; x_wconf 89' lang='lat' dir='ltr'><strong>scerat.</strong></span> <span class='ocrx_word' id='word_1_24' title='bbox 241 681 305 747; x_wconf 92' lang='lat' dir='ltr'><strong>Sed</strong></span> <span class='ocrx_word' id='word_1_25' title='bbox 317 682 422 762; x_wconf 85' lang='lat' dir='ltr'><strong>idem,</strong></span> <span class='ocrx_word' id='word_1_26' title='bbox 441 681 572 746; x_wconf 79' lang='lat' dir='ltr'><strong>lenitate</strong></span> <span class='ocrx_word' id='word_1_27' title='bbox 584 681 713 770; x_wconf 89' lang='lat' dir='ltr'><strong>cognita</strong></span> <span class='ocrx_word' id='word_1_28' title='bbox 725 680 874 762; x_wconf 86' lang='lat' dir='ltr'><strong>victoris,</strong></span> <span class='ocrx_word' id='word_1_29' title='bbox 889 679 1058 768; x_wconf 86' lang='lat' dir='ltr'><strong>deplorare</strong></span> <span class='ocrx_word' id='word_1_30' title='bbox 1071 685 1183 750; x_wconf 85' lang='lat' dir='ltr'><strong>condi·</strong></span> 
     </span>
     <span class='ocr_line' id='line_1_5' title="bbox 109 781 1183 872; baseline 0.001 -24"><span class='ocrx_word' id='word_1_31' title='bbox 109 787 234 852; x_wconf 91' lang='lat' dir='ltr'><strong>tionem</strong></span> <span class='ocrx_word' id='word_1_32' title='bbox 247 807 339 849; x_wconf 90' lang='lat' dir='ltr'><strong>suam</strong></span> <span class='ocrx_word' id='word_1_33' title='bbox 352 783 465 872; x_wconf 88' lang='lat' dir='ltr'><strong>coepit,</strong></span> <span class='ocrx_word' id='word_1_34' title='bbox 480 782 571 871; x_wconf 91' lang='lat' dir='ltr'><strong>quod</strong></span> <span class='ocrx_word' id='word_1_35' title='bbox 587 803 686 870; x_wconf 90' lang='lat' dir='ltr'><strong>quam</strong></span> <span class='ocrx_word' id='word_1_36' title='bbox 701 782 873 846; x_wconf 88' lang='lat' dir='ltr'><strong>relicturus</strong></span> <span class='ocrx_word' id='word_1_37' title='bbox 884 781 1000 846; x_wconf 81' lang='lat' dir='ltr'><strong>fuisset</strong></span> <span class='ocrx_word' id='word_1_38' title='bbox 1012 783 1183 865; x_wconf 88' lang='lat' dir='ltr'><strong>inimicus,</strong></span> 
     </span>
     <span class='ocr_line' id='line_1_6' title="bbox 109 883 1106 972; baseline 0.001 -22"><span class='ocrx_word' id='word_1_39' title='bbox 109 886 247 972; x_wconf 90' lang='lat' dir='ltr'><strong>sibiipsi</strong></span> <span class='ocrx_word' id='word_1_40' title='bbox 265 886 364 950; x_wconf 91' lang='lat' dir='ltr'><strong>vitam</strong></span> <span class='ocrx_word' id='word_1_41' title='bbox 377 885 479 949; x_wconf 91' lang='lat' dir='ltr'><strong>homo</strong></span> <span class='ocrx_word' id='word_1_42' title='bbox 495 885 684 948; x_wconf 82' lang='lat' dir='ltr'><strong>temerarius</strong></span> <span class='ocrx_word' id='word_1_43' title='bbox 701 883 885 970; x_wconf 89' lang='lat' dir='ltr'><strong>stultusque</strong></span> <span class='ocrx_word' id='word_1_44' title='bbox 900 883 1106 971; x_wconf 73' lang='lat' dir='ltr'><strong>praecidisset.</strong></span> 
     </span>
    </p>
   </div>
   <div class='ocr_carea' id='block_1_3' title="bbox 102 983 1184 3701">
    <p class='ocr_par' dir='ltr' id='par_1_3' title="bbox 105 983 1184 2284">
     <span class='ocr_line' id='line_1_7' title="bbox 154 983 1183 1076; baseline 0.003 -26"><span class='ocrx_word' id='word_1_45' title='bbox 154 985 269 1050; x_wconf 81' lang='lat' dir='ltr'><strong>vat.</strong></span> <span class='ocrx_word' id='word_1_46' title='bbox 286 985 335 1049; x_wconf 92' lang='lat' dir='ltr'><strong>lbi</strong></span> <span class='ocrx_word' id='word_1_47' title='bbox 348 983 511 1066; x_wconf 88' lang='lat' dir='ltr'><strong>medicus,</strong></span> <span class='ocrx_word' id='word_1_48' title='bbox 524 985 581 1072; x_wconf 90' lang='lat' dir='ltr'><strong>qui</strong></span> <span class='ocrx_word' id='word_1_49' title='bbox 594 983 793 1048; x_wconf 87' lang='lat' dir='ltr'><strong>adolescenti</strong></span> <span class='ocrx_word' id='word_1_50' title='bbox 806 985 952 1048; x_wconf 91' lang='lat' dir='ltr'><strong>Domitio</strong></span> <span class='ocrx_word' id='word_1_51' title='bbox 965 1008 1035 1050; x_wconf 87' lang='lat' dir='ltr'><strong>rem</strong></span> <span class='ocrx_word' id='word_1_52' title='bbox 1047 1009 1183 1076; x_wconf 89' lang='lat' dir='ltr'><strong>aperue-</strong></span> 
     </span>
     <span class='ocr_line' id='line_1_8' title="bbox 108 1083 1182 1174; baseline 0.004 -26"><span class='ocrx_word' id='word_1_53' title='bbox 108 1099 181 1166; x_wconf 81' lang='lat' dir='ltr'><strong>rat,</strong></span> <span class='ocrx_word' id='word_1_54' title='bbox 208 1109 307 1174; x_wconf 87' lang='lat' dir='ltr'><strong>seque</strong></span> <span class='ocrx_word' id='word_1_55' title='bbox 326 1086 466 1166; x_wconf 85' lang='lat' dir='ltr'><strong>jusserat</strong></span> <span class='ocrx_word' id='word_1_56' title='bbox 493 1085 668 1164; x_wconf 88' lang='lat' dir='ltr'><strong>asservari,</strong></span> <span class='ocrx_word' id='word_1_57' title='bbox 698 1083 805 1148; x_wconf 87' lang='lat' dir='ltr'><strong>donec</strong></span> <span class='ocrx_word' id='word_1_58' title='bbox 831 1102 967 1150; x_wconf 89' lang='lat' dir='ltr'><strong>eventus</strong></span> <span class='ocrx_word' id='word_1_59' title='bbox 991 1087 1182 1171; x_wconf 77' lang='lat' dir='ltr'><strong>docuisset,</strong></span> 
     </span>
     <span class='ocr_line' id='line_1_9' title="bbox 109 1184 1183 1278; baseline 0.007 -30"><span class='ocrx_word' id='word_1_60' title='bbox 109 1201 266 1249; x_wconf 90' lang='lat' dir='ltr'><strong>utrumne</strong></span> <span class='ocrx_word' id='word_1_61' title='bbox 278 1209 442 1250; x_wconf 87' lang='lat' dir='ltr'><strong>venenum</strong></span> <span class='ocrx_word' id='word_1_62' title='bbox 462 1185 576 1249; x_wconf 89' lang='lat' dir='ltr'><strong>datum</strong></span> <span class='ocrx_word' id='word_1_63' title='bbox 590 1185 673 1272; x_wconf 92' lang='lat' dir='ltr'><strong>patri</strong></span> <span class='ocrx_word' id='word_1_64' title='bbox 692 1184 797 1264; x_wconf 85' lang='lat' dir='ltr'><strong>foret,</strong></span> <span class='ocrx_word' id='word_1_65' title='bbox 811 1187 1042 1252; x_wconf 90' lang='lat' dir='ltr'><strong>tantummodo</strong></span> <span class='ocrx_word' id='word_1_66' title='bbox 1056 1191 1183 1278; x_wconf 89' lang='lat' dir='ltr'><strong>sopori·</strong></span> 
     </span>
     <span class='ocr_line' id='line_1_10' title="bbox 109 1284 1184 1374; baseline 0.009 -26"><span class='ocrx_word' id='word_1_67' title='bbox 109 1287 211 1350; x_wconf 85' lang='lat' dir='ltr'><strong>leram</strong></span> <span class='ocrx_word' id='word_1_68' title='bbox 234 1287 403 1374; x_wconf 89' lang='lat' dir='ltr'><strong>potionem</strong></span> <span class='ocrx_word' id='word_1_69' title='bbox 430 1308 464 1350; x_wconf 92' lang='lat' dir='ltr'><strong>se</strong></span> <span class='ocrx_word' id='word_1_70' title='bbox 492 1285 619 1350; x_wconf 88' lang='lat' dir='ltr'><strong>dedisse</strong></span> <span class='ocrx_word' id='word_1_71' title='bbox 645 1284 810 1350; x_wconf 87' lang='lat' dir='ltr'><strong>indicavit.</strong></span> <span class='ocrx_word' id='word_1_72' title='bbox 837 1288 907 1351; x_wconf 92' lang='lat' dir='ltr'><strong>Hac</strong></span> <span class='ocrx_word' id='word_1_73' title='bbox 929 1312 965 1353; x_wconf 92' lang='lat' dir='ltr'><strong>re</strong></span> <span class='ocrx_word' id='word_1_74' title='bbox 989 1290 1184 1358; x_wconf 80' lang='lat' dir='ltr'><strong>exhilaratus</strong></span> 
     </span>
     <span class='ocr_line' id='line_1_11' title="bbox 107 1385 1182 1475; baseline 0.008 -27"><span class='ocrx_word' id='word_1_75' title='bbox 107 1385 120 1472; x_wconf 91' lang='lat'><strong>(</strong></span> <span class='ocrx_word' id='word_1_76' title='bbox 130 1409 240 1474; x_wconf 88' lang='lat' dir='ltr'><strong>neque</strong></span> <span class='ocrx_word' id='word_1_77' title='bbox 260 1387 348 1450; x_wconf 85' lang='lat' dir='ltr'><strong>enim</strong></span> <span class='ocrx_word' id='word_1_78' title='bbox 366 1388 499 1450; x_wconf 89' lang='lat' dir='ltr'><strong>Lucano</strong></span> <span class='ocrx_word' id='word_1_79' title='bbox 518 1385 718 1450; x_wconf 86' lang='lat' dir='ltr'><strong>credendum</strong></span> <span class='ocrx_word' id='word_1_80' title='bbox 734 1401 801 1468; x_wconf 89' lang='lat' dir='ltr'><strong>est,</strong></span> <span class='ocrx_word' id='word_1_81' title='bbox 818 1387 851 1450; x_wconf 90' lang='lat' dir='ltr'><strong>in</strong></span> <span class='ocrx_word' id='word_1_82' title='bbox 867 1390 1001 1475; x_wconf 89' lang='lat' dir='ltr'><strong>gratiam</strong></span> <span class='ocrx_word' id='word_1_83' title='bbox 1021 1391 1182 1475; x_wconf 88' lang='lat' dir='ltr'><strong>Neronis,</strong></span> 
     </span>
     <span class='ocr_line' id='line_1_12' title="bbox 107 1487 1184 1577; baseline 0.006 -27"><span class='ocrx_word' id='word_1_84' title='bbox 107 1487 203 1566; x_wconf 84' lang='lat' dir='ltr'><strong>cujus</strong></span> <span class='ocrx_word' id='word_1_85' title='bbox 216 1487 270 1551; x_wconf 91' lang='lat' dir='ltr'><strong>hic</strong></span> <span class='ocrx_word' id='word_1_86' title='bbox 282 1487 446 1552; x_wconf 88' lang='lat' dir='ltr'><strong>Domitius</strong></span> <span class='ocrx_word' id='word_1_87' title='bbox 462 1487 583 1551; x_wconf 80' lang='lat' dir='ltr'><strong>abavus</strong></span> <span class='ocrx_word' id='word_1_88' title='bbox 599 1487 679 1568; x_wconf 82' lang='lat' dir='ltr'><strong>fuit,</strong></span> <span class='ocrx_word' id='word_1_89' title='bbox 695 1487 806 1550; x_wconf 91' lang='lat' dir='ltr'><strong>omnia</strong></span> <span class='ocrx_word' id='word_1_90' title='bbox 823 1488 884 1551; x_wconf 87' lang='lat' dir='ltr'><strong>alia</strong></span> <span class='ocrx_word' id='word_1_91' title='bbox 900 1487 1055 1577; x_wconf 85' lang='lat' dir='ltr'><strong>fingenti)</strong></span> <span class='ocrx_word' id='word_1_92' title='bbox 1068 1514 1184 1556; x_wconf 85' lang='lat' dir='ltr'><strong>manu·</strong></span> 
     </span>
     <span class='ocr_line' id='line_1_13' title="bbox 107 1587 1182 1676; baseline 0.006 -25"><span class='ocrx_word' id='word_1_93' title='bbox 107 1589 197 1652; x_wconf 86' lang='lat' dir='ltr'><strong>misit</strong></span> <span class='ocrx_word' id='word_1_94' title='bbox 210 1587 393 1669; x_wconf 79' lang='lat' dir='ltr'><strong>medicum3</strong></span> <span class='ocrx_word' id='word_1_95' title='bbox 407 1604 505 1674; x_wconf 84' lang='lat' dir='ltr'><strong>atque</strong></span> <span class='ocrx_word' id='word_1_96' title='bbox 518 1589 579 1670; x_wconf 92' lang='lat' dir='ltr'><strong>ita,</strong></span> <span class='ocrx_word' id='word_1_97' title='bbox 594 1602 767 1676; x_wconf 89' lang='lat' dir='ltr'><strong>postquam</strong></span> <span class='ocrx_word' id='word_1_98' title='bbox 783 1587 904 1668; x_wconf 83' lang='lat' dir='ltr'><strong>illuxit,</strong></span> <span class='ocrx_word' id='word_1_99' title='bbox 917 1611 994 1653; x_wconf 89' lang='lat' dir='ltr'><strong>cum</strong></span> <span class='ocrx_word' id='word_1_100' title='bbox 1008 1595 1129 1660; x_wconf 80' lang='lat' dir='ltr'><strong>caeteris</strong></span> <span class='ocrx_word' id='word_1_101' title='bbox 1140 1594 1182 1659; x_wconf 92' lang='lat' dir='ltr'><strong>ad</strong></span> 
     </span>
     <span class='ocr_line' id='line_1_14' title="bbox 107 1687 1182 1758; baseline 0.005 -4"><span class='ocrx_word' id='word_1_102' title='bbox 107 1692 267 1754; x_wconf 79' lang='lat' dir='ltr'><strong>Ceesarem</strong></span> <span class='ocrx_word' id='word_1_103' title='bbox 282 1688 442 1753; x_wconf 90' lang='lat' dir='ltr'><strong>deductus</strong></span> <span class='ocrx_word' id='word_1_104' title='bbox 456 1704 506 1752; x_wconf 87' lang='lat' dir='ltr'><strong>est</strong></span> <span class='ocrx_word' id='word_1_105' title='bbox 521 1711 530 1752; x_wconf 73' lang='grc' dir='ltr'><strong><em>ε</em></strong></span> <span class='ocrx_word' id='word_1_106' title='bbox 549 1706 643 1753; x_wconf 84' lang='lat' dir='ltr'><strong>erant</strong></span> <span class='ocrx_word' id='word_1_107' title='bbox 658 1689 813 1752; x_wconf 87' lang='lat' dir='ltr'><strong>senatorii</strong></span> <span class='ocrx_word' id='word_1_108' title='bbox 828 1687 954 1752; x_wconf 87' lang='lat' dir='ltr'><strong>ordinis</strong></span> <span class='ocrx_word' id='word_1_109' title='bbox 967 1691 1132 1758; x_wconf 87' lang='lat' dir='ltr'><strong>Domitius</strong></span> <span class='ocrx_word' id='word_1_110' title='bbox 1148 1710 1182 1758; x_wconf 87' lang='lat' dir='ltr'><strong>et</strong></span> 
     </span>
     <span class='ocr_line' id='line_1_15' title="bbox 107 1788 1181 1876; baseline 0.005 -22"><span class='ocrx_word' id='word_1_111' title='bbox 107 1791 284 1870; x_wconf 85' lang='lat' dir='ltr'><strong>Lentulus,</strong></span> <span class='ocrx_word' id='word_1_112' title='bbox 305 1789 477 1852; x_wconf 87' lang='lat' dir='ltr'><strong>consulatu</strong></span> <span class='ocrx_word' id='word_1_113' title='bbox 495 1788 619 1872; x_wconf 77' lang='lat' dir='ltr'><strong>functi3</strong></span> <span class='ocrx_word' id='word_1_114' title='bbox 646 1805 801 1876; x_wconf 72' lang='lat' dir='ltr'><strong>praeterea</strong></span> <span class='ocrx_word' id='word_1_115' title='bbox 821 1789 858 1854; x_wconf 89' lang='lat' dir='ltr'><strong>L.</strong></span> <span class='ocrx_word' id='word_1_116' title='bbox 873 1789 1035 1853; x_wconf 89' lang='lat' dir='ltr'><strong>Vibullius</strong></span> <span class='ocrx_word' id='word_1_117' title='bbox 1057 1794 1181 1875; x_wconf 82' lang='lat' dir='ltr'><strong>Rufus,</strong></span> 
     </span>
     <span class='ocr_line' id='line_1_16' title="bbox 106 1889 1179 1978; baseline 0.005 -24"><span class='ocrx_word' id='word_1_118' title='bbox 106 1893 181 1956; x_wconf 83' lang='lat' dir='ltr'><strong>Sex.</strong></span> <span class='ocrx_word' id='word_1_119' title='bbox 204 1890 383 1974; x_wconf 88' lang='lat' dir='ltr'><strong>Quintilius</strong></span> <span class='ocrx_word' id='word_1_120' title='bbox 400 1891 504 1954; x_wconf 84' lang='lat' dir='ltr'><strong>Varus</strong></span> <span class='ocrx_word' id='word_1_121' title='bbox 518 1905 678 1978; x_wconf 79' lang='lat' dir='ltr'><strong>quaestor,</strong></span> <span class='ocrx_word' id='word_1_122' title='bbox 690 1891 725 1954; x_wconf 91' lang='lat' dir='ltr'><strong>L.</strong></span> <span class='ocrx_word' id='word_1_123' title='bbox 740 1889 904 1970; x_wconf 87' lang='lat' dir='ltr'><strong>Rubrius;</strong></span> <span class='ocrx_word' id='word_1_124' title='bbox 920 1907 1074 1977; x_wconf 79' lang='lat' dir='ltr'><strong>praeterea</strong></span> <span class='ocrx_word' id='word_1_125' title='bbox 1085 1896 1179 1960; x_wconf 93' lang='lat' dir='ltr'><strong>multi</strong></span> 
     </span>
     <span class='ocr_line' id='line_1_17' title="bbox 107 1989 1180 2079; baseline 0.004 -25"><span class='ocrx_word' id='word_1_126' title='bbox 107 1989 328 2055; x_wconf 84' lang='lat' dir='ltr'><strong>adolescentes</strong></span> <span class='ocrx_word' id='word_1_127' title='bbox 342 1989 486 2071; x_wconf 85' lang='lat' dir='ltr'><strong>nobiles,</strong></span> <span class='ocrx_word' id='word_1_128' title='bbox 504 1991 718 2079; x_wconf 87' lang='lat' dir='ltr'><strong>equitumque</strong></span> <span class='ocrx_word' id='word_1_129' title='bbox 731 2011 960 2073; x_wconf 87' lang='lat' dir='ltr'><strong>romanorum,</strong></span> <span class='ocrx_word' id='word_1_130' title='bbox 979 2007 1012 2054; x_wconf 91' lang='lat' dir='ltr'><strong>et</strong></span> <span class='ocrx_word' id='word_1_131' title='bbox 1028 1991 1180 2058; x_wconf 91' lang='lat' dir='ltr'><strong>decurio·</strong></span> 
     </span>
     <span class='ocr_line' id='line_1_18' title="bbox 108 2091 1178 2183; baseline 0.004 -26"><span class='ocrx_word' id='word_1_132' title='bbox 108 2115 211 2176; x_wconf 89' lang='lat' dir='ltr'><strong>num,</strong></span> <span class='ocrx_word' id='word_1_133' title='bbox 235 2115 318 2180; x_wconf 89' lang='lat' dir='ltr'><strong>quos</strong></span> <span class='ocrx_word' id='word_1_134' title='bbox 343 2091 506 2156; x_wconf 89' lang='lat' dir='ltr'><strong>Domitius</strong></span> <span class='ocrx_word' id='word_1_135' title='bbox 529 2114 569 2156; x_wconf 86' lang='lat' dir='ltr'><strong>cx</strong></span> <span class='ocrx_word' id='word_1_136' title='bbox 589 2092 774 2180; x_wconf 89' lang='lat' dir='ltr'><strong>municipiis</strong></span> <span class='ocrx_word' id='word_1_137' title='bbox 796 2107 1001 2174; x_wconf 84' lang='lat' dir='ltr'><strong>evocaverat,</strong></span> <span class='ocrx_word' id='word_1_138' title='bbox 1022 2116 1178 2183; x_wconf 89' lang='lat' dir='ltr'><strong>magnum</strong></span> 
     </span>
     <span class='ocr_line' id='line_1_19' title="bbox 105 2215 236 2284; baseline 0 -26"><span class='ocrx_word' id='word_1_139' title='bbox 105 2215 236 2284; x_wconf 85' lang='lat' dir='ltr'><strong>agmen.</strong></span> 
     </span>
    </p>

    <p class='ocr_par' dir='ltr' id='par_1_4' title="bbox 102 2293 1178 3477">
     <span class='ocr_line' id='line_1_20' title="bbox 151 2293 1178 2382; baseline 0.004 -23"><span class='ocrx_word' id='word_1_140' title='bbox 151 2297 285 2360; x_wconf 86' lang='lat' dir='ltr'>LXVII.</span> <span class='ocrx_word' id='word_1_141' title='bbox 307 2294 350 2363; x_wconf 90' lang='lat' dir='ltr'><strong>Hi</strong></span> <span class='ocrx_word' id='word_1_142' title='bbox 366 2315 385 2358; x_wconf 90' lang='lat' dir='ltr'><strong>a</strong></span> <span class='ocrx_word' id='word_1_143' title='bbox 402 2295 525 2358; x_wconf 84' lang='lat' dir='ltr'><strong>Caesare</strong></span> <span class='ocrx_word' id='word_1_144' title='bbox 546 2293 714 2380; x_wconf 82' lang='lat' dir='ltr'><strong>increpiti,</strong></span> <span class='ocrx_word' id='word_1_145' title='bbox 738 2293 830 2381; x_wconf 90' lang='lat' dir='ltr'><strong>quod</strong></span> <span class='ocrx_word' id='word_1_146' title='bbox 845 2295 1036 2382; x_wconf 91' lang='lat' dir='ltr'><strong>neutiquam</strong></span> <span class='ocrx_word' id='word_1_147' title='bbox 1057 2319 1178 2363; x_wconf 87' lang='lat' dir='ltr'><strong>conve·</strong></span> 
     </span>
     <span class='ocr_line' id='line_1_21' title="bbox 106 2395 1178 2485; baseline 0.003 -24"><span class='ocrx_word' id='word_1_148' title='bbox 106 2397 253 2461; x_wconf 90' lang='lat' dir='ltr'><strong>nientem</strong></span> <span class='ocrx_word' id='word_1_149' title='bbox 268 2396 391 2461; x_wconf 87' lang='lat' dir='ltr'><strong>meritis</strong></span> <span class='ocrx_word' id='word_1_150' title='bbox 411 2397 477 2461; x_wconf 88' lang='lat' dir='ltr'><strong>suis</strong></span> <span class='ocrx_word' id='word_1_151' title='bbox 496 2396 630 2485; x_wconf 83' lang='lat' dir='ltr'><strong>gratiam</strong></span> <span class='ocrx_word' id='word_1_152' title='bbox 651 2395 855 2479; x_wconf 90' lang='lat' dir='ltr'><strong>retulissent,</strong></span> <span class='ocrx_word' id='word_1_153' title='bbox 868 2395 1048 2462; x_wconf 88' lang='lat' dir='ltr'><strong>incolumes</strong></span> <span class='ocrx_word' id='word_1_154' title='bbox 1063 2421 1178 2469; x_wconf 87' lang='lat' dir='ltr'><strong>omnes</strong></span> 
     </span>
     <span class='ocr_line' id='line_1_22' title="bbox 105 2496 1176 2585; baseline 0.003 -23"><span class='ocrx_word' id='word_1_155' title='bbox 105 2499 336 2580; x_wconf 86' lang='lat' dir='ltr'><strong>dimittuntur,</strong></span> <span class='ocrx_word' id='word_1_156' title='bbox 355 2520 455 2585; x_wconf 89' lang='lat' dir='ltr'><strong>seque</strong></span> <span class='ocrx_word' id='word_1_157' title='bbox 471 2498 512 2561; x_wconf 93' lang='lat' dir='ltr'><strong>ad</strong></span> <span class='ocrx_word' id='word_1_158' title='bbox 524 2496 716 2585; x_wconf 88' lang='lat' dir='ltr'><strong>Pompeium</strong></span> <span class='ocrx_word' id='word_1_159' title='bbox 731 2498 905 2584; x_wconf 91' lang='lat' dir='ltr'><strong>recipiunt.</strong></span> <span class='ocrx_word' id='word_1_160' title='bbox 922 2498 1047 2563; x_wconf 90' lang='lat' dir='ltr'><strong>Aurum</strong></span> <span class='ocrx_word' id='word_1_161' title='bbox 1062 2502 1176 2579; x_wconf 86' lang='lat' dir='ltr'><strong>etiam,</strong></span> 
     </span>
     <span class='ocr_line' id='line_1_23' title="bbox 104 2598 1177 2689; baseline 0.003 -25"><span class='ocrx_word' id='word_1_162' title='bbox 104 2599 200 2689; x_wconf 84' lang='lat' dir='ltr'><strong>quod</strong></span> <span class='ocrx_word' id='word_1_163' title='bbox 218 2622 329 2665; x_wconf 90' lang='lat' dir='ltr'><strong>secum</strong></span> <span class='ocrx_word' id='word_1_164' title='bbox 349 2599 527 2663; x_wconf 87' lang='lat' dir='ltr'><strong>Corfinium</strong></span> <span class='ocrx_word' id='word_1_165' title='bbox 545 2598 772 2686; x_wconf 87' lang='lat' dir='ltr'><strong>deportaverat</strong></span> <span class='ocrx_word' id='word_1_166' title='bbox 790 2600 972 2682; x_wconf 90' lang='lat' dir='ltr'><strong>Domitius,</strong></span> <span class='ocrx_word' id='word_1_167' title='bbox 992 2603 1177 2667; x_wconf 87' lang='lat' dir='ltr'><strong>sestertium</strong></span> 
     </span>
     <span class='ocr_line' id='line_1_24' title="bbox 103 2699 1178 2790; baseline 0.002 -24"><span class='ocrx_word' id='word_1_168' title='bbox 103 2700 267 2790; x_wconf 81' lang='lat' dir='ltr'><strong>sexagies,</strong></span> <span class='ocrx_word' id='word_1_169' title='bbox 286 2723 471 2789; x_wconf 89' lang='lat' dir='ltr'><strong>quanquam</strong></span> <span class='ocrx_word' id='word_1_170' title='bbox 489 2700 626 2787; x_wconf 90' lang='lat' dir='ltr'><strong>pecunia</strong></span> <span class='ocrx_word' id='word_1_171' title='bbox 639 2699 768 2787; x_wconf 86' lang='lat' dir='ltr'><strong>publica</strong></span> <span class='ocrx_word' id='word_1_172' title='bbox 782 2722 851 2765; x_wconf 87' lang='lat' dir='ltr'><strong>esse</strong></span> <span class='ocrx_word' id='word_1_173' title='bbox 865 2700 1045 2783; x_wconf 80' lang='lat' dir='ltr'><strong>dicerentr,</strong></span> <span class='ocrx_word' id='word_1_174' title='bbox 1061 2704 1178 2768; x_wconf 88' lang='lat' dir='ltr'><strong>Domi·</strong></span> 
     </span>
     <span class='ocr_line' id='line_1_25' title="bbox 103 2800 1176 2893; baseline -0.001 -25"><span class='ocrx_word' id='word_1_175' title='bbox 103 2806 151 2868; x_wconf 93' lang='lat' dir='ltr'><strong>tio</strong></span> <span class='ocrx_word' id='word_1_176' title='bbox 164 2802 346 2883; x_wconf 67' lang='lat' dir='ltr'><strong>redditum</strong></span> <span class='ocrx_word' id='word_1_177' title='bbox 361 2803 437 2891; x_wconf 89' lang='lat' dir='ltr'><strong>quia</strong></span> <span class='ocrx_word' id='word_1_178' title='bbox 451 2804 555 2865; x_wconf 80' lang='lat' dir='ltr'><strong>Caesar</strong></span> <span class='ocrx_word' id='word_1_179' title='bbox 566 2822 633 2864; x_wconf 95' lang='lat' dir='ltr'><strong>non</strong></span> <span class='ocrx_word' id='word_1_180' title='bbox 649 2800 758 2864; x_wconf 89' lang='lat' dir='ltr'><strong>minus</strong></span> <span class='ocrx_word' id='word_1_181' title='bbox 770 2801 958 2891; x_wconf 79' lang='lat' dir='ltr'><strong>fugiendam</strong></span> <span class='ocrx_word' id='word_1_182' title='bbox 971 2802 1032 2865; x_wconf 88' lang='lat' dir='ltr'><strong>sibi</strong></span> <span class='ocrx_word' id='word_1_183' title='bbox 1043 2803 1176 2893; x_wconf 77' lang='lat' dir='ltr'><strong>inopiae,</strong></span> 
     </span>
     <span class='ocr_line' id='line_1_26' title="bbox 104 2900 1177 2993; baseline -0.002 -24"><span class='ocrx_word' id='word_1_184' title='bbox 104 2928 206 2993; x_wconf 92' lang='lat' dir='ltr'><strong>quam</strong></span> <span class='ocrx_word' id='word_1_185' title='bbox 223 2903 420 2969; x_wconf 82' lang='lat' dir='ltr'><strong>crudelitatis</strong></span> <span class='ocrx_word' id='word_1_186' title='bbox 436 2904 555 2967; x_wconf 86' lang='lat' dir='ltr'><strong>famam</strong></span> <span class='ocrx_word' id='word_1_187' title='bbox 568 2900 742 2981; x_wconf 88' lang='lat' dir='ltr'><strong>judicabat.</strong></span> <span class='ocrx_word' id='word_1_188' title='bbox 759 2902 809 2965; x_wconf 93' lang='lat' dir='ltr'><strong>Ita</strong></span> <span class='ocrx_word' id='word_1_189' title='bbox 825 2903 951 2983; x_wconf 77' lang='lat' dir='ltr'><strong>Caesar,</strong></span> <span class='ocrx_word' id='word_1_190' title='bbox 967 2918 1090 2991; x_wconf 87' lang='lat' dir='ltr'><strong>septem</strong></span> <span class='ocrx_word' id='word_1_191' title='bbox 1103 2927 1177 2968; x_wconf 91' lang='lat' dir='ltr'><strong>om·</strong></span> 
     </span>
     <span class='ocr_line' id='line_1_27' title="bbox 103 3002 1176 3083; baseline 0.001 -13"><span class='ocrx_word' id='word_1_192' title='bbox 103 3009 188 3071; x_wconf 93' lang='lat' dir='ltr'><strong>nino</strong></span> <span class='ocrx_word' id='word_1_193' title='bbox 207 3005 275 3069; x_wconf 88' lang='lat' dir='ltr'><strong>dies</strong></span> <span class='ocrx_word' id='word_1_194' title='bbox 291 3005 331 3069; x_wconf 92' lang='lat' dir='ltr'><strong>ad</strong></span> <span class='ocrx_word' id='word_1_195' title='bbox 354 3004 533 3069; x_wconf 88' lang='lat' dir='ltr'><strong>Corfinium</strong></span> <span class='ocrx_word' id='word_1_196' title='bbox 554 3018 792 3083; x_wconf 86' lang='lat' dir='ltr'><strong>commoratus,</strong></span> <span class='ocrx_word' id='word_1_197' title='bbox 812 3002 1004 3068; x_wconf 84' lang='lat' dir='ltr'><strong>domitianas</strong></span> <span class='ocrx_word' id='word_1_198' title='bbox 1024 3005 1176 3071; x_wconf 81' lang='lat' dir='ltr'><strong>cohortes</strong></span> 
     </span>
     <span class='ocr_line' id='line_1_28' title="bbox 102 3103 1174 3199; baseline -0.001 -27"><span class='ocrx_word' id='word_1_199' title='bbox 102 3109 257 3199; x_wconf 85' lang='lat' dir='ltr'><strong>protinus</strong></span> <span class='ocrx_word' id='word_1_200' title='bbox 269 3108 303 3171; x_wconf 93' lang='lat' dir='ltr'><strong>in</strong></span> <span class='ocrx_word' id='word_1_201' title='bbox 317 3108 456 3171; x_wconf 87' lang='lat' dir='ltr'><strong>Siciliam</strong></span> <span class='ocrx_word' id='word_1_202' title='bbox 471 3106 579 3169; x_wconf 90' lang='lat' dir='ltr'><strong>mittit.</strong></span> <span class='ocrx_word' id='word_1_203' title='bbox 594 3106 667 3192; x_wconf 89' lang='lat' dir='ltr'><strong>lpse</strong></span> <span class='ocrx_word' id='word_1_204' title='bbox 679 3105 712 3167; x_wconf 92' lang='lat' dir='ltr'><strong>in</strong></span> <span class='ocrx_word' id='word_1_205' title='bbox 726 3104 876 3192; x_wconf 88' lang='lat' dir='ltr'><strong>Apuliam</strong></span> <span class='ocrx_word' id='word_1_206' title='bbox 890 3103 1011 3168; x_wconf 91' lang='lat' dir='ltr'><strong>ducere</strong></span> <span class='ocrx_word' id='word_1_207' title='bbox 1023 3105 1174 3172; x_wconf 87' lang='lat' dir='ltr'><strong>instituit.</strong></span> 
     </span>
     <span class='ocr_line' id='line_1_29' title="bbox 103 3206 1175 3297; baseline -0.003 -23"><span class='ocrx_word' id='word_1_208' title='bbox 103 3211 166 3274; x_wconf 87' lang='lat' dir='ltr'><strong>His</strong></span> <span class='ocrx_word' id='word_1_209' title='bbox 185 3210 281 3273; x_wconf 89' lang='lat' dir='ltr'><strong>rebus</strong></span> <span class='ocrx_word' id='word_1_210' title='bbox 301 3208 439 3289; x_wconf 89' lang='lat' dir='ltr'><strong>auditis,</strong></span> <span class='ocrx_word' id='word_1_211' title='bbox 455 3208 562 3297; x_wconf 91' lang='lat' dir='ltr'><strong>Scipio</strong></span> <span class='ocrx_word' id='word_1_212' title='bbox 579 3206 746 3271; x_wconf 87' lang='lat' dir='ltr'><strong>Luceriam</strong></span> <span class='ocrx_word' id='word_1_213' title='bbox 761 3206 886 3286; x_wconf 92' lang='lat' dir='ltr'><strong>omisit,</strong></span> <span class='ocrx_word' id='word_1_214' title='bbox 904 3206 1061 3270; x_wconf 90' lang='lat' dir='ltr'><strong>militibus</strong></span> <span class='ocrx_word' id='word_1_215' title='bbox 1072 3210 1175 3272; x_wconf 91' lang='lat' dir='ltr'><strong>Brun-</strong></span> 
     </span>
     <span class='ocr_line' id='line_1_30' title="bbox 102 3305 1176 3397; baseline -0.005 -21"><span class='ocrx_word' id='word_1_216' title='bbox 102 3312 227 3376; x_wconf 87' lang='lat' dir='ltr'><strong>disium</strong></span> <span class='ocrx_word' id='word_1_217' title='bbox 248 3309 464 3389; x_wconf 83' lang='lat' dir='ltr'><strong>transductis,</strong></span> <span class='ocrx_word' id='word_1_218' title='bbox 481 3330 549 3397; x_wconf 90' lang='lat' dir='ltr'><strong>quo</strong></span> <span class='ocrx_word' id='word_1_219' title='bbox 565 3308 741 3395; x_wconf 88' lang='lat' dir='ltr'><strong>Pompeius</strong></span> <span class='ocrx_word' id='word_1_220' title='bbox 762 3305 932 3393; x_wconf 85' lang='lat' dir='ltr'><strong>expeditus</strong></span> <span class='ocrx_word' id='word_1_221' title='bbox 951 3307 1096 3395; x_wconf 89' lang='lat' dir='ltr'><strong>legiones</strong></span> <span class='ocrx_word' id='word_1_222' title='bbox 1115 3331 1176 3374; x_wconf 90' lang='lat' dir='ltr'><strong>an·</strong></span> 
     </span>
     <span class='ocr_line' id='line_1_31' title="bbox 103 3428 287 3477; baseline -0.011 0"><span class='ocrx_word' id='word_1_223' title='bbox 103 3428 287 3477; x_wconf 87' lang='lat' dir='ltr'><strong>tecesserat.</strong></span> 
     </span>
    </p>

    <p class='ocr_par' dir='ltr' id='par_1_5' title="bbox 102 3506 1176 3701">
     <span class='ocr_line' id='line_1_32' title="bbox 149 3506 1176 3597; baseline -0.003 -21"><span class='ocrx_word' id='word_1_224' title='bbox 149 3512 300 3577; x_wconf 89' lang='lat' dir='ltr'><strong>LXVllI.</strong></span> <span class='ocrx_word' id='word_1_225' title='bbox 324 3512 373 3575; x_wconf 89' lang='lat' dir='ltr'><strong>Eo</strong></span> <span class='ocrx_word' id='word_1_226' title='bbox 394 3509 535 3575; x_wconf 89' lang='lat' dir='ltr'><strong>conduci</strong></span> <span class='ocrx_word' id='word_1_227' title='bbox 554 3508 708 3589; x_wconf 84' lang='lat' dir='ltr'><strong>jusserat,</strong></span> <span class='ocrx_word' id='word_1_228' title='bbox 731 3506 891 3596; x_wconf 88' lang='lat' dir='ltr'><strong>quidquid</strong></span> <span class='ocrx_word' id='word_1_229' title='bbox 914 3507 1054 3573; x_wconf 87' lang='lat' dir='ltr'><strong>habebat</strong></span> <span class='ocrx_word' id='word_1_230' title='bbox 1066 3510 1176 3597; x_wconf 85' lang='lat' dir='ltr'><strong>copia·</strong></span> 
     </span>
     <span class='ocr_line' id='line_1_33' title="bbox 102 3611 1176 3701; baseline -0.003 -23"><span class='ocrx_word' id='word_1_231' title='bbox 102 3637 199 3694; x_wconf 81' lang='lat' dir='ltr'><strong>rann,</strong></span> <span class='ocrx_word' id='word_1_232' title='bbox 213 3613 342 3678; x_wconf 90' lang='lat' dir='ltr'><strong>nullum</strong></span> <span class='ocrx_word' id='word_1_233' title='bbox 352 3612 461 3677; x_wconf 86' lang='lat' dir='ltr'><strong>auxilii</strong></span> <span class='ocrx_word' id='word_1_234' title='bbox 474 3632 576 3701; x_wconf 87' lang='lat' dir='ltr'><strong>genus</strong></span> <span class='ocrx_word' id='word_1_235' title='bbox 591 3625 796 3696; x_wconf 58' lang='lat' dir='ltr'><strong>aspernatum</strong></span> <span class='ocrx_word' id='word_1_236' title='bbox 809 3624 930 3673; x_wconf 88' lang='lat' dir='ltr'><strong>namet</strong></span> <span class='ocrx_word' id='word_1_237' title='bbox 942 3632 979 3673; x_wconf 83' lang='lat' dir='ltr'><strong>ex</strong></span> <span class='ocrx_word' id='word_1_238' title='bbox 992 3611 1176 3697; x_wconf 86' lang='lat' dir='ltr'><strong>pastoribus</strong></span> 
     </span>
    </p>
   </div>
   <div class='ocr_carea' id='block_1_4' title="bbox 102 3850 1175 4085">
    <p class='ocr_par' dir='ltr' id='par_1_6' title="bbox 102 3850 1175 4085">
     <span class='ocr_line' id='line_1_34' title="bbox 140 3850 1175 3919; baseline -0.006 -17"><span class='ocrx_word' id='word_1_239' title='bbox 140 3854 157 3919; x_wconf 72' lang='grc'>5</span> <span class='ocrx_word' id='word_1_240' title='bbox 171 3854 248 3902; x_wconf 76' lang='lat' dir='ltr'><strong>va.</strong></span> <span class='ocrx_word' id='word_1_241' title='bbox 265 3852 388 3901; x_wconf 82' lang='lat' dir='ltr'><strong>Plutarch.</strong></span> <span class='ocrx_word' id='word_1_242' title='bbox 402 3853 429 3900; x_wconf 90' lang='lat' dir='ltr'><strong>in</strong></span> <span class='ocrx_word' id='word_1_243' title='bbox 440 3851 503 3901; x_wconf 72' lang='lat' dir='ltr'><strong>Cet.</strong></span> <span class='ocrx_word' id='word_1_244' title='bbox 517 3878 552 3887; x_wconf 98' lang='lat'><em>-</em></span> <span class='ocrx_word' id='word_1_245' title='bbox 563 3852 618 3899; x_wconf 81' lang='lat' dir='ltr'><strong>Seu.</strong></span> <span class='ocrx_word' id='word_1_246' title='bbox 629 3850 661 3897; x_wconf 88' lang='lat' dir='ltr'><strong>de</strong></span> <span class='ocrx_word' id='word_1_247' title='bbox 671 3851 754 3898; x_wconf 65' lang='lat' dir='ltr'><strong>Beneli</strong></span> <span class='ocrx_word' id='word_1_248' title='bbox 765 3852 817 3909; x_wconf 84' lang='grc' dir='ltr'><strong>ΠΙ,</strong></span> <span class='ocrx_word' id='word_1_249' title='bbox 831 3858 875 3906; x_wconf 67' lang='lat' dir='ltr'><strong>at.</strong></span> <span class='ocrx_word' id='word_1_250' title='bbox 888 3877 923 3887; x_wconf 91' lang='lat'><em>-</em></span> <span class='ocrx_word' id='word_1_251' title='bbox 935 3850 999 3898; x_wconf 83' lang='lat' dir='ltr'><strong>Plio.</strong></span> <span class='ocrx_word' id='word_1_252' title='bbox 1008 3851 1071 3908; x_wconf 79' lang='lat' dir='ltr'><strong>vn,</strong></span> <span class='ocrx_word' id='word_1_253' title='bbox 1084 3850 1128 3904; x_wconf 70' lang='grc'><strong>54.</strong></span> <span class='ocrx_word' id='word_1_254' title='bbox 1139 3875 1175 3885; x_wconf 91' lang='lat'><strong>—-</strong></span> 
     </span>
     <span class='ocr_line' id='line_1_35' title="bbox 102 3933 1175 4003; baseline -0.005 -15"><span class='ocrx_word' id='word_1_255' title='bbox 102 3944 211 3988; x_wconf 78' lang='lat' dir='ltr'><strong>sueton.</strong></span> <span class='ocrx_word' id='word_1_256' title='bbox 220 3938 245 3985; x_wconf 84' lang='lat' dir='ltr'><strong>in</strong></span> <span class='ocrx_word' id='word_1_257' title='bbox 257 3938 316 3987; x_wconf 83' lang='lat' dir='ltr'><strong>Ner.</strong></span> <span class='ocrx_word' id='word_1_258' title='bbox 329 3954 383 4003; x_wconf 82' lang='lat' dir='ltr'><strong>cap.</strong></span> <span class='ocrx_word' id='word_1_259' title='bbox 394 3952 419 3984; x_wconf 86' lang='lat' dir='ltr'><strong>a.</strong></span> <span class='ocrx_word' id='word_1_260' title='bbox 435 3963 471 3973; x_wconf 93' lang='lat'>-</span> <span class='ocrx_word' id='word_1_261' title='bbox 489 3934 506 4001; x_wconf 76' lang='lat' dir='ltr'><strong>s</strong></span> <span class='ocrx_word' id='word_1_262' title='bbox 524 3936 614 3983; x_wconf 80' lang='lat' dir='ltr'><strong>txvt.</strong></span> <span class='ocrx_word' id='word_1_263' title='bbox 628 3938 717 3983; x_wconf 86' lang='lat' dir='ltr'><strong>Lucan.</strong></span> <span class='ocrx_word' id='word_1_264' title='bbox 730 3935 773 3992; x_wconf 86' lang='lat'><strong>11,</strong></span> <span class='ocrx_word' id='word_1_265' title='bbox 790 3951 814 3982; x_wconf 86' lang='lat' dir='ltr'><strong>v.</strong></span> <span class='ocrx_word' id='word_1_266' title='bbox 823 3934 883 3996; x_wconf 79' lang='lat'>509.</span> <span class='ocrx_word' id='word_1_267' title='bbox 897 3961 932 3973; x_wconf 89' lang='lat'>-</span> <span class='ocrx_word' id='word_1_268' title='bbox 946 3936 1005 3982; x_wconf 83' lang='lat' dir='ltr'><strong>Seu.</strong></span> <span class='ocrx_word' id='word_1_269' title='bbox 1015 3960 1052 3971; x_wconf 89' lang='lat'>-</span> <span class='ocrx_word' id='word_1_270' title='bbox 1063 3933 1126 3983; x_wconf 69' lang='lat' dir='ltr'><strong>ces.</strong></span> <span class='ocrx_word' id='word_1_271' title='bbox 1139 3960 1175 3971; x_wconf 87' lang='lat'>-</span> 
     </span>
     <span class='ocr_line' id='line_1_36' title="bbox 102 4016 1175 4085; baseline -0.005 -16"><span class='ocrx_word' id='word_1_272' title='bbox 102 4024 208 4071; x_wconf 83' lang='lat' dir='ltr'><strong>Sueten.</strong></span> <span class='ocrx_word' id='word_1_273' title='bbox 222 4046 255 4058; x_wconf 89' lang='lat'><strong>-·</strong></span> <span class='ocrx_word' id='word_1_274' title='bbox 269 4020 286 4085; x_wconf 67' lang='lat' dir='ltr'><strong><em>s</em></strong></span> <span class='ocrx_word' id='word_1_275' title='bbox 298 4022 401 4068; x_wconf 79' lang='lat' dir='ltr'><strong>van.</strong></span> <span class='ocrx_word' id='word_1_276' title='bbox 414 4020 466 4067; x_wconf 85' lang='lat' dir='ltr'><strong>Cic.</strong></span> <span class='ocrx_word' id='word_1_277' title='bbox 478 4018 510 4066; x_wconf 89' lang='lat' dir='ltr'><strong>ad</strong></span> <span class='ocrx_word' id='word_1_278' title='bbox 524 4018 600 4067; x_wconf 81' lang='lat' dir='ltr'><strong>Attic.</strong></span> <span class='ocrx_word' id='word_1_279' title='bbox 611 4019 686 4075; x_wconf 84' lang='lat' dir='ltr'><strong>VIII,</strong></span> <span class='ocrx_word' id='word_1_280' title='bbox 700 4020 713 4065; x_wconf 81' lang='lat'>3</span> <span class='ocrx_word' id='word_1_281' title='bbox 726 4026 751 4065; x_wconf 81' lang='lat' dir='ltr'><strong>et</strong></span> <span class='ocrx_word' id='word_1_282' title='bbox 763 4033 788 4079; x_wconf 80' lang='lat'><strong>9.</strong></span> <span class='ocrx_word' id='word_1_283' title='bbox 800 4043 836 4054; x_wconf 93' lang='lat'>-</span> <span class='ocrx_word' id='word_1_284' title='bbox 846 4016 911 4065; x_wconf 77' lang='lat' dir='ltr'><strong>vett.</strong></span> <span class='ocrx_word' id='word_1_285' title='bbox 921 4018 960 4075; x_wconf 87' lang='lat' dir='ltr'><strong>u,</strong></span> <span class='ocrx_word' id='word_1_286' title='bbox 976 4017 1017 4065; x_wconf 81' lang='lat'><strong>50.</strong></span> <span class='ocrx_word' id='word_1_287' title='bbox 1027 4043 1063 4053; x_wconf 89' lang='lat'><em>-</em></span> <span class='ocrx_word' id='word_1_288' title='bbox 1072 4017 1129 4065; x_wconf 84' lang='lat' dir='ltr'><strong>Dio.</strong></span> <span class='ocrx_word' id='word_1_289' title='bbox 1139 4044 1175 4055; x_wconf 80' lang='lat'><strong>·-</strong></span> 
     </span>
    </p>
   </div>
   <div class='ocr_carea' id='block_1_5' title="bbox 101 4102 660 4168">
    <p class='ocr_par' dir='ltr' id='par_1_7' title="bbox 101 4102 660 4168">
     <span class='ocr_line' id='line_1_37' title="bbox 101 4102 660 4168; baseline -0.004 -16"><span class='ocrx_word' id='word_1_290' title='bbox 101 4107 167 4153; x_wconf 80' lang='lat' dir='ltr'><strong>Caes.</strong></span> <span class='ocrx_word' id='word_1_291' title='bbox 181 4132 214 4141; x_wconf 83' lang='lat'>-</span> <span class='ocrx_word' id='word_1_292' title='bbox 228 4104 281 4151; x_wconf 86' lang='lat' dir='ltr'><strong>Liv.</strong></span> <span class='ocrx_word' id='word_1_293' title='bbox 293 4103 358 4168; x_wconf 86' lang='lat' dir='ltr'><strong>Epit.</strong></span> <span class='ocrx_word' id='word_1_294' title='bbox 369 4130 402 4139; x_wconf 92' lang='lat'><em>-</em></span> <span class='ocrx_word' id='word_1_295' title='bbox 413 4106 504 4151; x_wconf 84' lang='lat' dir='ltr'><strong>Lucan.</strong></span> <span class='ocrx_word' id='word_1_296' title='bbox 515 4102 553 4163; x_wconf 90' lang='lat'><strong>11,</strong></span> <span class='ocrx_word' id='word_1_297' title='bbox 566 4118 590 4147; x_wconf 85' lang='lat' dir='ltr'><strong>v.</strong></span> <span class='ocrx_word' id='word_1_298' title='bbox 601 4108 660 4160; x_wconf 68' lang='lat'><strong>472.</strong></span> 
     </span>
    </p>
   </div>
   <div class='ocr_carea' id='block_1_6' title="bbox 0 0 1442 4900">
    <p class='ocr_par' dir='ltr' id='par_1_8' title="bbox 0 0 1442 4900">
     <span class='ocr_line' id='line_1_38' title="bbox 0 0 1442 4900; baseline 0 3"><span class='ocrx_word' id='word_1_299' title='bbox 0 0 1442 4900; x_wconf 95' lang='lat' dir='ltr'><strong> </strong></span> 
     </span>
    </p>
   </div>
  </div>
 </body>
</html>
