2875 4900
215 379 270 447 IN
299 376 410 447 LOC.
437 377 531 445 LIB.
557 379 759 447 LXXXIV
789 380 1011 451 lelttsl·
1080 383 1145 469 145

118 498 191 563 XV.
209 500 304 563 Certe
318 496 489 564 simiorum
508 496 678 585 gregibus,
697 499 778 562 mira
799 500 951 565 vmietate
969 523 1143 590 generum,

79 600 218 665 Africam
233 597 383 663 refertam
399 618 556 665 essenon
571 598 766 686 ambigitur3
787 600 940 687 equibus
958 604 1056 667 etiam
1071 605 1145 670 fue.

80 716 170 783 runt,
185 720 272 787 quos
279 697 418 785 Antiqui
430 696 558 783 Satyros
568 699 788 786 appellarunt:
800 714 835 764 et
845 716 923 764 nota
936 718 986 766 est
999 704 1145 769 animalis

79 800 224 879 lascivia,
249 798 392 863 cavenda
414 796 622 873 mulieribus,
647 820 787 885 quarum
810 800 1024 866 concubitum
1045 826 1145 893 appe-

79 916 169 981 tunt,
185 898 277 964 volut
290 922 309 962 a
324 912 439 963 nature
456 896 602 985 decepti,
624 921 696 986 quae
713 890 832 965 'similis
851 901 998 989 ipsorum
1017 904 1146 970 seminis

81 1000 226 1065 membra
236 997 337 1063 dedit.
348 996 412 1063 Sed
422 998 481 1063 ista
491 997 768 1086 quemadmodum
780 1000 1057 1069 fabulisVeterom
1070 1008 1146 1071 satis

79 1098 300 1180 conveniunt,
312 1097 357 1163 ita
367 1098 459 1187 quod
469 1098 511 1163 de
519 1114 618 1163 cantu
626 1100 781 1187 tibiisque
789 1118 822 1166 et
832 1102 989 1191 cymbalis
997 1104 1145 1189 additur,

80 1199 1145 1290 longissimcabhorret:nullumenimanimal,pneterhomiuem‚
1231 1218 1234 1222 ’

80 1304 211 1367 musicae
230 1322 510 1389 numerorumque
533 1300 699 1365 scientiam
720 1301 840 1367 habere
860 1318 977 1390 potest.
998 1307 1103 1395 igitur
1117 1310 1146 1373 si

79 1400 159 1489 quid
179 1402 245 1467 tale
268 1422 377 1467 resera
398 1400 545 1470 auditum
569 1417 633 1483 est,
650 1401 740 1489 quod
762 1402 843 1467 mihi
860 1402 954 1467 valde
972 1404 1010 1471 fit
1025 1410 1146 1495 proba·

80 1502 161 1585 bile,
179 1502 225 1567 ob
242 1524 371 1583 musas,
386 1524 458 1590 quo
471 1502 729 1591 subjungentur,
743 1501 778 1566 id
791 1503 928 1567 omnino
938 1520 996 1569 aut
1007 1506 1148 1573 homini·

81 1601 141 1667 bus
158 1600 431 1681 adscribendum,
450 1616 506 1665 aut
519 1601 622 1690 geniis
638 1618 761 1689 putem.

122 1704 216 1769 XVI.
225 1704 309 1767 Sane
324 1702 525 1783 Paracelsus,
538 1719 570 1767 et
583 1703 639 1790 qui
651 1702 721 1782 ejus
734 1702 944 1769 deliramenta
950 1724 1145 1794 sequuntur,

79 1804 120 1869 de
137 1804 278 1885 Faunis,
293 1803 519 1892 Nymphisque
535 1818 569 1867 et
578 1804 735 1893 Pygrnoeis
750 1805 871 1871 nefaria
889 1806 991 1869 multa
1006 1808 1149 1873 tradide-

80 1922 178 1987 nmt3
195 1904 368 1993 quomodo
381 1926 449 1969 non
464 1904 570 1969 solum
582 1905 765 1969 conversari
778 1927 853 1969 cum
870 1904 1075 1989 hominibus,
1090 1910 1148 1976 sed

78 2008 178 2073 etiam
202 2005 331 2073 misceri
346 2004 540 2085 connubiis,
562 2020 661 2093 atque
677 2004 757 2071 hino
772 2004 906 2094 adipisci
924 2006 1065 2071 mimam
1081 2010 1147 2074 hu·

79 2130 212 2171 marram
228 2106 375 2195 possint;
398 2128 470 2195 qum
486 2128 547 2171 nec
561 2127 637 2169 vera
652 2122 746 2187 sunt,
760 2122 794 2169 et
807 2106 834 2170 si
850 2122 974 2188 essent,
991 2108 1080 2172 nulla
1094 2132 1148 2175 co-
1193 2173 1196 2187 ,

78 2208 194 2297 goosci
213 2222 271 2271 aut
291 2205 417 2271 ratione
437 2206 597 2288 humana,
615 2222 671 2271 aut
694 2206 891 2294 experientia
913 2223 1044 2294 queant.
1062 2210 1148 2275 Sunt

14 2298 15 2305 ἵ
78 2308 132 2373 hu
147 2307 361 2398 deceptorum
377 2307 550 2395 spirituum
569 2306 726 2396 strophae,
744 2305 850 2371 modis
866 2307 1021 2373 omuibus
1036 2310 1147 2374 curio·

78 2432 151 2476 sam
167 2426 203 2474 et
215 2409 378 2474 incautam
392 2407 566 2474 hominurn
585 2422 732 2472 naturam
747 2408 782 2471 in
798 2408 1010 2498 precipitium
1025 2410 1146 2478 illicere

78 2509 317 2600 satagentium
345 2509 437 2590 cujus
465 2509 562 2574 etiam
594 2508 702 2574 larino
726 2509 826 2574 fuisse
850 2531 968 2574 censeo
991 2512 1147 2601 pleraque

78 2607 786 2700 omnia‚quaechaunisatqueAEgipanibus
796 2611 1146 2698 exemplareferuutur.

126 2713 235 2778 xvu.
246 2711 279 2778 N
278 2735 297 2777 e
307 2712 372 2776 hoc
383 2709 516 2799 quidem
529 2711 727 2800 exceperim,
740 2710 832 2798 quod
844 2711 988 2776 llutouio
998 2714 1147 2778 solitarias

80 2815 157 2880 vitat
167 2813 349 2902 principem
358 2813 509 2879 Paullum
526 2811 682 2900 qumrenti
691 2809 931 2876 homunculum
944 2811 1079 2878 aduncis
1095 2836 1147 2878 na·

81 2914 194 2994 ribus,
214 2913 321 2978 frome
337 2912 492 2979 cornibus
508 2927 669 3001 asperata,
690 2911 922 2999 cumooprinis
937 2911 1075 2999 pedibus
1088 2935 1147 2979 oc·

80 3015 225 3082 eurrisse
239 3029 388 3094 usrrsnt3
402 3015 703 3102 interrogatumque
713 3011 807 3098 (nam
819 3012 917 3077 verba
929 3013 998 3100 ipsa
1007 3016 1145 3102 ponam)

82 3115 310 3205 respondisse:
326 3115 492 3183 «Mortalis
507 3137 567 3203 ego
584 3135 674 3195 sum,
689 3127 723 3177 et
739 3134 826 3176 unus
842 3133 883 3175 ex
896 3111 1013 3176 accolis
1028 3114 1145 3196 eremi,

81 3249 95 3274 ι
106 3239 193 3306 quos
205 3239 289 3282 veno
304 3215 415 3290 delusa
426 3237 536 3280 errore
551 3213 710 3304 gentilitas
726 3215 873 3292 Faunos,
887 3211 1099 3300 Satyrusque,
1113 3233 1147 3279 et

81 3350 95 3374 ι
108 3317 251 3384 Incubet
266 3337 385 3383 vocans
408 3315 485 3380 oolit
502 3314 685 3403 :legatione
702 3313 823 3402 fungor
842 3311 948 3401 gregis
964 3313 1048 3396 mei3
1070 3339 1145 3403 pre·
1258 3389 1264 3398 ‚

80 3451 94 3476 ι
107 3441 238 3498 mmor,
255 3433 292 3484 ut
304 3441 365 3505 pro
381 3415 476 3482 nobis
492 3437 699 3482 communem
709 3416 819 3480 Deum
831 3412 1028 3502 depreceris,
1044 3440 1144 3505 quem

80 3540 169 3606 «pro
192 3517 295 3582 salute
319 3515 434 3582 mundi
452 3517 576 3582 venisse
598 3515 829 3605 cognovimus,
849 3515 937 3578 etin
961 3517 1144 3606 universam

80 3651 95 3674 a
107 3635 226 3686 terram
243 3617 320 3683 exiit
335 3639 435 3684 sonus
452 3617 539 3704 ejus:
554 3649 567 3674 ι
585 3617 653 3682 hoc
671 3615 832 3680 dicentem
843 3617 967 3681 volucri
985 3620 1146 3686 celeritate

80 3718 260 3808 aufugisse.
287 3718 369 3800 Quis
390 3717 460 3786 hoec
484 3717 639 3797 ludibrio,
667 3717 734 3780 sive
755 3718 853 3782 astuti
880 3717 1054 3800 daemonis,
1078 3722 1146 3785 sive

83 3833 284 3908 nugatorum
300 3817 491 3900 hominum,
507 3841 575 3883 non
590 3815 832 3906 deprehendat?

119 4041 206 4107 §U-
220 4039 323 4088 trusos
336 4039 401 4087 fltst.
416 4037 521 4086 Animal.
532 4039 569 4096 11,
583 4037 607 4084 8.
625 4063 660 4074 -
677 4037 736 4084 Τις.
756 4035 844 4083 Annei.
860 4035 901 4091 11,
919 4040 960 4087 ιι.
982 4059 1016 4067 -
1034 4031 1051 4094 s
1066 4033 1147 4080 nvn.

85 4123 216 4173 Hieronis
230 4122 279 4170 sits
288 4121 381 4180 Pulli,
392 4137 418 4186 p.
428 4135 470 4186 7¹·

210 4221 253 4286 Χ,
920 4231 959 4274 10
