2875 4900
298 364 352 433 m
382 342 497 433 noc.
524 364 618 433 Lm.
646 365 773 432 xclx
801 330 1016 433 elvrim.
1123 362 1194 461 379
1223 461 1226 467 Ι

111 486 193 550 lidae
211 484 389 573 plebeculae
407 483 518 548 favore
530 483 770 547 sublevabatur.
788 483 852 547 Sed
865 500 899 547 et
912 484 1036 548 tribuni
1050 485 1152 573 plebis
1166 488 1195 551 ei

112 588 278 668 aderant,
291 588 332 651 ab
345 588 409 651 hoc
423 585 572 673 exemplo
592 608 658 649 suae
675 585 846 649 ambitioni
861 586 1002 673 paraturi
1018 586 1195 651 faciliorem

114 692 218 753 viam.
238 689 298 753 His
313 689 441 768 Patres,
462 704 495 751 et
507 702 582 751 ante
601 704 734 751 caeteros
750 688 866 750 consul
881 688 976 770 Piso,
993 689 1195 763 resistebant.
1272 710 1279 729 ¹

114 793 229 881 Igitur
242 790 365 854 tribuni
382 789 481 853 modo
495 811 562 853 non
577 789 728 852 manibus
740 790 807 853 suis
824 788 987 852 sublatum
999 811 1060 877 pro
1071 790 1196 853 Rostris

115 908 327 972 statuerunt3
355 907 387 954 et
412 890 566 977 utrinque
590 890 780 955 circumfusi
806 890 1064 979 interrogarunt,
1082 906 1196 955 essetne

117 994 318 1057 Palicanum
344 996 580 1057 renuntiaturus
603 990 778 1072 consulem,
796 991 947 1079 st'qurilem
957 988 1073 1078 forms
1093 1014 1116 1053 a
1133 1015 1195 1079 po·

109 1096 200 1185 pulo
209 1095 333 1184 foret?

167 1200 255 1261 XLI.
274 1197 351 1278 llle,
370 1220 435 1261 non
452 1194 809 1285 exudmaresmmm,
828 1194 1012 1283 respoudit,
1031 1208 1068 1258 ut
1087 1217 1123 1257 eo
1143 1196 1194 1257 irr-

117 1300 291 1386 dignatam
316 1302 485 1363 vendetur.
518 1300 562 1361 At
589 1297 782 1387 urgentibus
816 1296 895 1375 illis,
926 1296 1195 1383 dicentibusque,

118 1432 133 1455 ι
147 1399 240 1481 Quid
254 1400 370 1489 igitur,
385 1400 411 1462 si
423 1417 558 1464 ventum
571 1400 687 1480 l'uerit,
701 1398 903 1461 renuntiabis
913 1399 927 1462 i
939 1430 952 1453 a
964 1430 976 1453 ι
986 1396 1061 1461 Non
1077 1421 1198 1461 renun-

119 1533 132 1557 ι
144 1502 255 1582 tiabo,
272 1501 409 1588 inquit».
429 1502 537 1588 Atque
555 1500 643 1563 vocis
660 1499 758 1578 hujus
772 1502 904 1587 praecisa
916 1500 1067 1563 severitas
1077 1498 1198 1562 Palica-

121 1625 207 1665 num
220 1625 239 1665 a
253 1623 379 1665 summa
392 1623 449 1688 spe
464 1599 659 1689 impetrandi
671 1601 808 1663 honoris
822 1601 970 1664 removit.
983 1602 1041 1664 llis
1054 1602 1196 1664 occasio·

122 1702 225 1765 nibus
234 1701 441 1791 dissidiorum
451 1702 648 1789 arreptis,C.
659 1702 1026 1781 Cornelius,utsenatus
1035 1702 1196 1786 minueret

121 1804 370 1885 auctoritatem,
385 1803 602 1891 promulgavit
614 1806 717 1893 legem
728 1851 737 1885 ,
748 1806 863 1891 nequis
871 1848 881 1880 ,
895 1805 957 1867 nisi
960 1802 1179 1891 perpopulatus
1183 1852 1194 1883 ,

121 1904 245 1990 legibus
261 1905 435 1970 solveretur.
451 1904 491 1968 ld
504 1905 685 1993 antiquitus
704 1927 838 1992 quoque
855 1921 1005 1985 cautum,
1024 1921 1057 1967 et
1075 1905 1108 1966 in
1123 1928 1195 1967 oru-

123 2005 226 2069 nibus
244 2006 553 2086 senatusconsultis,
568 2007 696 2093 quoties
720 2008 846 2095 legibus
868 2008 982 2094 aliquis
1002 2006 1196 2085 solveretur,

122 2103 288 2186 adjectum
300 2122 385 2186 erat,
400 2121 438 2169 ut¹
445 2131 485 2169 ea
497 2107 537 2170 de
547 2130 581 2171 re
591 2107 639 2169 ad
642 2109 797 2196 populum
799 2106 955 2191 serretur.

171 2208 273 2271 XLll.
298 2208 362 2271 Sed
384 2209 539 2297 paulatim
564 2208 633 2273 fieri
659 2226 728 2273 erat
751 2208 910 2285 desitum,
934 2232 1051 2297 resque
1073 2209 1138 2289 jam
1162 2208 1196 2272 in

124 2332 198 2372 eam
222 2310 495 2373 consuetudinem
518 2326 670 2390 venerat,
695 2327 734 2373 ut
756 2327 923 2398 postremo
946 2334 987 2375 ne
1006 2309 1199 2389 adjiceretur

125 2410 262 2498 quidem
282 2411 316 2476 in
340 2411 629 2476 senatusconsultis
653 2411 693 2474 de
714 2413 882 2500 rogatione
902 2411 944 2476 ad
969 2411 1127 2501 populum
1148 2411 1197 2474 le·

125 2512 250 2592 renda;
273 2535 375 2600 eaque
397 2514 465 2601 ipsa
488 2515 768 2578 senatusconsulta
794 2538 852 2602 per
874 2537 994 2602 paucos
1016 2514 1196 2579 admodum

128 2611 261 2678 fiebant.
279 2613 383 2701 Igitur
407 2636 478 2676 eam
504 2614 645 2677 Cornelii
671 2615 873 2703 rogationem
897 2617 1031 2704 indigne
1051 2618 1199 2679 tulerunt

126 2714 344 2802 potentissimi
363 2715 505 2802 quique,
523 2730 556 2778 et
577 2737 721 2801 quorum
744 2717 778 2778 in
801 2733 917 2780 senatu
937 2717 1038 2805 gratia
1059 2739 1196 2803 magno-

127 2839 205 2903 pere
220 2816 437 2881 minuebatur.
457 2817 515 2880 His
536 2816 774 2904 satagentibus,
794 2818 929 2881 Publius
947 2818 1100 2882 Servilius
1115 2818 1196 2880 Glo-

126 2917 226 2980 bulus
246 2918 397 2981 tribunus
418 2917 520 3005 plebis
543 2917 694 2980 inventus
717 2932 782 2997 est,
807 2919 864 3005 qni
881 2919 916 2982 C.
940 2917 1093 2980 Cornelio
1108 2916 1196 2979 obsi·

126 3033 236 3082 steret.
250 3020 298 3100 ls,
316 3019 374 3082 ubi
386 3020 464 3107 legis
476 3016 616 3082 ferendae
629 3018 697 3082 dies
708 3019 812 3098 venit,
826 3035 858 3082 et
869 3040 992 3106 praeco,
1005 3017 1196 3096 subjiciente

127 3121 251 3202 scriba,
264 3120 362 3186 verba
379 3119 457 3208 legis
472 3120 606 3182 recitare
619 3121 742 3206 populo
758 3120 874 3206 coepit,
890 3135 924 3182 et
940 3120 1077 3183 scribam
1095 3119 1197 3198 subji-

128 3245 220 3303 cere,
236 3237 268 3286 et
281 3244 462 3309 praeconem
479 3220 691 3315 pronuntiare
707 3244 819 3308 passus
834 3244 903 3284 non
920 3237 978 3284 est.

172 3323 289 3388 XLlll.
301 3325 386 3386 Tum
395 3323 564 3386 Cornelius
575 3323 643 3409 ipse
655 3320 801 3386 codicem
813 3322 968 3386 recitavit.
982 3321 1081 3415 Quod
1093 3345 1197 3410 quum

129 3426 278 3512 improbe
292 3423 361 3488 fieri
383 3427 418 3488 C.
433 3425 508 3488 Piso
521 3425 637 3489 consul
650 3425 860 3490 vehementer
873 3441 1078 3512 quereretur,
1096 3426 1198 3490 tribu-

130 3527 306 3613 nitiamque
324 3526 588 3590 intercessionem
610 3525 733 3588 diceret
750 3526 926 3606 sublatam,
944 3527 1031 3615 gravi
1050 3527 1197 3590 convicio

129 3629 284 3716 apopulo
303 3645 456 3716 exceptus
477 3645 534 3692 est.
554 3629 596 3690 Et
611 3649 714 3714 quum
738 3628 809 3692 illos
831 3629 965 3709 consul,
989 3631 1046 3716 qui
1063 3629 1128 3696 sibi
1146 3631 1198 3692 in-

130 3729 307 3794 tendebant
324 3752 476 3809 manum,
497 3729 655 3817 prehendi
673 3752 691 3793 a
707 3730 819 3794 lictore
836 3730 999 3811 jussisset,
1020 3730 1113 3794 fracti
1128 3729 1198 3809 ejus

130 3832 228 3896 fasces
241 3831 369 3912 cuncti,
387 3829 571 3918 lapidesque
591 3832 686 3895 etiam
705 3854 746 3896 ex
761 3831 875 3896 ultima
890 3833 1050 3896 concione
1067 3831 1101 3894 in
1120 3853 1198 3894 con·

163 4041 178 4108 s
191 4045 244 4092 xt.
250 4042 305 4091 Vel.
317 4043 384 4090 Max.
399 4045 449 4098 111,
463 4045 488 4103 8,
500 4045 529 4104 33
541 4044 633 4092 volum.
643 4046 670 4102 l,
685 4061 711 4109 p.
723 4049 773 4099 aas
786 4044 853 4092 ltdtt.
868 4055 966 4092 nostrat.
979 4045 1023 4089 Eo.
1036 4069 1068 4078 -
1087 4043 1147 4089 uto.
1162 4069 1197 4076 -

130 4129 146 4196 5
159 4129 225 4176 m.
241 4127 300 4176 nto.
312 4153 346 4164 ·—
357 4129 449 4176 Ascon.
