2875 4900
269 344 321 413 na
352 324 983 443 toc.t1n.cv11‘1.1v1l1t1.
1088 339 1161 437 619

134 466 202 531 XL.
218 464 303 549 Nam
320 464 437 531 clausis
450 478 520 527 tota
533 462 624 529 Urbe
639 460 795 546 tabernis,
810 462 969 527 immensa
984 463 1032 527 vis
1046 465 1161 553 populi

92 581 286 649 accurrerat5
303 582 336 633 et
352 565 458 630 dicere
474 563 683 653 incipientem
698 563 845 627 horribili
858 552 998 627 clamore
1011 562 1160 627 Clodiani

94 684 297 751 terruerunt,
319 690 361 732 ne
381 662 521 729 militum
544 662 678 753 quidem
695 664 974 728 circumstantium
995 680 1087 728 metu
1102 687 1161 728 co·

93 770 196 835 bibiti.
215 770 301 859 Ergo
320 766 467 855 Pompeii
487 767 581 850 jussu
600 764 713 855 gladiis
737 763 878 846 eductis,
898 763 1076 851 quosdam,
1100 786 1160 828 nec

93 888 128 937 ut
143 872 343 951 sauciarent,
364 868 421 933 sed
439 868 504 932 lato
522 869 609 931 ferro
625 883 877 955 percusserunt3
897 866 1033 945 deinde,
1055 891 1159 956 quum

93 994 130 1035 eo
155 972 240 1035 facto
263 970 362 1060 magis
386 969 483 1033 etiam
498 968 631 1033 incensa
651 967 741 1057 vulgi
756 967 958 1061 petulantia,
967 970 1056 1033 velut
1072 969 1107 1032 iu
1124 993 1161 1034 re

92 1072 230 1155 ludicra,
247 1071 391 1137 convicia
410 1092 471 1157 pro
488 1068 679 1133 verberibus
696 1086 877 1157 regereret3
893 1069 1051 1135 vulnerati
1066 1058 1161 1136 'com-

92 1173 199 1261 plures
214 1172 419 1251 militibus,
439 1168 572 1258 quidam
585 1168 682 1232 etiam
699 1168 861 1235 interfecti
874 1186 961 1237 sunt.
978 1172 1039 1237 Hic
1054 1187 1160 1237 metus

92 1272 301 1361 tranquillum
323 1272 364 1336 de
384 1286 500 1335 caetero
516 1268 677 1349 judicium
700 1270 873 1357 praestitit:
891 1294 987 1337 causa
1006 1274 1161 1361 utrinque

93 1372 194 1455 dicta,
218 1396 321 1462 quum
340 1389 507 1463 accusator
523 1388 555 1435 et
569 1394 643 1435 reus
664 1394 703 1435 ex
719 1394 859 1435 numero
870 1372 1019 1453 judicum
1043 1375 1161 1466 quinos

93 1489 272 1555 senatores,
291 1472 428 1537 totidem
447 1472 572 1561 equites
592 1488 624 1535 et
646 1470 797 1536 tribunos
816 1474 944 1539 aerarios
959 1474 1162 1559 rejecissent,

93 1597 179 1639 unus
193 1591 226 1639 et
237 1575 474 1664 quinquaginta
485 1572 680 1637 sententiam
692 1573 839 1637 tulerunt
853 1596 861 1639 :
876 1573 1087 1640 absolverunt
1099 1593 1164 1640 tre·

93 1675 197 1740 decim
209 1700 219 1757 ;
233 1691 424 1743 ceterorum
443 1675 591 1739 omnium
605 1673 767 1763 suffragiis
779 1673 951 1739 damnatus
970 1693 1028 1741 est.

134 1778 221 1843 XLI.
250 1775 421 1865 Quidquid
450 1775 491 1841 de
515 1775 685 1845 vulnerato
712 1774 829 1841 Clodio
857 1775 990 1860 fuisset,
1018 1778 1161 1843 occisum

91 1879 183 1957 jussu
200 1880 331 1943 Milonis
352 1878 538 1959 constabat3
555 1877 691 1965 ejusque
712 1892 789 1941 nota
806 1876 939 1941 audacia
958 1879 1164 1965 reprimenda

93 1980 476 2069 videbatur3proese1tim
500 2003 604 2068 quum
620 1980 654 2043 in
676 1978 747 2067 ipso
769 1979 865 2042 etiam
880 1978 1004 2061 judicio
1024 1968 1091 2058 non
1114 2004 1165 2045 re·

93 2083 236 2147 mitteret
249 2084 398 2170 spiritus,
415 2099 530 2146 tonsus
549 2080 756 2167 nitidusque,
772 2080 859 2144 sicco
872 2081 983 2162 vultu,
999 2082 1162 2145 constanti

93 2206 171 2249 voce
189 2206 309 2272 susque
331 2183 437 2271 deque
458 2182 639 2272 periculum
658 2204 755 2245 suum
776 2170 896 2247 habere
916 2183 1013 2246 visus.
1040 2185 1163 2247 Ferunt

93 2298 218 2366 tamen,
236 2285 368 2350 Catonis
391 2285 495 2373 palam
512 2284 574 2347 lata
594 2282 753 2347 sententia
773 2306 850 2347 euna
865 2306 934 2349 csse
955 2285 1164 2367 absolutum;

92 2385 193 2476 idque
211 2386 367 2452 siluisset
386 2386 552 2475 aliquanto
572 2385 730 2449 maturius
748 2383 888 2466 factum,
905 2408 973 2450 non
991 2386 1089 2450 luisse
1104 2385 1163 2451 de-

93 2485 222 2552 futuros
236 2504 371 2575 putant,
387 2488 444 2575 qui
459 2487 643 2575 exemplum
655 2502 881 2576 sequerentur.
895 2489 1095 2552 Damnatum
1106 2512 1164 2554 au·

93 2604 158 2654 tem
176 2612 275 2678 opera
288 2588 427 2653 maxime
443 2589 502 2676 Ap.
518 2587 645 2652 Claudii
661 2587 910 2675 pronuntiatum
929 2605 994 2670 est,
1009 2613 1028 2653 a
1043 2613 1112 2678 quo
1129 2607 1162 2655 et

92 2689 161 2780 lege
179 2688 320 2754 ambitus
337 2687 424 2778 apud
437 2691 640 2775 Torquatum
652 2703 782 2776 postero
797 2687 849 2752 die
862 2691 1062 2776 postulatus,
1075 2690 1164 2757 dana·

92 2806 190 2854 natus
205 2789 384 2855 est‘abscns
401 2813 408 2854 :
427 2791 547 2854 caeteris
567 2790 663 2854 etiam
678 2789 809 2870 judiciis
825 2790 991 2878 (pluribus
1009 2792 1096 2855 enim
1112 2796 1162 2856 fa-

93 2907 163 2957 ctus
180 2913 255 2956 reus
271 2890 395 2978 suerat)
409 2893 534 2956 tristem
547 2891 715 2955 abstulisse
731 2880 941 2974 sententiam,
957 2883 1084 2980 reperio
1099 2894 1162 2959 :de

92 2993 249 3057 sodalitiis
265 2993 352 3080 apud
370 2993 416 3056 M.
436 2993 633 3071 Favonium5
650 2991 691 3056 de
709 2992 741 3056 vi
757 2991 844 3080 apud
862 2995 898 3057 L.
918 2994 1063 3059 Fabium.

135 3095 240 3160 XLII.
268 3095 372 3183 Igitur
397 3093 482 3157 intra
506 3093 717 3183 paucissimos
741 3092 809 3157 dies
836 3093 1031 3176 Massiliam,
1061 3095 1162 3160 exsilii

92 3219 207 3278 causa,
227 3196 393 3282 profectus
410 3210 467 3260 est.
488 3195 552 3258 Ubi
569 3217 672 3282 quum
689 3195 869 3258 orationem
883 3195 1068 3276 Ciceronis,
1089 3219 1162 3284 quae

92 3313 207 3388 postea
218 3295 399 3384 conscripta
412 3311 476 3378 est,
492 3295 621 3360 missam
633 3287 675 3360 ad
689 3317 724 3359 se
737 3296 875 3385 legeret,
889 3294 1007 3360 dixisse
1021 3295 1161 3363 dicitau:

92 3401 222 3478 «Bene,
243 3396 333 3485 quod
348 3397 393 3460 ita
412 3419 479 3460 non
499 3418 571 3460 sum
593 3395 744 3460 defensus
765 3396 798 3459 in
812 3396 951 3480 judici03
971 3421 1060 3462 nunc
1074 3400 1161 3462 enim

91 3515 225 3564 «tantos
247 3498 364 3562 mullos
383 3498 529 3562 Massiliae
550 3520 617 3561 non
637 3497 800 3578 ederem».
816 3500 904 3562 Bona
919 3499 1078 3584 damnati,
1091 3523 1164 3590 pro·

90 3615 164 3688 pter
176 3599 248 3662 aeri's
260 3599 356 3662 alieni
368 3597 636 3687 magnitudinem,
651 3599 829 3663 semiuncia
837 3601 1010 3666 venierunt
1024 3625 1032 3666 :
1045 3619 1163 3666 sester-

92 3700 176 3764 tium
191 3701 277 3764 enim
289 3699 440 3764 debuisse
452 3699 570 3764 dicitur
582 3699 832 3790 septingenties,
843 3701 935 3790 quod
947 3701 988 3766 ad
1000 3725 1163 3767 summam

92 3801 219 3868 accedit
235 3789 391 3866 nostratis¹
406 3803 552 3890 pecuniae
567 3803 664 3867 vicies
687 3820 823 3867 centena
839 3803 1040 3868 thalerorum
1058 3805 1162 3894 impe·

127 4017 214 4082 §XL
226 4015 284 4064 Dio.
302 4041 337 4052 -
356 4017 448 4064 Ascon.
462 4017 526 4082 -s
545 4018 610 4064 xtl.
626 4017 679 4066 Cic.
691 4033 739 4081 pro
752 4017 807 4065 Mil.
824 4017 866 4071 34.
882 4043 916 4054 —
932 4015 1055 4066 Plutarch.
1069 4016 1095 4062 in
1111 4015 1165 4066 Cic.
1237 4062 1240 4068 ,

92 4127 127 4138 -·-
141 4101 236 4148 Ancon
250 4127 285 4137 —
294 4098 358 4148 Vell.
1205 4119 1209 4132 ·
