2875 4900
195 318 247 386 itt
279 314 760 424 noe.tln.txttxvt1
792 318 1005 389 LIVIANI.
1068 344 1132 416 ¹77
1194 266 1202 283 '

86 458 131 504 est.
151 439 265 525 quue
287 434 416 499 tandem
441 436 562 499 irarum
584 452 736 517 ventum,
760 453 813 519 ut,
837 438 999 502 convulsis
1017 440 1132 529 signis,

86 562 144 627 pars
163 538 348 603 Ariminum
374 550 517 624 peteret,
543 536 595 601 alii
615 538 732 626 passim
755 536 871 601 domos
897 536 1132 619 dilaberentur3

86 636 243 727 nequead
265 658 428 700 summam
452 636 526 723 plus
547 654 671 725 septem
690 638 881 702 cohortibus
904 638 990 727 apud
1017 639 1135 704 ducem

86 754 307 827 permanerent
321 738 415 799 Irrita
431 737 544 801 Marcii
565 736 728 825 expeditio
743 739 788 803 Μ.
800 738 1031 825 lamponium,
1049 739 1136 803 Pon·

86 844 154 904 tium
170 840 376 918 Telesinum,
393 838 528 902 Guttam
546 839 738 925 Capuanum
754 838 878 903 italicos
899 836 997 906 duces
1021 860 1134 904 acoen-
1190 894 1193 903 .

87 942 142 1022 dit,
154 956 192 1005 ut
201 962 246 1004 eo
258 940 442 1028 promptius
451 938 493 1027 ad
504 939 662 1002 auxilium
675 938 770 1003 Marii
783 954 1024 1003 concurrerent.
1057 930 1059 935 ’

118 1044 190 1107 XX.
211 1042 327 1129 Neque
345 1039 537 1131 spernendae
559 1040 610 1103 his
632 1040 734 1120 vires,
756 1039 957 1129 septuaginta
974 1040 1070 1107 millia
1085 1065 1137 1105 ar·

86 1162 257 1225 matorum,
282 1160 384 1207 erant.
409 1142 473 1207 Sed
499 1142 558 1207 uhi
580 1142 641 1207 hos
665 1142 838 1205 adventare
859 1142 947 1205 Sulla
968 1144 1137 1233 cognovit,

85 1248 194 1335 quibus
203 1245 284 1309 loeis
295 1243 433 1317 maxime
447 1260 536 1308 arcta
550 1260 629 1308 sunt
644 1243 777 1324 itinera,
795 1259 828 1307 et
838 1245 1018 1308 necessario
1031 1258 1136 1309 trans·

86 1349 221 1413 eundum
238 1346 389 1411 hostibus
410 1345 619 1425 ernt‚'eastra
639 1360 794 1427 metatus,
817 1344 937 1409 frustra
958 1362 1137 1433 quaerentes

85 1449 219 1530 adinum,
237 1446 382 1511 exclusit.
399 1444 541 1511 Proinde
558 1445 697 1521 Marius,
714 1445 856 1527 nullam,
871 1446 932 1509 nisi
947 1446 982 1509 in
1001 1468 1035 1509 se
1048 1448 1138 1535 ipso,

86 1570 166 1637 spem
182 1548 341 1635 reliquam
355 1544 489 1627 videns,
505 1546 590 1610 inter
604 1543 763 1633 oppidum
780 1560 813 1609 et
827 1566 924 1635 opera
937 1546 1032 1611 Sulhe
1049 1546 1140 1637 (spa-

86 1650 158 1713 tium
179 1648 270 1712 enim
294 1648 369 1712 sans
394 1668 548 1735 magnum
574 1646 751 1732 intererat)
774 1646 940 1710 castellum
965 1650 1140 1731 eminuit,

86 1750 303 1837 machinisque
323 1764 357 1812 et
379 1748 482 1837 copiis
498 1746 544 1811 ibi
562 1747 746 1827 colloertis,
768 1746 972 1834 eruptionem
996 1748 1153 1812 tentarit.-

86 1850 140 1915 Sed
163 1872 269 1939 quum
290 1872 350 1939 per
372 1850 555 1939 complures
581 1848 650 1913 dies
669 1847 889 1936 nequidquam
912 1870 947 1911 se
964 1848 1141 1937 fatigasset,

86 1966 267 2017 accumente
281 1951 389 2033 satta,
405 1952 488 2015 intra
504 1950 666 2015 Prreneste
683 1950 831 2037 repulsus
845 1965 903 2015 est.

116 2140 130 2204 s
142 2142 201 2189 11.
214 2138 281 2188 Pht,
295 2140 323 2187 in
335 2138 418 2199 sulit,
431 2156 486 2203 cap.
497 2140 542 2201 57.
556 2164 591 2175 -
603 2140 711 2203 Appiam
724 2166 758 2176 -
770 2139 822 2188 tir.
834 2139 899 2203 Epit.
