2875 4900
261 393 315 462 IN
344 393 459 460 LOC.
486 393 581 461 LlB.
607 394 755 463 XCVII
785 393 998 462 LlVlANl.
1095 391 1159 462 311

96 510 168 574 simi
192 509 271 592 viri,
295 510 353 576 sed
383 511 576 598 neutiquam
600 514 684 602 patri
706 512 838 593 similis3
862 534 1032 600 quumque
1054 515 1167 580 fratres

97 611 196 676 etiam
213 610 299 677 duos
315 611 570 702 haudquaquam
589 615 733 702 probate
748 615 821 680 vitae
842 614 991 696 haberet,
1010 615 1079 702 ipse
1097 639 1169 680 om·

97 714 191 776 nium
214 729 284 778 erat
303 715 589 802 corruptissimus,
610 733 647 780 ιιι
671 715 850 804 perdundae
872 716 1025 804 pecuniae'
1040 717 1168 804 genitus

96 814 272 881 videretur.

137 917 212 980 XV.
235 915 327 980 Idem
347 938 470 982 vacuus
489 917 596 999 curis,
617 919 681 982 nisi
695 918 909 998 instantibus,
928 935 994 982 tam
1017 933 1166 984 contem·

96 1018 179 1104 ptim
198 1016 334 1082 adortus
348 1019 478 1083 Cretam
493 1021 615 1101 fiterat,
633 1036 672 1084 ιιι
686 1022 796 1108 plnres
818 1021 851 1084 in
869 1020 1005 1084 navibus
1021 1035 1167 1101 catenas,

96 1138 196 1202 quam
221 1139 331 1200 arma,
355 1133 508 1206 portaret.
535 1119 646 1202 Quam
669 1120 852 1186 vecordiam
881 1120 1048 1202 celerrima
1073 1143 1166 1208 poena

97 1235 302 1306 consequuta
319 1236 391 1284 est:
408 1220 571 1307 pleneque
588 1221 677 1285 enirn
698 1243 826 1284 navesa
842 1219 1051 1286 Cretensibus
1068 1233 1167 1308 captas

97 1333 196 1399 sunt,
210 1321 423 1407 remulcoque
439 1321 474 1384 in
490 1337 606 1409 portus
616 1337 742 1403 tractre,
760 1345 864 1409 quum
880 1322 970 1401 velut
987 1321 1168 1392 imitatione

97 1419 238 1506 quadam
250 1421 408 1511 tn'umpbi
418 1422 543 1510 captiva
553 1443 707 1510 corpora,
718 1421 795 1485 velis
806 1438 839 1486 et
849 1421 984 1486 funibus
997 1443 1167 1509 suspensa,

97 1522 226 1586 eminus
248 1521 429 1586 visentibus
451 1523 634 1610 spectaculo
662 1537 779 1587 essent.
806 1522 923 1586 Infelix
942 1522 1110 1610 praelium,
1135 1539 1169 1586 et

97 1622 207 1710 pudor
220 1645 300 1688 mox
313 1623 439 1704 injussu
454 1642 587 1688 senatus
605 1625 785 1714 populique
802 1625 892 1688 factae
908 1624 1014 1713 pacis,
1036 1625 1166 1712 aegritu-

98 1725 173 1789 dine
194 1725 296 1790 animi
318 1725 361 1789 ad
382 1726 529 1813 corporis
551 1748 685 1814 quoque
705 1723 927 1790 subruendum
947 1725 1166 1790 valetudinem
1186 1797 1188 1802 ,

97 1827 243 1892 Antonio
265 1850 394 1892 musam
411 1828 568 1916 prebuit;
588 1826 844 1943 hominemque,
863 1827 966 1890 multa
984 1841 1098 1892 contra
1113 1848 1166 1890 so·

98 1926 225 1992 ciorum
243 1928 401 2010 salutem,
417 1944 450 1992 et
464 1945 580 1994 contm
594 1928 836 2016 provinciarum
854 1928 1047 2008 utilitatem,
1063 1943 1097 1991 et
1118 1927 1166 1992 fa·

98 2028 255 2109 cientem,
270 2045 306 2094 et
319 2030 534 2119 cogitantem,
549 2030 584 2094 in
599 2029 714 2094 mediis
731 2031 799 2110 ejus
817 2029 944 2110 injuriis
959 2045 992 2092 et
1007 2027 1165 2116 cupidita·

99 2128 185 2194 u'bus
201 2151 292 2196 mors
307 2131 478 2219 oppressit.
494 2133 620 2196 Tamen
640 2131 760 2195 Cretici
779 2145 1034 2220 cognomentum
1050 2128 1091 2192 ab
1106 2129 1166 2192 hac

99 2229 306 2318 expeditione
326 2233 462 2315 retulit,
484 2254 553 2296 non
580 2231 727 2296 victorin
744 2247 994 2322 argumentum,
1016 2226 1074 2294 sed
1090 2228 1165 2292 belli

99 2348 221 2396 temere
237 2334 391 2421 suscepti.
694 2355 699 2360 ·

140 2433 230 2499 xvl.
249 2433 464 2501 Ataduobns
474 2435 618 2501 Lucullis
627 2435 799 2505 honestius
810 2433 1066 2521 laudabiliusque
1080 2448 1168 2549 gesta

99 2536 283 2623 respublica
300 2554 366 2601 est·
356 2560 533 2627 ,qnorum
554 2539 683 2603 Marcus
702 2536 928 2605 Macedoniam
948 2535 1166 2625 provinciam,

100 2636 217 2700 Lucius
233 2586 491 2703 mithridaticum
510 2640 634 2708 bellum
656 2638 837 2705 obtinebat.
856 2639 902 2703 M.
919 2638 1090 2717 Lucullus,
1109 2638 1170 2724 qui

98 2737 234 2801 Curioni
246 2756 461 2821 successerat,
479 2740 655 2821 majoribus
671 2763 730 2828 per
747 2740 917 2803 Thraciam
931 2740 1048 2820 rebus,
1067 2759 1165 2824 quam

100 2838 182 2903 tillus
198 2855 274 2903 ante
286 2862 364 2905 eum
375 2842 551 2930 imperator
563 2857 719 2932 gesserat,
730 2841 945 2921 justissimum
961 2837 1165 2924 triumphum

100 2940 227 3005 meruit.
247 2941 377 3031 Quippe
395 2942 506 3024 Getis,
522 2943 580 3030 qui
596 2959 630 3007 et
648 2942 733 3030 Mysi
748 2938 966 3021 vocabantur,
987 2936 1166 3025 superatis,

99 3042 232 3121 Bessos,
254 3042 421 3107 nationem
442 3044 694 3124 ferocissimam,
720 3042 844 3130 primus
866 3060 1077 3103 romanorum
1101 3036 1166 3101 du·

99 3164 175 3207 cum
198 3142 285 3208 bello
306 3144 417 3232 petiit,
440 3166 561 3232 eosque
580 3146 616 3209 in
641 3144 758 3209 Haemo
779 3155 891 3205 monte
911 3140 1035 3229 ingenti
1057 3138 1167 3226 prelio

99 3243 204 3333 fregit.
227 3244 281 3308 Sic
300 3246 437 3333 receptis
458 3246 493 3309 in
513 3245 711 3311 deditionem
729 3240 1014 3317 Haemimontanis‚
1030 3240 1167 3305 Eumol·

100 3343 244 3429 piadem,
260 3368 333 3433 quse
349 3365 462 3435 postea
477 3348 712 3436 Philippopolis
736 3345 821 3410 dicta
840 3359 907 3426 est,
924 3365 1000 3407 mox
1021 3340 1167 3407 Uscuda-

99 3468 204 3527 mam,
226 3470 300 3534 qute
319 3447 568 3535 Hadrianopolis
590 3465 640 3513 est
662 3448 838 3537 appellata,
865 3444 1004 3527 eodem,
1029 3466 1096 3531 quo
1111 3466 1167 3534 ag·

98 3570 227 3635 gressus
246 3564 332 3631 erat,
350 3548 405 3613 die
426 3550 636 3639 expugnavit.
654 3549 847 3639 Progressus
867 3547 985 3613 deinde
1005 3546 1171 3635 Calyben,

98 3669 196 3732 quam
217 3648 386 3738 Philippus
405 3652 556 3739 Amynta
572 3650 676 3735 filius,
698 3650 845 3739 pessimis
864 3650 910 3713 ibi
928 3649 1092 3715 collocatis
1110 3648 1174 3719 tro-¹.

133 3894 149 3959 S
166 3895 236 3944 xtv.
250 3895 309 3943 hir.
324 3896 391 3961 Epit.
401 3924 437 3933 -
447 3898 513 3946 Plut.
523 3898 551 3945 in
564 3900 658 3947 Anton.
670 3916 724 3963 rap.
735 3914 758 3946 1.
769 3926 805 3937 -
819 3898 872 3947 Cic.
883 3901 909 3945 in
918 3899 989 3945 Verr.
1000 3900 1039 3955 11,
1053 3898 1080 3953 3,
1095 3908 1119 3942 et
1132 3894 1167 3941 ihi

102 3978 192 4027 Am.
204 4006 239 4015 —
253 3978 320 4029 rlor.
330 3980 383 4038 ΙΙΙ,
398 3995 422 4041 7.
440 4006 473 4016 ·-
491 3980 599 4045 Appian.
614 3980 682 4045 apud
695 3980 764 4028 Fulv.
779 3979 862 4027 Ursin.
880 4005 914 4014 -
931 3978 1028 4028 Sallust.
1039 3975 1102 4023 nin.
1114 3976 1166 4029 ΙΙΙ,

105 4060 143 4119 ¹5,
153 4073 178 4111 et
188 4064 279 4111 Intert.
289 4078 333 4124 29·
349 4090 384 4098 -
399 4062 416 4127 s
429 4064 486 4111 XV.
498 4064 561 4112 Plor.
573 4092 606 4101 -
616 4064 721 4113 Diodor.
733 4062 800 4127 apud
811 4061 880 4109 Fulv.
892 4060 974 4107 Ursin.
989 4087 1023 4095 --
1033 4060 1125 4107 Aaron.
1141 4057 1168 4105 in

102 4143 183 4195 Disin.
192 4146 364 4211 -tiv.1tpn.
377 4173 412 4183 -
422 4146 474 4197 Cic.
486 4148 512 4194 in
520 4148 590 4196 Verr.
603 4150 652 4206 111,
667 4163 706 4209 19.
725 4172 753 4222 ''.
764 4144 829 4193 Plut.
840 4145 874 4179 -'-
885 4142 994 4207 Appias.
1032 4201 1036 4211 ι
1088 4182 1091 4191 .
