2875 4900
278 336 352 427 490
454 335 524 401 Jo.
550 334 894 405 renrnsunun
925 338 1175 409 snrrtnu.

276 453 457 541 poemlata,
470 454 637 541 exposuit,
658 472 790 521 mutem
788 452 897 543 sitisse
898 457 1088 545 juventutis,
1103 460 1183 525 duce
1198 464 1346 544 cmm,

275 558 313 618 in
327 577 394 643 qua
409 554 545 620 Paullus
565 553 803 643 interfuisse,
822 571 855 621 et
871 558 913 645 Q.
932 558 1038 649 Coepio
1055 561 1172 627 Brutus
1188 579 1222 629 et
1241 566 1348 633 Leom-

273 654 327 719 Ius
344 654 502 721 Flaminis
504 652 606 743 filim
611 705 622 737 ‚
641 660 767 721 conscio
778 672 873 746 putre
886 676 1018 750 :postea
1034 662 1069 729 C.
1082 664 1268 753 Septimium
1279 671 1347 733 scri·

274 756 351 821 lain
365 756 492 837 Bibuli,
506 760 683 847 pugionem
700 759 763 829 tibi
777 783 800 823 a
815 760 933 825 Bibulo
953 764 1107 835 mmlisse
1126 766 1229 848 Quod
1245 783 1346 833 totum

274 858 406 923 irrisum
422 875 489 940 est,
505 859 616 923 Vettio
634 859 812 949 pugionem
832 860 996 945 defuisse,
1021 865 1083 929 nisi
1106 864 1251 931 dedisset
1275 890 1347 938 eum

272 959 408 1043 consul,
424 960 603 1048 presertim
618 982 725 1047 quum
740 959 810 1049 ipse
826 962 963 1028 bibulus
976 965 1190 1055 Pompeium,
1206 984 1248 1033 ut
1257 991 1345 1033 cave·

273 1075 325 1125 ret
338 1060 493 1143 insidias,
507 1061 704 1147 monuisset,
721 1084 829 1151 eoque
845 1065 981 1132 nonune
996 1065 1171 1156 Pompeius
1187 1069 1219 1133 ei
1233 1071 1344 1159 gratias

270 1159 402 1247 egisset.
417 1161 629 1227 Introductus
642 1162 743 1227 Curio
756 1162 842 1235 illius
854 1166 973 1231 refellit
985 1168 1133 1233 Vettium
1145 1192 1186 1233 eo
1197 1172 1343 1253 maxime,

270 1260 365 1349 qnod
381 1260 531 1327 Paullum
543 1263 598 1327 ille
611 1262 737 1329 dixerat
752 1265 870 1329 afferre
884 1289 1001 1333 manus
1015 1267 1173 1357 Pompeio
1188 1273 1342 1355 voluisse,

270 1384 341 1449 quo
357 1378 505 1452 tempore
526 1365 677 1431 Paullum
697 1368 870 1433 constabat
891 1369 990 1445 iniisse
1012 1371 1047 1434 in
1069 1373 1273 1441 Macedonia.
1295 1378 1343 1441 Fit

269 1466 611 1551 senatusconsultum,
625 1470 677 1533 uti
686 1468 831 1551 Vettius,
845 1471 937 1557 quod
947 1469 1108 1559 coufessus
1121 1486 1213 1556 esset,
1231 1499 1264 1540 se
1275 1500 1342 1541 eurr

267 1566 331 1631 telo
336 1565 461 1656 fuisse,
480 1571 516 1633 in
530 1570 666 1633 vmcula
682 1570 911 1659 conjicerem
929 1574 988 1663 qui
1002 1596 1074 1637 eum
1091 1576 1259 1659 emisisset,
1275 1600 1340 1641 eum

267 1683 383 1735 eontra
398 1670 625 1759 rempublicam
639 1694 703 1737 esse
705 1669 893 1757 faenerare.

313 1771 351 1835 C.
382 1772 460 1837 Non
489 1765 617 1837 obstitit
643 1774 966 1838 senattrsconsnltum
993 1775 1134 1857 Caesari,
1165 1777 1343 1863 quominus

267 1886 399 1957 postem
416 1870 470 1937 die
484 1872 684 1961 produceret
697 1873 734 1937 in
750 1875 868 1939 Rostra
879 1876 1045 1957 Vettium,
1064 1891 1099 1941 et
1120 1876 1257 1941 tribuno
1275 1878 1338 1968 ple·

266 1971 318 2039 his
336 1974 374 2039 P.
390 1974 523 2039 Vatinio
540 1973 703 2040 secundas
721 1990 855 2064 agente,
871 1975 979 2041 dicere
992 1975 1123 2055 juberet
1138 1999 1178 2041 ex
1192 2000 1233 2043 eo
1248 1978 1339 2063 loco,

266 2071 308 2137 ad
327 2098 429 2161 quem
450 2076 579 2141 consuli
598 2076 717 2139 Bibulo
744 2098 813 2141 non
835 2076 954 2143 licebat
974 2076 1147 2161 accedere,
1175 2100 1337 2168 quemque

264 2176 373 2240 Cesar
392 2176 428 2240 in
443 2192 584 2264 prtemra
599 2177 642 2259 Q.
661 2177 779 2244 Caum
792 2179 1010 2266 praeluserat.
1027 2180 1132 2269 Igitur
1145 2181 1275 2245 Vettius
1287 2205 1336 2245 au·

261 2291 371 2343 ctores
385 2278 646 2366 imprdsoresque
657 2278 787 2343 sceleris
801 2280 982 2350 nominavit
992 2280 1039 2345 Μ,
1050 2279 1220 2363 bibulum,
1233 2283 1271 2345 C.
1281 2282 1336 2345 Cu·

263 2379 392 2443 sionem
413 2403 493 2445 cum
516 2378 602 2461 filio,
624 2382 661 2445 L.
685 2380 854 2465 Paullum,
879 2381 1030 2469 quitum
1052 2396 1196 2468 questor
1213 2382 1249 2445 in
1267 2380 1334 2445 Ma·

259 2480 399 2547 ccdouia
413 2483 542 2565 aberat3
557 2499 712 2571 preterea
725 2483 762 2546 L.
778 2483 972 2566 Lucullum,
986 2485 1023 2548 L.
1038 2484 1241 2566 Domitium,
1254 2506 1334 2572 quos

261 2583 297 2649 in
307 2599 422 2648 senatu
431 2607 474 2648 ne
482 2585 675 2648 tenuissima
683 2583 819 2672 quidem
828 2585 1014 2673 suspicione
1023 2583 1235 2672 adsperserat.
1252 2587 1335 2648 Con·

260 2701 312 2750 tra
326 2685 526 2773 Caepionem,
542 2707 643 2772 quem
655 2685 779 2750 ibidem
795 2686 952 2750 acerrime
965 2686 1199 2768 nominaverat,
1215 2685 1335 2750 infore

259 2786 390 2868 omisit;
403 2801 442 2850 ut
451 2802 638 2874 appareret,
652 2803 804 2868 noctem,
817 2803 851 2850 et
864 2803 1060 2852 nocturnam
1074 2784 1333 2875 deprecationem

259 2888 473 2956 intervenisse
486 2887 645 2969 Serviliae,
660 2911 735 2976 quae
751 2904 855 2953 mater
871 2889 1033 2977 Caepionis
1045 2911 1121 2952 cum
1138 2890 1266 2953 Caesare
1281 2889 1333 2953 ha·

258 2988 338 3057 bere
351 2988 627 3054 oonsuemdinem
642 2989 832 3077 putabatur.

301 3091 356 3156 Cl.
375 3091 568 3156 Ciceronem
580 3113 650 3156 non
665 3091 865 3171 nominavit,
883 3087 942 3154 sed
956 3088 1057 3173 dixit,
1072 3089 1273 3164 consularem
1284 3091 1331 3156 di·

256 3206 394 3274 temur,
420 3196 562 3260 eremum
586 3192 729 3272 mutuli,
753 3192 815 3256 sibi
832 3191 974 3270 dixisse,
998 3191 1141 3256 Ahalam
1167 3191 1331 3258 Semilium

256 3292 415 3381 uls'quem,
431 3311 492 3360 aet
502 3297 599 3360 etsirm
613 3294 750 3360 Bmtrem
762 3315 840 3382 opas
852 3314 914 3356 esse
928 3293 1071 3381 opperiri.
1087 3290 1215 3356 Deinde
1227 3315 1329 3380 quum

253 3393 320 3474 jam
336 3393 557 3464 descendisset
571 3395 614 3462 de
627 3396 774 3477 Rostris,
790 3395 1001 3483 colloquatur
1011 3416 1088 3460 cum
1104 3416 1145 3458 eo
1161 3395 1329 3476 Vatinius,

255 3499 438 3579 revocavit,
461 3499 760 3589 interrogavitque,
782 3520 972 3587 ecquosnam
997 3496 1079 3560 clim
1097 3511 1206 3584 posset
1227 3498 1328 3562 nonu·

254 3600 365 3663 aare?
380 3615 453 3663 tum
467 3601 521 3666 illc
533 3602 572 3665 C.
585 3602 739 3666 Pisonem
754 3621 912 3690 generum
930 3599 1114 3682 Ciceronis,
1128 3614 1162 3664 et
1174 3599 1223 3664 M.
1236 3601 1327 3666 Late·

253 3723 384 3766 rentem
399 3702 549 3769 onomius
562 3699 675 3766 edidit.
691 3703 891 3790 Quanquam
905 3701 939 3766 in
951 3700 1003 3764 bis
1017 3699 1118 3762 multa
1131 3716 1243 3782 erant,
1258 3721 1326 3788 quet

254 3805 372 3871 falsum
395 3802 554 3868 indicium
576 3803 778 3891 proderent,
801 3821 910 3869 tamen
933 3803 1137 3893 promulgata
1161 3802 1213 3865 lex
1237 3818 1285 3866 eat
1308 3823 1325 3864 a

287 4015 418 4082 §xclx
430 4016 530 4067 Cicad
543 4017 730 4077 Atticum,
748 4027 773 4066 et
787 4014 1075 4080 invulnerem-S
1089 4015 1119 4066 C.
1135 4014 1189 4066 Cic.
1204 4011 1323 4064 invium

254 4098 324 4159 etad
335 4100 410 4148 Arne.
