2875 4900
299 398 370 495 390
474 404 543 471 JO.
570 404 910 475 FREINSHEMII
939 404 1184 475 SUPPLEM.

295 524 368 609 peio
386 524 461 587 usui
484 524 593 589 futura
611 523 807 604 crediderat,
826 523 972 587 vastabat
994 522 1194 609 urebatque,
1215 536 1250 585 ut
1264 542 1342 583 com·

296 638 462 687 meatuum
479 624 588 712 inopia
602 625 667 691 vim
682 625 751 705 ejus
767 625 993 712 impetumque
1007 624 1224 689 frustraretur.

338 726 430 791 xlx.
454 724 517 789 Sed
535 726 592 790 ubi
608 726 783 815 Pompeius
799 726 833 789 in
851 726 1038 789 Armeniam
1054 726 1212 787 minorem
1226 744 1344 786 conver

294 826 334 890 tit
358 848 496 915 agmen,
519 842 668 891 metuens
689 828 717 891 ei
744 849 804 915 per
828 826 1008 891 absentiam
1031 848 1123 890 suam
1141 822 1343 901 Mithridates,

292 926 407 991 eodem
434 950 509 991 cum
531 927 689 1016 phalange
710 928 840 1017 triginta
860 928 1018 1009 millium,
1041 944 1075 993 et
1095 927 1199 993 tribus
1217 925 1344 991 millibus

293 1028 442 1117 equitum
460 1029 571 1093 movit.
591 1028 771 1093 Veteranus
787 1028 841 1093 hic
857 1046 942 1111 erat,
961 1047 1050 1095 etex
1064 1031 1157 1094 omni
1170 1051 1268 1119 regno
1278 1048 1344 1092 cum

292 1152 369 1193 cura
387 1131 488 1193 lectus
507 1131 683 1213 exercitum
700 1154 800 1218 quem
818 1147 890 1195 tum
907 1132 942 1196 in
961 1146 1108 1197 montem
1122 1129 1290 1218 quemdam
1304 1150 1344 1193 ar

293 1228 397 1295 duum
417 1230 647 1319 munitumque
666 1230 842 1312 subduxit,
861 1233 988 1297 Dastira
1009 1232 1186 1312 vocabant,
1205 1232 1238 1295 in
1255 1229 1344 1296 Acisi·

290 1331 363 1395 lena
376 1330 485 1395 situm.
504 1332 554 1395 lbi
571 1334 682 1397 castris
696 1333 827 1420 positis,
844 1334 972 1399 bostem
986 1348 1123 1397 atterere
1137 1356 1227 1398 mora
1242 1331 1344 1397 seden-

290 1430 401 1519 doque
412 1433 612 1497 conabatur:
629 1456 704 1497 nam
714 1481 724 1515 ,
735 1432 826 1521 quod
840 1434 875 1496 in
889 1435 990 1498 amica
1002 1435 1136 1524 regione
1150 1433 1344 1511 consederat,

289 1532 473 1619 promptim
489 1534 550 1621 ipsi
569 1550 769 1599 commeatus
785 1534 1060 1601 subvehebantur.

333 1632 407 1695 XX.
431 1634 559 1698 Interea
582 1657 641 1723 per
661 1636 806 1723 equites,
832 1658 897 1723 qua
918 1651 1011 1724 parte
1033 1638 1152 1703 virium
1170 1636 1344 1727 prestabat,

289 1732 455 1819 planitiem
472 1736 649 1816 subjectam
666 1736 882 1818 incursando,
898 1737 1039 1803 subinde
1061 1741 1240 1829 excipiebat
1257 1760 1344 1826 quos·

289 1832 381 1917 dam,
400 1836 510 1901 multis
525 1860 658 1927 quoque
673 1839 715 1904 ad
731 1840 824 1904 illum
840 1862 877 1905 ea
889 1839 929 1904 de
946 1863 1043 1905 causa
1058 1841 1344 1932 nansfugientibns.

287 1936 411 2002 Mutata
432 1937 550 2003 deinde
574 1964 649 2005 cum
667 1942 741 2007 loco
763 1943 896 2005 fortuna
916 1959 984 2025 est,
1007 1960 1182 2032 postquam
1201 1944 1344 2009 omissum

287 2062 306 2103 a
328 2038 516 2105 Mithridate
536 2041 652 2131 jugum
676 2043 854 2129 Pompeius
879 2044 990 2107 metris
1015 2045 1196 2131 occupavit.
1221 2044 1346 2131 Propter

287 2163 380 2229 aquae
404 2142 575 2229 penuriam
597 2142 802 2209 Mithridates
829 2144 1003 2232 reliquerat
1023 2145 1155 2224 locum;
1181 2142 1239 2209 sed
1258 2143 1344 2207 Pom·

289 2242 381 2329 peius
396 2265 435 2309 ex
450 2244 606 2311 fruticum
621 2261 803 2333 proventu,
818 2247 965 2334 situsque
980 2244 1108 2328 indole,
1122 2246 1214 2333 quod
1225 2256 1346 2309 reserat

289 2343 469 2429 suspicatus
479 2394 488 2427 ‚
500 2362 616 2433 puteos
629 2344 698 2410 fodi
709 2347 821 2428 jussit3
835 2363 989 2436 tantaque
1003 2370 1077 2413 mox
1092 2345 1345 2436 aquaeaffluentia

288 2443 368 2528 fuit,
386 2461 423 2510 ut
442 2449 566 2514 tamdiu
580 2450 645 2515 hoc
657 2451 822 2540 ignorasse
837 2449 1057 2516 Mithridatem
1074 2450 1277 2516 mirarentur.
1293 2451 1345 2512 Ac·

288 2543 424 2612 cedebat
439 2548 526 2614 aliud
542 2574 582 2614 ex
596 2552 728 2641 ingenio
743 2553 892 2616 locorum
906 2551 1133 2633 commodum,
1148 2551 1240 2641 quod
1253 2549 1345 2614 obsita

286 2645 432 2735 virgultis
450 2663 482 2712 et
498 2651 668 2718 arboribus
689 2654 779 2742 tegio
800 2653 931 2743 tegebat
945 2655 1128 2734 Romanos,
1145 2676 1189 2718 ne
1208 2654 1344 2741 equitum

286 2764 319 2811 et
335 2749 572 2838 sagittariorum
589 2753 754 2842 regiorum
774 2755 961 2818 excursibus
976 2770 1133 2842 paterent.
1159 2755 1281 2820 Eadem
1301 2773 1344 2816 res

285 2847 457 2916 admonuit
473 2851 686 2941 Pompeium,
703 2872 743 2920 ut
759 2854 891 2921 insidias
908 2856 1068 2943 equitatui
1086 2855 1251 2936 hostium,
1271 2850 1344 2918 natis

284 2948 325 3013 ad
344 2973 414 3014 eam
433 2952 580 3019 fraudem
597 2957 750 3032 vallibus,
766 2972 916 3022 strueret.

329 3053 418 3118 XXI.
450 3056 556 3144 Igitur
582 3073 683 3122 noctu
706 3058 811 3122 tribus
835 3058 948 3122 ieviter
965 3060 1171 3122 'armatorum
1189 3056 1343 3132 millibus,

284 3175 360 3216 cum
373 3155 536 3242 equitibus
548 3159 752 3248 quingentis,
761 3159 848 3224 inter
858 3159 926 3225 duo
937 3177 1039 3226 eastra
1050 3159 1237 3240 occultatis,
1249 3158 1343 3247 prima

282 3252 355 3316 luce
374 3277 495 3342 paucos
517 3259 605 3322 misit
626 3258 667 3323 ad
687 3259 808 3324 vallum
829 3261 915 3350 regis
934 3262 1078 3349 equites,
1102 3261 1147 3326 ita
1163 3261 1296 3340 doctos,
1312 3272 1344 3321 ut

283 3375 416 3440 operam
434 3356 566 3439 darent,
584 3383 650 3446 quc
667 3361 837 3426 universus
848 3363 1012 3448 equitatus
1025 3361 1151 3426 hostilis
1164 3363 1342 3426 eliceretur:

283 3477 323 3518 eo
342 3453 443 3540 facto,
462 3460 592 3524 servatis
611 3459 782 3525 ordinibus
798 3485 833 3526 se
850 3463 1089 3546 subducerent,
1105 3463 1214 3528 donee
1228 3459 1342 3526 insidiis

281 3553 433 3621 fecissent
449 3560 641 3650 erumpendi
655 3564 942 3650 opportunitatem.
961 3564 1080 3628 Omnia
1096 3563 1289 3628 obedienter
1302 3561 1344 3624 in·

281 3656 471 3748 dustrieque
486 3662 589 3726 iacta:
607 3685 774 3731 successus
796 3666 893 3729 etiam
915 3665 1144 3754 exspectationi
1166 3687 1226 3753 par
1245 3662 1341 3730 affuit·

281 3761 391 3850 Regii,
406 3783 508 3842 novo,
522 3763 610 3828 unde
622 3764 757 3828 minime
768 3781 973 3856 putaverant,
983 3765 1078 3829 hoste
1090 3766 1264 3845 emicante,
1274 3781 1344 3826 con·

280 3862 379 3926 versis
403 3865 520 3944 etiarn,
540 3882 681 3951 quorum
703 3868 802 3953 paulo
824 3885 900 3931 ante
926 3884 1015 3956 terga
1040 3864 1204 3946 viderant,
1229 3861 1340 3938 territi,

315 4063 416 4129 §XIX
429 4069 558 4126 Oros.V1,
569 4076 593 4123 4.
610 4095 644 4104 ·-
656 4069 723 4120 Plut.
741 4095 776 4106 -·-
792 4069 901 4134 Appiam.
916 4099 950 4106 -
966 4070 1047 4120 Strah.
1066 4070 1109 4120 lib.
1122 4073 1189 4132 111,
1198 4087 1225 4138 p.
1239 4069 1296 4118 555.
1309 4089 1340 4102 -·

279 4147 605 4214 nto.-§xx.r1ut.-
615 4152 673 4200 Dio.
688 4179 723 4189 -—
738 4155 821 4202 Front.
832 4155 873 4212 11,
889 4155 912 4203 ⁵.
