2875 4900
252 400 308 469 IN
341 398 454 468 LOC.
482 399 577 467 LIB.
604 400 768 468 LXXXI
798 399 1012 470 LIVIANI.
1124 422 1167 492 qr

97 538 172 585 «eto
190 519 387 585 eomoediam
405 519 547 584 scribere
562 520 701 585 vetitum
717 517 921 607 Areopagitis
939 532 1006 597 est,
1022 539 1065 579 ne
1082 538 1173 581 sere·

97 623 248 687 «ritatem
265 620 415 701 judicum
429 621 580 709 populhri
595 620 755 685 hilaritate
769 634 1001 707 corrumpant3
1018 634 1127 682 tamen
1142 634 1175 681 et

96 724 150 787 «in
164 722 282 787 vestris
295 722 431 787 theatris
443 720 561 785 fabulae
576 738 696 788 nostras
707 738 914 811 spectantur,
928 736 962 784 et
972 718 1175 808 ingeniosior

97 826 260 913 «quisque
275 840 447 912 poetarum
466 823 623 905 hahetur,
650 846 716 913 quo
735 822 871 911 propius
893 820 985 885 abest
1002 844 1022 883 a
1041 820 1173 885 nostris.

96 924 297 1015 «Tragoediae
315 947 413 1006 vero,
431 946 505 1013 quae
523 926 679 991 maximas
700 925 735 989 in
753 926 819 990 rita
839 923 940 988 habet
961 923 1116 987 utilitates
1132 922 1174 987 ad

96 1048 254 1090 «omnem
269 1026 354 1091 bene
367 1026 536 1091 ferendam
549 1028 735 1108 fortunam,
749 1028 938 1114 etprimum
954 1026 1175 1105 inventorem,

96 1144 150 1191 «et
163 1129 340 1216 scriptores
356 1128 440 1193 adeo
452 1130 645 1194 excellentes
661 1130 731 1193 haec
743 1128 854 1193 civitas
865 1127 1013 1217 peperit,
1030 1144 1069 1191 ut
1082 1141 1176 1190 tanus

95 1230 181 1310 «jam
199 1246 349 1317 tempore
363 1252 461 1295 nemo
477 1232 519 1295 sit
532 1248 696 1319 repertus,
713 1232 773 1319 qui
789 1229 981 1318 sapientiam
992 1227 1176 1316 Euripidis,

94 1332 306 1396 «facundiam
332 1332 524 1421 Sophoclis,
552 1330 871 1421 grandiloquentiam
896 1329 1043 1418 AEschyli
1070 1328 1176 1417 possit

95 1449 250 1499 «tmltart.

136 1536 226 1599 XLI.
250 1534 429 1599 «Oratores
452 1551 562 1600 autem
583 1551 773 1623 praestantes
793 1535 904 1598 civitas
928 1549 1041 1597 nostra
1061 1532 1173 1621 plures

94 1637 232 1702 «eadem
250 1652 343 1700 aetate
360 1636 491 1719 hahuit,
510 1658 609 1723 quam
627 1637 761 1723 reliquae
780 1633 1020 1724 propemodum
1039 1655 1173 1714 omnes,

94 1736 276 1803 «omnibus
288 1739 381 1803 annis
395 1760 403 1802 ε
419 1738 569 1824 equibus
586 1737 739 1825 equidem
753 1738 880 1826 Lysias,
895 1752 929 1799 et
940 1735 1129 1814 AEschines,
1142 1752 1176 1798 et

93 1840 377 1920 «Demosthenes,
395 1862 463 1931 non
481 1855 637 1927 tanquam
655 1854 842 1920 oratorum,
859 1837 918 1902 sed
933 1854 1089 1924 tanquam
1106 1836 1175 1899 elo·

94 1940 263 2028 «quentiae
286 1940 419 2003 nomina
445 1940 635 2004 audiuntur.
666 1942 706 2005 Et
730 1958 770 2006 ut
792 1942 954 2029 pictores,
981 1939 1175 2017 statuarios,

94 2076 105 2097 «
116 2044 267 2129 aliosque
280 2042 434 2117 artifices,
451 2066 594 2130 quorum
608 2060 717 2107 tamen
730 2044 868 2133 insignis
882 2045 982 2108 etiam
995 2058 1046 2105 est
1057 2042 1175 2130 gloria,

96 2158 153 2207 «et
171 2142 336 2232 quidquid
358 2144 566 2232 ingeniorum
587 2144 722 2210 diversis
739 2145 856 2210 studiis
876 2161 1073 2233 occupatum
1094 2144 1174 2225 luit,

94 2246 254 2311 «silentio
279 2263 497 2329 transeamus,
519 2250 592 2335 quis
615 2250 760 2338 ignorat,
783 2249 900 2313 nullibi
924 2265 1084 2313 terrarum
1105 2268 1174 2310 me·

95 2350 219 2413 «liores
235 2349 394 2413 exstitisse
410 2348 562 2414 doctores
577 2351 663 2431 ejus,
678 2374 753 2437 quae
762 2351 861 2415 vitam
877 2350 976 2439 regit,
990 2347 1175 2436 sapientise?

139 2451 244 2514 XLII.
263 2451 386 2514 «Solon
401 2467 434 2514 et
446 2452 614 2534 Socrates,
629 2469 753 2517 etcum
771 2450 906 2518 Platone
920 2450 1127 2540 Xenophon,
1141 2466 1174 2513 et

95 2569 171 2617 «tot
195 2553 349 2641 profectae
370 2575 389 2615 a
409 2553 541 2618 Socrate
561 2554 708 2635 familiae,
730 2579 870 2642 quarum
894 2554 1074 2618 etiamnum
1096 2575 1173 2616 suc·

95 2655 225 2718 «cessio
236 2654 351 2735 durat,
364 2655 492 2720 notiora
504 2673 582 2720 sunt
593 2657 764 2738 miracula,
777 2680 876 2745 quam
888 2673 926 2720 ut
938 2656 1002 2720 diei
1013 2655 1173 2734 debeant;

93 2755 257 2838 «majora,
274 2779 375 2843 quam
389 2773 427 2820 ut
445 2757 581 2845 possint.
596 2758 650 2821 Oh
667 2775 716 2822 tot
728 2760 820 2823 urbis
831 2759 950 2823 decora
963 2759 1085 2822 mirum
1102 2777 1172 2818 non

94 2873 182 2938 «est,
195 2858 223 2920 si
233 2859 365 2920 maximi
377 2859 698 2948 praestantissimique
707 2884 818 2950 reges,
830 2862 879 2926 uti
888 2863 1019 2925 uncere
1028 2858 1173 2922 Athenas

93 2957 343 3046 «magnificum,
357 2959 401 3022 ita
411 2959 547 3047 perdere
558 2961 776 3026 inhumanum
785 2963 985 3044 judicarunt.
998 2962 1173 3025 Possemus

93 3058 172 3122 «bie
198 3058 389 3147 Philippum
415 3062 586 3126 nominare
611 3063 831 3128 Macedonum
849 3087 978 3153 regern,
1002 3083 1173 3151 possemus

92 3159 339 3224 «Alexandrum
359 3186 367 3226 :
387 3161 444 3226 sed
467 3185 508 3226 ne
530 3163 589 3226 tihi
615 3165 688 3228 talia
709 3163 1023 3243 commemorando,
1043 3161 1174 3226 fastidio

93 3263 240 3344 «simus,
258 3264 454 3352 imperator,
472 3266 668 3352 praesertim,
686 3267 764 3354 quia
779 3291 840 3355 pro
855 3267 1058 3330 humanitate
1074 3281 1174 3353 atquc

93 3365 306 3430 «eruditione
324 3382 381 3432 tua
400 3367 482 3430 nihil
496 3368 616 3432 horum
630 3369 753 3448 nescis,
768 3369 826 3432 has
841 3383 971 3432 tantum
983 3367 1173 3447 adjiciemus

94 3489 247 3554 «preces,
262 3482 301 3529 ut
310 3468 563 3532 clarissimorum
576 3491 692 3558 regum
703 3469 787 3532 tueri
795 3469 957 3549 judicium
964 3471 1059 3551 velis,
1074 3485 1173 3556 atque

94 3597 107 3622 «
116 3569 326 3632 clementiam
343 3569 480 3650 imitari,
495 3569 776 3657 quemadmodum
790 3572 926 3636 imitaris
937 3587 971 3636 et
983 3571 1149 3634 virtutem.

137 3670 259 3734 XLIII.
278 3701 291 3726 ι
301 3671 352 3736 Ne
363 3671 474 3735 lubeat
485 3671 544 3734 tihi
559 3687 681 3736 vastare
693 3672 827 3737 aedificia
844 3675 943 3754 hujus
956 3674 1063 3754 urbis,
1077 3697 1096 3736 a
1108 3695 1173 3760 qua

95 3773 265 3860 «primurn
290 3771 407 3838 tradita
433 3775 625 3838 mortalibus
652 3791 701 3840 est
722 3775 901 3840 aedificandi
922 3775 1076 3840 scientia:
1105 3773 1174 3834 noli

96 3875 205 3940 «fame
219 3897 370 3964 premere
383 3876 516 3964 hugum
533 3893 701 3964 parentem
714 3901 724 3958 ;
743 3879 811 3941 noli
827 3878 912 3942 hello
926 3892 1049 3939 vastare
1061 3887 1110 3935 tot
1123 3873 1176 3934 lte-

131 4093 146 4158 §
160 4093 545 4156 xt.1³luurch.-trhen.vtt‚
562 4112 583 4144 ι
592 4125 626 4134 -
637 4097 653 4162 S
666 4100 757 4146 XLlll.
769 4098 834 4145 Flos.
846 4098 896 4155 lll,
914 4096 937 4142 5.
952 4121 985 4130 »-
996 4093 1089 4141 Justin
1098 4093 1137 4140 11.
1150 4092 1175 4140 a.
1274 4109 1280 4120 ·

99 4206 130 4214 -
144 4179 292 4236 amvi,
308 4181 349 4226 ιδ.
369 4207 403 4216 -
423 4179 546 4230 Plutarch.
561 4184 587 4229 in
599 4183 681 4241 Sulla,
700 4200 754 4246 cap.
771 4185 819 4238 28,
838 4193 862 4228 ct
878 4181 909 4226 ‹le
923 4178 1020 4225 (larrul.
1036 4193 1090 4238 cap.
1104 4177 1128 4222 8.
