2875 4900
285 366 354 437 388
459 366 529 433 JO.
558 362 900 433 FRElNSHEMII
930 360 1176 430 SUPPLEM.

283 489 392 552 venire
403 485 444 549 ad
453 486 656 572 colloquium
672 485 793 572 placuit
804 484 953 564 Danalis,
967 481 1059 570 quod
1072 484 1254 547 Galatartlns
1264 482 1336 545 Tro·

283 610 431 653 emotum
441 586 613 649 castellum
630 601 708 649 erat.
725 586 789 647 Res
804 584 850 647 ibi
866 584 944 648 levis
960 584 995 647 in
1009 607 1106 648 omen
1123 607 1213 647 versa
1226 598 1287 664 est,
1302 605 1336 644 ex

283 689 337 769 iis,
352 710 423 776 quse
433 688 501 769 jam
517 703 588 749 tum
605 684 742 766 fiebant,
765 685 899 749 minime
914 684 1038 749 difficili
1054 683 1248 765 conjectura.
1263 686 1337 747 lau·

282 790 361 854 reati
376 790 476 854 fasces
490 776 661 873 utriusque
673 786 877 873 imperatoris
891 802 983 849 erant
998 808 1006 849 ε
1021 784 1079 849 sed
1093 800 1130 848 ut
1141 784 1290 848 Lucullus
1304 804 1338 844 ex

282 891 456 955 amoeniore
469 904 602 952 venerat
619 888 771 975 regione,
784 888 872 951 illius
888 903 957 951 erat
973 888 1083 951 laurus
1100 886 1268 950 recentior.
1286 884 1338 972 lgi-

284 1010 337 1057 tur
348 994 477 1056 lictores
496 991 584 1069 ejus,
601 989 808 1076 Pompeianis
823 1004 913 1077 parte
927 1009 1099 1067 concessa,
1117 986 1337 1051 dederuntan·

284 1116 353 1156 sam
368 1088 582 1180 quibusdam,
595 1104 633 1151 nt
646 1088 853 1153 victoriarum
865 1089 992 1155 Luculli
1003 1104 1194 1152 ornamenta
1205 1088 1239 1150 in
1250 1088 1338 1151 Pom·

282 1194 391 1281 peium
413 1213 540 1255 cessura
561 1190 717 1255 dicerent.
736 1192 937 1280 Congressus
956 1190 1190 1277 imperatorum
1211 1211 1300 1252 come
1312 1203 1340 1248 et

283 1288 463 1381 benignum
474 1291 672 1379 principium
685 1291 819 1373 habuit,
832 1290 1086 1381 gratulantibus,
1105 1306 1139 1354 et
1148 1312 1200 1354 res
1209 1290 1249 1353 ab
1260 1305 1339 1352 utro

284 1416 348 1481 que
366 1408 471 1481 gestas
487 1392 626 1455 invicem
643 1392 882 1457 extollentibus

326 1495 414 1557 xlv.
431 1492 495 1558 Sed
508 1494 575 1559 cito
587 1509 733 1558 mutatus
750 1494 792 1559 ad
811 1516 923 1559 verum
941 1495 1042 1559 animi
1058 1493 1210 1559 habitum
1225 1514 1337 1568 sermo,

283 1596 432 1686 gravibus
451 1596 590 1684 querelis
607 1612 704 1684 atque
718 1597 814 1660 etiam
836 1596 992 1660 conviciis
1008 1594 1185 1660 inhorruit.
1196 1593 1338 1658 Lucullus

284 1713 351 1760 erat
364 1697 464 1759 rotatis
484 1714 516 1761 et
530 1698 717 1761 consulatus
732 1712 879 1784 tempore
899 1697 1008 1784 prior3
1025 1696 1174 1783 Pompeii
1189 1696 1294 1784 potior
1309 1715 1341 1755 er

284 1796 415 1861 duobus
429 1797 604 1885 triumphis
619 1782 652 1861 et
665 1796 794 1885 imperii
809 1795 1024 1885 amplitudine
1037 1797 1223 1861 auctoritas.
1238 1796 1340 1881 Neque

283 1897 414 1978 deerat,
436 1898 527 1986 quod
546 1898 756 1979 objiceretur.
780 1900 935 1963 Lucullus
956 1899 1094 1963 avantiae
1118 1900 1252 1963 nomine
1270 1897 1341 1961 male

284 2000 453 2081 audiebat,
465 2016 513 2081 et,
528 2022 631 2087 quum
645 2017 772 2089 patrare
783 2000 905 2064 bellum
917 2016 1046 2088 posset,
1059 2023 1127 2088 quo
1140 1999 1264 2064 diutius
1273 2020 1342 2086 opu·

282 2102 474 2165 lentissimae
483 2102 665 2190 provincias
676 2101 857 2182 obtineret,
868 2102 1000 2190 Tigrani
1011 2100 1260 2189 Mithridatique
1270 2121 1341 2187 pue·

284 2203 392 2267 buisse
416 2202 575 2291 effugium
600 2202 853 2267 existimabatur.
877 2203 954 2267 Hec
977 2202 1151 2290 exagitanti
1171 2200 1338 2289 Pompeio,

284 2303 440 2367 Lucullus
452 2302 611 2365 infinitam
624 2302 754 2391 imperii
767 2302 975 2391 cupiditatem
992 2302 1228 2389 exprobrabat,
1243 2299 1342 2365 debel-

287 2405 390 2468 latum
411 2426 481 2468 esse
502 2402 615 2468 dicens
636 2426 714 2468 cum
735 2403 884 2493 regibus,
908 2425 1016 2492 neque
1043 2424 1127 2467 nora
1149 2401 1342 2492 expeditione

286 2527 371 2592 opus
385 2528 392 2568 :
405 2519 480 2592 post
495 2526 568 2567 acre
583 2503 728 2593 jurgium
742 2505 796 2568 rix
806 2505 852 2568 ab
866 2505 976 2568 amicis
989 2504 1142 2593 dirempti
1154 2521 1243 2568 sunt.

327 2604 399 2668 XV.
415 2602 540 2667 Exinde
552 2605 723 2686 Lucullus,
741 2604 775 2667 in
793 2604 915 2668 Galatia
930 2605 1101 2686 resistens,
1117 2622 1231 2693 captos
1244 2628 1283 2669 ex
1295 2603 1344 2667 ho·

285 2706 388 2770 stibus
401 2727 495 2794 agros
506 2704 664 2769 arbitratu
677 2728 739 2770 suo
751 2705 985 2790 distribuebat3
999 2708 1085 2772 inter
1098 2731 1172 2796 quae
1185 2708 1292 2772 nobile
1304 2728 1343 2768 ca·

287 2808 418 2872 stellnm
428 2807 574 2888 Tomisa,
588 2807 679 2897 quod
693 2808 853 2900 Sophene
862 2809 949 2898 regi,
960 2809 1053 2890 cujus
1063 2812 1166 2899 regno
1173 2810 1343 2892 adjacebat,

289 2923 422 2974 centnm
434 2908 563 2973 talentis
575 2909 680 2972 fuerat
692 2925 857 2997 emptum,
869 2910 1079 2975 Ariobarzani
1090 2913 1276 2977 restitutum
1287 2923 1342 2974 est:

287 3027 401 3076 contra
416 3009 592 3099 Pompeius
602 3009 801 3090 judiciorum
816 3012 884 3092 ejus
900 3011 1014 3076 haberi
1034 3012 1195 3078 rationem
1210 3012 1343 3086 vetabat,

287 3111 497 3200 nudabatque
523 3114 618 3177 illum
646 3113 770 3200 copiis,
800 3113 888 3178 mille
914 3129 1042 3178 tantum
1072 3130 1106 3178 et
1132 3114 1288 3179 sexcentis
1309 3107 1344 3173 ad

288 3213 492 3302 triumphum
512 3214 630 3278 relictis
648 3213 823 3296 militibus,
841 3237 924 3302 quos
941 3238 982 3278 ex
1002 3216 1092 3278 omni
1113 3239 1252 3280 numero
1268 3215 1344 3278 fem·

286 3315 448 3395 cissimos,
461 3315 663 3403 Luculloque
680 3316 915 3380 infensissimos
930 3339 999 3381 esse
1011 3333 1225 3404 compererat.
1239 3319 1344 3401 Neque

285 3414 336 3478 his
350 3431 542 3497 contentus,
557 3438 694 3504 operum
703 3417 773 3496 ejus
788 3417 1035 3482 estimationem
1048 3418 1154 3481 verbis
1169 3417 1342 3490 obterebat,

284 3537 358 3578 cum
370 3516 481 3579 umbra
495 3539 604 3604 regum
615 3531 647 3580 et
657 3519 782 3606 tragico
796 3518 936 3607 quodam
950 3533 1111 3608 apparatu
1121 3519 1284 3582 dtirtt'cusse
1292 3516 1345 3578 tu·

285 3614 402 3680 cullttm
425 3615 593 3698 dictitans3
614 3639 700 3680 nunc
720 3641 833 3682 verum
855 3621 972 3683 instate
994 3630 1169 3696 cortanna,
1184 3630 1345 3705 postquam

285 3715 349 3796 illi,
362 3719 482 3781 caussis
494 3719 625 3806 ineptiis,
637 3718 684 3782 ud
693 3741 786 3782 arma
794 3721 996 3809 vuommque
1005 3719 1138 3784 tuburse
1146 3717 1344 3782 contulissent.

320 3941 336 4006 5
352 3941 726 4008 xtn.snab.ttb.x11,png.
743 3945 803 4005 567.
823 3970 859 3982 --
878 3944 1002 3994 Plutarch.
1021 3946 1048 3993 in
1067 3945 1179 3994 Lucullo.
1197 3971 1232 3981 --
1248 3943 1264 4008 5
1283 3936 1345 3989 ΧΠ·

283 4023 406 4074 Plutarch.
417 4025 444 4072 in
454 4027 541 4090 Pomp.
550 4051 585 4062 -
594 4025 658 4075 Vell.
671 4029 708 4084 ll,
724 4027 765 4074 33.
776 4055 811 4064 -
822 4026 838 4092 s
851 4029 910 4075 XV.
922 4029 985 4086 Dio,
996 4027 1040 4076 lib.
1052 4029 1176 4076 XXXVI.
1185 4055 1219 4065 -
1232 4019 1344 4076 Plutarch·

282 4108 309 4155 in
323 4109 433 4158 Lucullo.
448 4138 480 4147 -
495 4108 628 4159 stitutio.
638 4111 702 4168 llll,
716 4125 773 4175 pag.
787 4110 846 4170 stt,
859 4122 884 4158 et
897 4111 942 4161 lib.
953 4113 1026 4172 xlv,
1039 4127 1094 4175 pag.
1107 4111 1166 4160 663.
