2875 4900
301 353 371 450 298
478 357 545 425 JO.
572 357 913 429 FREINSIIEMII
942 357 1186 428 SUPPLEM.

298 505 312 530 ι
322 489 405 552 seat,
417 497 507 540 arma
518 476 599 565 poni
611 479 725 542 solere.
742 479 869 567 Populo
882 492 1019 544 romano
1034 501 1111 544 cum
1122 479 1245 568 reliquo
1259 493 1342 544 terra·

299 599 397 640 urum
416 577 497 641 orbe
518 600 622 642 unum
642 577 1003 667 idemqueperpetuum
1016 579 1144 644 'beIIum
1162 602 1248 662 esse,
1264 578 1342 667 quod

299 705 313 732 ι
323 675 386 739 nisi
401 675 641 760 dominatione,
659 696 716 744 aut
732 679 868 744 interitu
884 681 988 762 illius,
1004 681 1084 769 poni
1100 695 1245 770 nequeat.

343 777 603 844 XXVI.'«Ilium
620 780 699 845 olim
718 793 847 846 tantum
869 781 987 846 astutia
1001 781 1156 863 valuisse,
1178 796 1231 861 ut,
1252 779 1343 844 donec

299 877 433 942 «multis
456 877 635 968 subjugatis
660 881 833 969 gentibus,
861 881 895 944 in
918 881 1155 947 formidabilem
1181 881 1343 970 potentiam

299 996 526 1069 «exsurgeret,
542 1001 672 1069 semper
689 982 769 1046 alios
784 982 826 1048 ab
845 982 915 1048 aliis
934 982 1141 1065 disjunxerit,
1164 983 1343 1048 reinvitent

299 1101 384 1167 «ope
399 1079 547 1162 ferenda,
567 1081 743 1148 imminens
759 1083 913 1148 omnibus
929 1085 1063 1174 jugum,
1080 1085 1179 1148 unius
1198 1083 1344 1172 periurio,

213 1251 217 1258 ¹
298 1182 491 1246 aeommuni
506 1184 682 1248 eommodo
695 1199 886 1250 averterent.
900 1185 950 1250 Ita
965 1184 1110 1252 desertos
1123 1183 1344 1270 doetimtoeque

274 1360 279 1370 ⁵
299 1283 446 1370 «cepisee
462 1283 623 1374 singulos,
641 1300 680 1350 ut
700 1285 822 1352 horum
842 1285 994 1376 deinoaps
1012 1286 1110 1356 armis
1129 1309 1167 1352 eo
1185 1285 1344 1374 sanguine,

298 1412 311 1438 ι
321 1383 417 1448 etiam
428 1385 558 1475 longius
571 1385 701 1452 dissitos
713 1387 976 1478 aggrederentur.
989 1388 1042 1452 Sic
1055 1389 1179 1452 Italiam
1192 1387 1294 1476 primo
1307 1407 1345 1448 re·

298 1514 311 1540 ι
321 1483 445 1574 degisse
454 1487 517 1551 sub
529 1509 604 1552 suaa
616 1489 722 1578 leges,
735 1509 813 1553 mox
821 1487 917 1552 variis
926 1488 1089 1553 coloribus
1100 1488 1232 1569 insulas,
1242 1481 1345 1551 deinde

296 1613 310 1638 a
321 1585 469 1668 Afrioam,
481 1602 648 1676 postremo
657 1589 783 1680 magnis
793 1589 943 1654 auctibus
951 1589 1187 1671 Meoedoniam,
1197 1587 1345 1662 Achaiam,

299 1715 312 1741 ι
323 1685 429 1750 Asiam
442 1691 630 1773 accersiam
648 1713 785 1778 remque
800 1713 840 1755 eo
858 1689 1030 1755 deductam
1047 1713 1133 1771 esse,
1150 1707 1188 1756 ut
1204 1688 1293 1754 multi
1306 1708 1346 1748 re·

298 1809 394 1876 «ges,
411 1803 565 1878 tanquam
577 1813 638 1878 pro
652 1792 779 1881 ingenti
793 1789 968 1873 beneficio,
982 1789 1071 1879 quod
1087 1805 1241 1854 nonanto
1254 1806 1346 1875 supro

299 1918 313 1943 ι
323 1910 409 1952 mam
426 1890 512 1954 diem
533 1892 622 1956 exuti
644 1890 770 1956 fuerint
787 1891 904 1980 opibus
922 1892 1005 1974 auia,
1028 1889 1149 1956 herede
1166 1890 1287 1980 populo
1302 1908 1346 1950 ro·

298 2015 312 2043 α
321 2011 419 2055 mano
434 1990 639 2057 decesserint.

343 2095 481 2158 XXVII.
492 2096 615 2159 «Tanta
625 2095 770 2182 potentia
780 2109 893 2160 auctos
902 2097 1084 2176 Romanos,
1099 2095 1347 2175 norrjamcumte

297 2209 511 2282 «praetextum
522 2217 708 2277 armornm,
725 2211 758 2259 et
770 2193 889 2260 deeora
902 2195 1053 2276 nomiua;
1067 2193 1124 2260 sed
1138 2195 1215 2259 satis
1228 2190 1347 2266 hubert,

298 2296 369 2378 «si,
389 2297 568 2383 quamlibet
588 2295 709 2376 injuste
734 2295 837 2385 egisse
858 2295 991 2376 crediti,
1012 2295 1162 2384 appetitis
1184 2295 1347 2384 potiantur·

298 2397 411 2479 «Quid
426 2397 514 2463 enim
535 2395 597 2462 eibi
618 2417 715 2485 posse
737 2397 907 2485 imputari,
928 2394 1021 2475 cujus
1039 2395 1195 2485 patientia
1212 2391 1349 2461 maumtt

297 2501 532 2563 «contumelias
551 2499 648 2563 simul
667 2498 867 2587 injuriasque
883 2498 1070 2587 pertulerit,
1091 2518 1161 2584 quo
1181 2491 1350 2585 insignitior

298 2598 464 2663 ahostium
479 2600 632 2687 iniquitas
646 2598 758 2665 fieret?
771 2601 875 2688 Igitur
889 2622 949 2688 pro
962 2622 998 2663 se
1010 2619 1297 2686 unumquemque,
1310 2606 1348 2671 et,

298 2729 311 2753 a
322 2713 447 2786 quanto
462 2700 536 2787 quis
552 2701 594 2764 sit
611 2701 795 2787 potentior,
811 2716 902 2765 tanto
920 2700 1097 2789 impensius
1115 2698 1177 2763 niti
1194 2713 1348 2787 oportere,

298 2814 359 2861 aut
374 2800 408 2864 hi
426 2822 618 2865 communes
634 2801 784 2865 omnium
801 2800 928 2883 hostes,
944 2802 1099 2888 orbisque
1115 2800 1283 2889 praedones
1299 2817 1350 2881 op·

298 2900 518 2988 ·pri1nautur:
530 2924 636 2990 eoquo
649 2902 761 2967 animo
777 2924 846 2965 esee
860 2900 978 2966 debere
989 2922 1051 2989 pro
1065 2923 1100 2965 se
1113 2920 1295 2989 quemque,
1305 2908 1349 2971 ut,

297 3029 311 3054 ι
321 2999 466 3087 quodid
480 3003 541 3067 hos
555 3002 779 3069 retundendos
796 3002 989 3067 auxiliorum
1007 3000 1277 3089 suppeditaverit,
1293 3016 1349 3060 non

298 3102 501 3169 ·ttithridati
515 3105 632 3193 magis,
648 3126 748 3191 quam
764 3104 825 3169 sibi
840 3103 901 3192 ipsi
915 3103 1075 3190 prinlum,
1092 3099 1212 3167 deiude
1227 3096 1351 3189 pubb'ooe

299 3205 447 3291 «generis
463 3205 599 3270 humani
616 3205 775 3287 libertati,
792 3203 971 3292 proestitum
987 3218 1089 3293 putet.
1100 3233 1114 3259 ι

341 3305 495 3370 XXVIII.
513 3308 591 3371 Haec
602 3304 645 3371 ad
658 3308 740 3371 aiios
758 3306 908 3394 precibus
924 3301 1117 3393 exponenda
1137 3301 1288 3367 mandate
1304 3294 1352 3360 dt·

296 3402 365 3485 dit;
383 3420 416 3467 at
430 3404 616 3470 Macharem
631 3408 777 3495 bosporo
798 3407 1029 3494 imperantem,
1044 3403 1118 3485 jure
1133 3405 1234 3493 patris
1255 3396 1353 3467 domi·

298 3504 399 3591 nique
413 3506 539 3571 excivit.
555 3510 718 3573 Ceterum
728 3508 884 3589 Parthus,
898 3508 1042 3597 procula
1054 3528 1089 3573 se
1101 3507 1282 3595 periculum
1294 3520 1354 3565 esse

297 3620 470 3691 reputans,
482 3628 590 3694 neque
600 3608 753 3696 sapientis
765 3624 882 3697 preter
893 3609 1116 3675 necessitatem
1127 3629 1288 3673 amessere
1297 3622 1356 3666 mo·

297 3704 422 3786 Ieetias,
444 3707 561 3769 auxilia
583 3706 772 3797 denegarim
798 3710 948 3798 Scythica
972 3726 1118 3775 moratus
1141 3725 1191 3775 est
1216 3705 1354 3779 Diocles,

297 3806 351 3871 oui
371 3828 409 3869 ea
426 3805 548 3871 credita
563 3806 680 3896 legatio
695 3808 801 3873 iuerat
816 3832 824 3873 :
842 3832 984 3897 namque
1008 3811 1113 3875 multo
1133 3832 1210 3875 cum
1233 3830 1310 3873 auro
1327 3816 1354 3865 tt

297 3907 455 3996 preclaris
473 3908 686 3989 muneribus,
708 3932 781 3997 quae
799 3908 841 3975 ad
864 3911 993 3999 regulos
1012 3910 1244 3993 mittebantur,
1262 3909 1294 3972 in
1310 3924 1355 3968 ct·

332 4097 348 4165 3
362 4100 444 4149 m.
455 4099 521 4148 rtet.
533 4102 560 4149 iu
571 4099 682 4150 anllo.
691 4128 727 4138 -
736 4100 846 4166 Appirn.
854 4101 967 4151 Mithrid.
979 4130 1007 4139 -
1023 4103 1152 4153 Memnon.
