2875 4900
268 366 336 451 adil
434 368 502 434 10.
530 364 866 435 FREINSIIEMII
899 364 1143 431 SUPPLEM.

264 504 394 568 rentur,
412 511 454 551 ne
472 487 563 575 signa
576 486 712 574 legionis
727 483 947 562 submitteret,
963 502 1150 569 nomenque
1164 482 1321 561 aboleret,

267 588 437 674 nequitum
452 602 501 651 est
516 586 700 674 impetrati,
718 585 818 673 signis
837 582 997 671 ademptis
1016 583 1120 647 soluta
1136 584 1233 671 legio,
1249 583 1323 645 mili·

218 769 221 774 ,
266 705 378 775 tesqua
393 688 428 751 in
442 703 629 753 caeterarum
645 686 911 774 supplementum
924 683 1090 749 distributi
1103 699 1188 747 sunt.
1199 683 1238 746 ln
1251 682 1322 747 llis·

265 790 361 877 pania
387 790 428 870 Q.
443 788 593 853 Metellus
613 803 646 851 et
670 789 729 851 Cn.
749 786 923 873 Pompeius
941 785 1150 873 imperatores
1171 784 1286 848 iterum
1305 806 1323 845 a

265 890 427 976 Pyrenaeis
440 889 606 953 montibus
622 888 664 952 ad
677 886 800 953 flumen
815 888 948 951 Iberum
964 903 1067 951 castra
1079 903 1262 949 moverunt.

308 990 429 1054 XVIII.
449 991 520 1053 Hoc
542 1006 689 1077 tempore
702 1011 806 1076 quum
826 989 920 1052 multi
936 986 1077 1053 subinde
1097 987 1138 1051 ad
1159 986 1323 1051 Metellum
1397 1020 1398 1029 κ

266 1092 524 1178 transfirgerent,
548 1106 672 1154 mutare
695 1090 836 1178 priorem
862 1088 1145 1153 mansuetudinem
1166 1086 1323 1151 Sertorius

266 1192 421 1279 praecipiti
439 1190 482 1254 ad
502 1214 611 1279 poenas
624 1188 791 1255 iracundia
807 1191 921 1277 caepit,
941 1190 1088 1277 plurimis
1102 1189 1280 1253 amicorum
1295 1202 1325 1249 et

265 1316 376 1364 secum
389 1293 645 1381 proscriptorum
656 1291 792 1355 crimine
802 1289 995 1378 proditionis
1010 1288 1225 1377 interemptis.
1234 1286 1324 1351 Unde

265 1392 417 1481 paulatim
433 1392 510 1455 odio
532 1414 601 1457 esse
615 1392 788 1471 exercitui,
806 1408 838 1455 et
856 1392 995 1455 vicissim
1013 1392 1103 1454 illum
1127 1404 1324 1478 suspectare3

267 1516 372 1581 neque
390 1494 489 1557 animi
506 1494 631 1581 priores
647 1492 821 1568 militibus,
840 1515 946 1581 neque
962 1492 1037 1557 duci
1053 1492 1224 1557 consilium
1240 1512 1322 1554 esse:

267 1596 405 1659 maxime
424 1595 597 1657 molestum
617 1596 771 1660 Romanis
790 1610 873 1673 erat,
894 1594 985 1681 qnod
1000 1596 1072 1682 plus
1093 1594 1240 1657 barbaris
1255 1593 1324 1657 Ser·

175 1766 182 1775 ,
265 1697 369 1761 torius
382 1694 546 1777 crederet;
559 1695 766 1797 hmlhaberet
780 1694 932 1759 custodes
945 1695 1108 1782 corporis,
1123 1693 1323 1781 popularium

267 1796 330 1862 lide
347 1796 516 1876 damnata;
532 1819 719 1883 quanquam
736 1796 820 1861 illius
837 1797 936 1884 gratia
956 1812 1070 1861 contra
1090 1796 1226 1883 patriam
1242 1814 1325 1857 mma

266 1898 405 1977 lerrent,
420 1920 481 1961 nec
492 1896 752 1983 transfugarum,
766 1897 792 1960 si
806 1898 863 1984 qui
876 1914 999 1979 essent,
1019 1897 1161 1977 crimen,
1177 1898 1211 1959 in
1229 1916 1325 1959 sacra·

266 2014 378 2061 mento
392 1997 599 2061 manentibus
612 1997 698 2079 aliis,
714 2014 800 2063 recte
817 1998 1041 2087 imputaretur.

310 2101 397 2163 XIX.
412 2099 475 2163 Sed
487 2099 568 2161 nihil
579 2114 648 2161 erat
659 2099 825 2178 acerbius,
841 2122 941 2187 quam
956 2098 1047 2187 quod
1057 2100 1207 2188 Hispani,
1222 2101 1325 2163 lavore

266 2200 358 2263 ducis
373 2200 464 2280 elati,
480 2216 633 2285 tanquam
648 2200 682 2261 in
696 2199 843 2286 perjuros
857 2200 1041 2287 infidosque
1054 2201 1231 2287 petulantia
1246 2198 1324 2265 dicta

264 2300 435 2378 jaciebant.
454 2301 493 2363 In
509 2299 570 2362 hac
585 2299 775 2387 egritudine
789 2302 990 2382 animorum,
1008 2316 1116 2365 tamen
1135 2322 1203 2365 non
1223 2299 1324 2365 omni·

268 2424 311 2463 no
322 2401 501 2465 Sertorium
514 2398 721 2482 deserebant,
733 2403 1022 2489 necessariumsibi
1039 2402 1176 2468 ductum
1191 2405 1259 2484 eius
1275 2403 1326 2482 ju·

266 2501 425 2580 dicantes,
438 2501 532 2565 etiam
547 2524 650 2588 quum
664 2526 771 2568 amare
786 2504 951 2591 amarique
963 2503 1150 2568 desiissent:
1161 2521 1231 2568 erat
1243 2503 1325 2568 enim

266 2603 315 2664 vir
327 2600 514 2664 bellicarum
531 2599 650 2666 artium
666 2605 897 2690 peritissimus,
912 2622 945 2668 et
957 2605 998 2670 ad
1013 2604 1184 2669 struendas
1201 2603 1325 2670 insidias

267 2703 400 2783 artilex,
417 2724 521 2788 eoque
532 2703 573 2766 ab
583 2705 735 2791 Hispanis
744 2701 907 2770 Hannibal
916 2707 1107 2787 vocabatur,
1122 2713 1195 2792 quo
1205 2706 1324 2790 nullum

270 2804 307 2868 iis
329 2803 407 2868 locis
426 2804 638 2868 versutiorem
657 2807 880 2893 acrioremque
900 2808 1126 2894 imperatorem
1144 2807 1243 2872 luisse
1261 2829 1325 2870 me·

269 2906 439 2969 mineram.
458 2905 498 2968 Et
515 2906 583 2993 ipse
605 2908 650 2970 sic
670 2908 822 2995 appellati
845 2907 1022 2997 gaudebat,
1046 2907 1196 2972 cominus
1217 2908 1325 2974 faciem

269 3023 452 3088 ostentans,
475 3007 600 3094 aliquot
621 3006 762 3072 adversis
787 3009 1008 3091 cicatricibus,
1034 3023 1068 3072 et
1089 3007 1210 3072 effosso
1234 3008 1325 3073 oculo

268 3097 465 3202 deformem,
479 3131 546 3196 quo
561 3108 614 3172 ille
632 3108 923 3174 dehonestamento
938 3111 1083 3197 corporis
1097 3112 1236 3174 maxime
1246 3111 1326 3174 lata·

270 3208 382 3293 batur,
407 3209 499 3294 quod
520 3211 548 3274 is
569 3231 702 3297 quoque
722 3233 814 3276 casus
839 3227 872 3274 et
893 3233 990 3298 poeno
1012 3209 1107 3291 duci,
1128 3227 1160 3275 et
1179 3209 1325 3297 Pbib'ppo

272 3306 499 3394 Antigonoque
512 3309 642 3396 regibus
655 3333 690 3375 se
704 3312 908 3394 assimilaret;
922 3334 1005 3399 quos
1017 3313 1070 3376 ille
1083 3335 1213 3394 omnes,
1227 3333 1325 3400 quum

271 3407 369 3469 alium
391 3407 459 3469 aliis
484 3409 657 3474 virtutibus
680 3413 840 3492 vinceret,
865 3413 964 3476 animi
985 3412 1227 3502 magniuadine,
1252 3435 1325 3501 pru·

270 3507 445 3593 (lentiaque
459 3523 492 3570 et
507 3509 674 3577 velocitate
690 3512 900 3578 consiliorum
916 3514 1073 3599 aequabat.

314 3609 387 3671 XX.
412 3609 496 3670 Tum
517 3633 669 3697 quoque,
693 3628 810 3699 praeter
829 3614 905 3676 alias
928 3637 1058 3695 causas,
1082 3631 1150 3678 erat
1171 3613 1325 3678 exercitus

270 3710 363 3776 solito
384 3709 530 3796 segnior,
551 3710 643 3797 quod
664 3729 756 3776 scuta
775 3715 924 3801 equitum
942 3731 1032 3803 parte
1052 3714 1226 3792 exteriore,
1240 3714 1324 3794 jacu-

156 3851 163 3864 ·
272 3814 364 3898 laque
376 3825 409 3873 et
421 3827 551 3898 pectora
565 3834 726 3898 equorum
743 3833 876 3880 cruenta
892 3816 1000 3881 subito
1018 3815 1166 3906 prodigio
1178 3835 1325 3902 apparue-

271 3920 352 3978 rant.
367 3912 429 3977 sed
450 3912 501 3975 ille
522 3912 729 3979 formidinem
744 3939 878 3980 suorum
897 3919 931 3979 in
953 3915 1118 3981 audaciam
1136 3917 1248 3994 vertit,
1268 3911 1323 3976 sibi

301 4105 317 4169 s
332 4107 401 4152 XIX.
415 4105 522 4170 Appiam
535 4134 569 4143 -
582 4107 678 4158 Sallust.
690 4112 781 4160 Inctrt.
795 4127 834 4161 rr.
846 4141 877 4149 -
890 4111 953 4160 Plut.
962 4112 988 4160 in
999 4115 1089 4161 Sertor.
1100 4111 1153 4160 init.
