2875 4900
270 346 342 443 ⁶7⁸
444 342 886 417 toreumatum
916 338 1166 410 suarium.

268 484 377 535 tantas
399 468 508 533 turbas
523 482 720 549 commosset,
735 465 921 551 ,senatuique
928 464 1134 550 persuasisset
1141 510 1152 543 ,
1172 466 1282 527 omnm
1295 465 1342 528 ad

269 572 386 636 bellron
401 573 524 671 εἶναψ
532 573 663 659 ptuor'sa
679 584 710 633 et
724 579 911 655 comparato
925 588 958 628 se
974 564 1098 630 babere.

314 674 374 738 111.
390 675 467 738 Haec
486 674 521 736 in
543 672 704 737 concione
728 670 903 758 loquutus,
922 669 1098 755 Corcyram
1120 667 1340 755 obnavigant,

268 791 307 839 ut
329 775 488 863 Pompeio
511 796 545 847 se
569 771 795 859 conjungeret.
821 770 950 833 Interea
974 768 1097 849 Caesar,
1123 767 1284 831 militibus
1307 769 1339 831 in

268 877 418 965 proxima
440 874 617 962 municipia
639 871 807 952 deductis,
828 886 866 933 ut
884 892 903 933 a
920 868 1032 931 labore
1054 866 1287 949 reficerentur,
1303 867 1343 931 ad

270 976 394 1041 Urbem
412 976 595 1066 profectus,
612 972 654 1037 de
670 972 837 1061 republica
853 992 929 1035 curn
941 969 1108 1051 Patribus,
1123 970 1181 1057 qui
1198 985 1269 1033 tum
1287 969 1343 1034 ad·

269 1094 364 1143 erant
378 1078 455 1143 satis
471 1078 675 1164 frequentes,
692 1074 768 1163 egit.
784 1074 917 1161 Quippe
934 1087 1084 1136 senatum
1098 1072 1144 1135 M.
1157 1072 1344 1151 Antonius,

270 1178 312 1261 Q.
333 1179 462 1243 Cassius
481 1177 605 1241 tribuni
624 1175 744 1265 plebis,
766 1190 855 1239 extra
873 1174 1070 1262 pomoerium
1087 1189 1274 1261 coegerant.
1295 1174 1344 1237 lbi

268 1282 388 1363 Ceasar,
407 1277 670 1343 commemoratis
687 1278 892 1341 inimicorum
904 1275 1042 1365 injuriis,
1060 1296 1182 1363 situque
1195 1274 1342 1357 ἱαιίτατε,

268 1382 301 1443 in
316 1402 384 1460 eos,
403 1382 459 1467 qui
474 1378 589 1442 civibus
606 1379 670 1442 suis
680 1393 803 1467 proeter
823 1374 1195 1465 mcessitotemfaeerent
1207 1376 1341 1455 telum,

268 1504 336 1545 non
351 1482 422 1545 siue
438 1481 527 1568 gravi
543 1480 777 1569 imprecatione
793 1480 940 1545 invectus
955 1494 1013 1544 est.
1028 1479 1077 1543 De
1090 1500 1121 1541 se
1131 1500 1209 1540 vero
1221 1500 1343 1565 sperare

268 1604 376 1648 omnes
384 1586 493 1646 omnio
502 1581 614 1665 jussit,
625 1585 682 1671 qui
692 1596 724 1647 et
735 1580 814 1645 alios
819 1578 994 1668 permultos
1004 1580 1260 1645 adversariorum
1273 1602 1342 1643 con·

268 1698 433 1764 servasset,
456 1697 490 1747 et
501 1686 667 1772 prereptus
684 1684 722 1747 L.
735 1684 910 1748 Domitium
927 1682 1107 1763 dimisisset,
1127 1704 1200 1745 cum
1218 1704 1341 1769 magua

264 1787 412 1875 pecunia.
431 1785 506 1849 Fuit
519 1801 553 1849 et
567 1800 683 1850 auctor
693 1783 861 1849 mittendae
875 1800 1005 1849 senatus
1025 1784 1158 1847 nomine
1173 1783 1341 1873 legationis

269 1885 310 1951 ad
325 1886 520 1975 Pompeium
532 1902 567 1951 et
577 1889 729 1953 consules
744 1909 753 1950 ε
766 1908 866 1975 aeque
880 1888 965 1949 enim
975 1908 1006 1949 se
1019 1882 1245 1973 refonnidare,
1256 1886 1342 1975 quod

272 1988 438 2077 Pompeius
452 1988 601 2070 duabsu,
620 1987 669 2052 ad
682 2010 759 2079 quos
773 1986 870 2075 legati
883 1988 1094 2066 mitterentur,
1111 1989 1149 2050 iis
1165 1990 1339 2053 auctorita·

270 2103 331 2152 tem
347 2090 493 2168 attribui,
508 2090 713 2177 tinwremqrte
728 2111 850 2168 eorum,
869 2090 928 2177 qui
941 2088 1112 2169 mitterent,
1131 2084 1317 2175 signficari.

315 2191 372 2256 IV.
388 2192 428 2255 In
447 2190 595 2255 eamdem
616 2191 811 2255 sententiam
827 2212 904 2254 cum
923 2190 1046 2278 populo
1062 2212 1216 2277 quoque,
1234 2191 1291 2277 qui
1310 2206 1338 2254 et

270 2291 341 2379 ipse
356 2290 398 2356 ad
414 2314 490 2355 eum
508 2314 547 2355 ex
560 2292 650 2356 Urbe
667 2290 883 2373 confluxerat,
903 2291 1078 2379 loquutus,
1093 2290 1274 2355 miserrima
1289 2316 1339 2355 ne

271 2392 467 2466 cessitudiue
487 2409 656 2475 excusata,
678 2391 768 2483 quod
793 2392 1053 2458 adversariorum
1075 2392 1174 2456 arinis
1191 2391 1234 2457 ad
1256 2416 1337 2456 arma

270 2512 462 2585 cogeretur,
488 2498 693 2572 frumentum
719 2496 869 2584 promisit
895 2519 934 2558 ex
960 2495 1094 2574 insulis,
1123 2510 1156 2558 et
1181 2511 1339 2560 trecentos

271 2619 426 2661 nummos
444 2597 576 2670 viritim.
590 2598 638 2661 lta
655 2598 762 2686 specie
781 2619 908 2662 reversa
921 2597 1028 2685 pacis,
1045 2612 1177 2662 senatus
1190 2596 1234 2662 ad
1245 2598 1339 2662 vesti·

271 2717 344 2763 tum
367 2695 473 2762 rediit.
496 2699 656 2762 Ceterum
678 2722 786 2787 neque
807 2699 882 2764 satis
902 2700 1026 2764 levatus
1049 2699 1227 2763 homiuum
1247 2699 1339 2764 timor

270 2813 337 2880 est,
356 2799 471 2863 similia
489 2798 630 2862 Marium
647 2800 744 2883 olim,
763 2800 879 2874 similia
892 2801 1013 2865 Sullam
1026 2801 1189 2887 pollicitos
1204 2823 1275 2865 esse
1293 2823 1338 2864 re·

271 2899 475 2990 putantium,
496 2897 602 2965 donec
624 2903 736 2989 cupita
757 2917 1026 2989 assequerentur3
1043 2901 1221 2989 presertim
1241 2923 1339 2988 quum

274 3002 360 3066 Urbs
373 3003 469 3092 plena
484 3004 617 3068 Coesaris
631 3004 789 3070 militibus
804 3019 898 3068 esset.
913 3003 1006 3067 irrita
1020 3025 1154 3092 quoque
1167 3003 1231 3066 fuit
1246 3001 1287 3067 de
1299 3003 1342 3066 le·

271 3105 353 3193 gatis
364 3105 531 3174 mittendis
546 3106 758 3188 deliberati03
773 3128 834 3170 nec
851 3105 938 3171 enim
954 3105 1088 3193 reperiri
1103 3120 1271 3192 poterant,
1288 3104 1340 3192 qui

271 3207 481 3272 mitterentur
494 3232 501 3272 :
517 3209 619 3297 etqui
631 3197 747 3273 delicti
761 3209 908 3288 fuerant,
925 3206 960 3271 id
972 3229 1094 3271 munus
1106 3206 1243 3294 ancipiti
1256 3221 1341 3271 metu

271 3306 570 3398 subterfugiebant:
585 3333 661 3374 narn
680 3326 713 3372 et
727 3309 922 3399 Pompeium
938 3308 1113 3390 timebant,
1131 3329 1174 3372 ne
1190 3325 1340 3396 tanquam

219 3442 222 3455 ·
270 3408 402 3474 relictus
421 3411 566 3494 saeviret3
584 3427 619 3475 et
632 3412 806 3494 Caesarem,
822 3433 864 3476 ne
883 3411 988 3494 aliud,
1005 3433 1103 3499 quam
1119 3409 1211 3498 quod
1226 3433 1292 3498 prae
1308 3433 1338 3474 se

271 3508 388 3592 ferret,
409 3511 524 3576 intime
549 3529 702 3601 cuperet:
719 3511 820 3601 idque
838 3528 951 3600 postea
975 3513 1075 3602 magis
1099 3510 1337 3590 est'creditum,

271 3611 329 3676 ubi
346 3612 518 3695 Pisonem,
534 3614 611 3678 licet
623 3637 794 3694 socerum,
811 3613 987 3678 offendisse
1005 3613 1091 3678 fama
1106 3612 1187 3694 brit,
1203 3610 1294 3700 qnod
1306 3633 1337 3674 ca

271 3699 489 3805 delegatione
506 3714 605 3782 rerba
618 3715 753 3780 liberius
768 3715 908 3781 fecisset.

315 3817 356 3890 V.
368 3817 427 3882 His
438 3813 715 3905 disputationibus
726 3817 1056 3905 excusationibusque
1069 3814 1217 3880 triduum
1230 3815 1333 3903 periit:

302 4008 365 4109 lssss.
377 4043 609 4104 Cio.adbtu'c.1,
624 4059 654 4092 ra
669 4055 695 4092 ot
708 4045 750 4092 16.
768 4071 802 4080 -
819 4043 885 4092 ulus,
901 4045 927 4091 iu
941 4043 997 4093 Cat.
1013 4043 1167 4108 -appuu
1186 4070 1221 4080 -
1235 4042 1290 4092 Dio.
1304 4066 1332 4077 -

270 4127 288 4191 s
301 4129 348 4175 111.
360 4129 423 4178 Caer.
431 4155 466 4165 -
477 4127 543 4193 Plut,
554 4156 589 4166 —
602 4128 704 4178 niu-
715 4129 826 4208 Appian.
844 4153 879 4166 -·
893 4125 910 4192 s
921 4128 965 4177 IV.
977 4127 1036 4178 Dio.
1047 4155 1081 4167 -
1092 4127 1156 4179 Cn.
1166 4153 1203 4166 -
1211 4124 1274 4188 i’luls
