2875 4900
289 405 341 472 ΙΝ
372 405 487 474 LOC.
514 406 608 474 [ΑΒ.
637 405 725 474 CXl
755 403 985 471 Ithlthl..
1097 405 1160 496 74¹

96 547 206 590 secum
216 523 368 588 Afranius
380 523 576 606 deduxerat,
588 543 665 590 cum
679 522 842 588 Ciliciensi
855 523 1000 611 legione,
1014 522 1167 589 dextrum

96 650 200 692 cornu
217 627 423 692 obtinebant.
443 627 514 690 Hoc
530 641 599 689 erat
610 626 771 690 exercitus
787 623 978 712 Pompeiani
993 624 1117 688 robur:
1131 625 1168 687 ti·

96 752 215 794 ronum
232 729 377 818 legiones
393 728 480 792 inter
494 727 634 794 medinm
650 728 753 792 aciem
766 743 800 791 et
812 749 938 791 cornua
952 725 1165 806 interjecerat.

97 830 257 913 Quaelibet
269 829 354 894 acies
369 827 473 894 denos
489 829 523 892 in
539 831 748 896 altitudinem
763 829 895 894 ordines
908 829 1059 893 babebat.
1075 827 1170 893 Pedi-

95 948 166 996 tum
187 931 238 996 his
260 929 416 996 omnibus
432 931 658 996 lloruuuorum
677 931 891 1022 quadmgiuta
906 931 1169 1019 quinquemillia

77 1095 81 1102 .
95 1032 357 1098 continebantur.
375 1032 548 1120 Equitatus
561 1033 630 1098 fere
642 1033 769 1114 omnis,
783 1049 817 1097 et
827 1031 918 1120 quod
930 1031 1168 1120 sagittariorum

94 1149 191 1222 atque
209 1134 417 1198 funditorum
435 1133 594 1215 babebat,
611 1134 646 1196 in
662 1134 794 1198 sinistro
810 1156 933 1214 cornu,
949 1132 1039 1196 baud
1053 1132 1173 1221 procul

95 1233 258 1300 Pharsalia
272 1235 397 1300 locatus
414 1251 483 1298 est:
501 1232 633 1316 dextro,
653 1234 746 1322 quod
762 1232 886 1299 flumen
903 1235 1049 1323 Enipeus
1065 1235 1171 1322 impe·
1196 1321 1201 1326 .

95 1334 169 1400 ditis
185 1335 265 1423 ripis
282 1335 467 1418 muniebat,
484 1335 627 1400 sexcenti
641 1334 792 1399 sufficere
806 1337 934 1423 equites
953 1337 1023 1402 visi.
1040 1338 1083 1400 At
1099 1337 1171 1400 Cae»

95 1459 163 1514 sar,
180 1437 230 1502 uti
246 1453 477 1519 consueverat,
500 1439 664 1527 legionem
687 1436 846 1502 decimam
862 1438 897 1502 iu
913 1437 1029 1504 dextro
1044 1459 1169 1518 cornu,

95 1559 216 1602 nonam
239 1553 451 1626 octavamque
472 1539 508 1604 in
531 1540 663 1604 sinistro
687 1540 866 1605 coustituit.
886 1539 949 1604 llio
964 1540 1168 1620 Antonium,

95 1639 140 1704 ibi
156 1639 192 1705 P.
210 1640 333 1704 Sullam
350 1663 464 1704 curare
475 1641 589 1723 jussit3
613 1641 647 1704 in
670 1639 782 1704 medio
805 1643 866 1704 Cn.
889 1639 1072 1704 Domitium
1092 1663 1169 1704 curn

94 1739 308 1830 quadraginta
324 1741 535 1822 cohortibus3
553 1742 672 1830 ipsein
688 1740 805 1806 dextro
820 1763 881 1805 suo
896 1763 1004 1804 cornu
1021 1743 1170 1810 versabu-

96 1853 172 1924 tur,
195 1857 236 1906 ut
257 1842 415 1930 Pompeio
434 1865 468 1907 se
487 1858 680 1931 opponeret.
703 1843 914 1933 legionarios
935 1842 971 1904 in
994 1843 1096 1906 aciem
1114 1844 1172 1909 de·

94 1942 189 2007 «luxit
199 1943 390 2026 universos,
405 1943 504 2008 millia
517 1944 645 2010 circiter
655 1943 724 2010 duo
736 1959 770 2008 et
778 1944 912 2033 viginti,
924 1943 1013 2008 mille
1023 1945 1166 2031 equites:

97 2067 158 2109 neo
178 2045 268 2110 enim
290 2062 474 2133 exspectare
492 2046 634 2111 militum
658 2046 756 2111 ardor
771 2047 955 2134 patiebatur
972 2047 1015 2127 Q.
1032 2046 1171 2110 Cornifi·-

95 2146 203 2229 cium,
220 2145 279 2233 qui
294 2145 375 2209 duas
392 2145 574 2211 adducebat
589 2148 732 2236 legiones
745 2173 754 2230 3
770 2165 828 2213 aut
840 2148 978 2212 Fusium
991 2149 1169 2230 Calenum,

99 2248 254 2336 quicum
278 2247 468 2312 cohortibus
491 2247 679 2336 quindecim
698 2265 767 2313 erat
788 2249 823 2312 in
844 2248 959 2313 Attica.
983 2247 1041 2310 Ha
1063 2247 1170 2313 civiles

96 2350 254 2438 utrinque
271 2349 354 2412 vires
371 2351 461 2413 fuere
474 2372 482 2413 ε
497 2349 693 2414 auxiliorum
711 2373 868 2414 numerus
884 2350 1022 2438 amplior
1037 2349 1168 2437 utique,

96 2452 154 2517 sed
177 2451 264 2515 varie
286 2451 434 2517 traditus.
464 2452 561 2517 Haud
585 2454 695 2517 minus
723 2469 866 2519 trecenta
892 2454 992 2518 millia
1010 2475 1171 2542 pugnasse

97 2551 251 2639 quidam,
268 2552 325 2639 qui
341 2553 539 2641 plurimum,
556 2553 793 2645 quadringenta
808 2571 948 2644 ponunt.

140 2654 256 2719 LXIV.
283 2651 347 2719 Sed
374 2656 499 2737 Caesar,
527 2655 752 2721 animadverso
781 2656 929 2745 Pompeii
950 2655 1107 2736 consilio,
1129 2678 1171 2721 ne

99 2751 251 2819 dextrum
275 2778 373 2821 suum
396 2779 501 2821 cornu
524 2758 816 2822 circumveniretur
832 2774 1001 2839 metuens,
1021 2780 1062 2822 ex
1078 2759 1172 2822 tertia

98 2856 184 2937 acie,
201 2855 258 2921 ubi
276 2855 441 2921 Domitius
455 2858 605 2940 curabat,
621 2860 769 2923 celeriter
778 2882 834 2925 sex
850 2862 1002 2925 cohortes
1016 2859 1170 2940 detraxit,

96 2972 187 3023 etex
208 2958 259 3023 his
277 2974 426 3046 quartam
450 2960 604 3025 iustruxit
623 2962 728 3027 aciem
747 2960 790 3026 ad
811 2986 864 3027 res
885 2962 1018 3027 subitas.
1042 2959 1167 3025 Ibidem

97 3076 131 3123 et
146 3060 273 3146 equites
287 3082 365 3127 suos
381 3063 517 3144 locarit,
536 3064 612 3151 q'uia
627 3064 796 3129 sinistrum
806 3087 916 3129 cornu
930 3063 1105 3151 paludibus
1117 3086 1171 3151 ap·

95 3160 252 3247 plicatum
274 3160 338 3227 hoc
360 3162 510 3250 presidio
526 3164 691 3255 indigebat
708 3166 841 3247 miuus,
864 3182 898 3230 et
918 3164 1062 3231 delectos
1076 3163 1170 3254 pedi·

97 3276 166 3337 tes,
183 3261 363 3327 Germanos
379 3264 536 3346 maxime,
553 3267 611 3354 qui
632 3267 768 3355 praeliari
786 3268 873 3331 iuter
887 3268 1013 3355 equites
1028 3290 1169 3332 consue*

97 3378 221 3427 verant.
236 3363 295 3428 His
306 3364 404 3429 rebus
416 3366 569 3455 utrinque
581 3368 716 3456 paratis,
729 3369 922 3434 cohortandi
932 3392 1009 3435 suos
1021 3371 1169 3435 materies

97 3462 350 3551 imperatoribus
367 3466 502 3533 minime
519 3468 641 3553 defuit3
659 3471 712 3536 vix
735 3471 824 3535 euim
841 3494 989 3561 uuquam
1007 3473 1105 3538 tantis
1120 3496 1170 3537 re·

96 3561 160 3627 bus
170 3566 268 3653 gestis
278 3614 287 3648 ,
299 3583 454 3656 tantaque
465 3569 542 3635 belli
555 3571 655 3659 gloria
668 3594 728 3661 par
737 3571 826 3638 aliud
838 3576 1005 3639 concurrit
1014 3575 1167 3641 nobilius.

97 3665 274 3755 Pompeius
288 3670 400 3757 primm
420 3671 521 3737 atatis
539 3670 673 3753 decora,
690 3688 723 3737 et
736 3674 966 3763 triumplulem
981 3676 1168 3740 adolescen-

98 3766 176 3832 tiam
191 3769 340 3835 africanis
356 3772 566 3863 hispauisque
583 3772 675 3839 bellis
695 3776 902 3863 praeferebam
919 3775 995 3841 inde
1011 3777 1167 3841 maximos

97 3890 208 3957 reges,
231 3872 443 3938 ferocissimas
462 3891 573 3965 gentes
591 3875 750 3959 domitas,
767 3894 801 3943 et
816 3878 984 3943 Orientem
1003 3876 1166 3958 adjectum

134 4078 151 4145 s
162 4082 253 4130 txttt.
263 4083 325 4132 Cn.
336 4110 370 4120 -
381 4084 447 4136 Plut.
457 4089 484 4139 iu
493 4088 586 4137 Auton-
596 4106 649 4155 cap.
660 4104 700 4149 rr,
711 4102 737 4139 et
744 4092 830 4155 Pomp.
842 4118 877 4127 -
887 4091 994 4155 Appius.
1007 4118 1040 4129 -·
1054 4092 1166 4141 Frontin.

99 4165 172 4213 Strat.
185 4166 222 4225 11,
239 4167 263 4214 3.
276 4194 310 4204 -
324 4170 413 4219 Lucan.
584 4180 593 4191 “
