<?xml version="1.0" encoding="UTF-8"?>
<!DOCTYPE html PUBLIC "-//W3C//DTD XHTML 1.0 Transitional//EN"
    "http://www.w3.org/TR/xhtml1/DTD/xhtml1-transitional.dtd">
<html xmlns="http://www.w3.org/1999/xhtml" xml:lang="en" lang="en">
 <head>
  <title>
</title>
<meta http-equiv="Content-Type" content="text/html;charset=utf-8" />
  <meta name='ocr-system' content='tesseract 3.04.00' />
  <meta name='ocr-capabilities' content='ocr_page ocr_carea ocr_par ocr_line ocrx_word'/>
</head>
<body>
  <div class='ocr_page' id='page_1' title='image "bibliothecaclas116lemagoog_0639.png"; bbox 0 0 2875 4900; ppageno 0'>
   <div class='ocr_carea' id='block_1_1' title="bbox 274 353 1168 441">
    <p class='ocr_par' dir='ltr' id='par_1_1' title="bbox 274 353 1168 441">
     <span class='ocr_line' id='line_1_1' title="bbox 274 353 1168 441; baseline 0.003 -20"><span class='ocrx_word' id='word_1_1' title='bbox 274 354 327 421; x_wconf 80' lang='lat' dir='ltr'>IN</span> <span class='ocrx_word' id='word_1_2' title='bbox 356 354 472 422; x_wconf 89' lang='lat' dir='ltr'>LOC.</span> <span class='ocrx_word' id='word_1_3' title='bbox 498 355 594 441; x_wconf 73' lang='lat' dir='ltr'>Lle.</span> <span class='ocrx_word' id='word_1_4' title='bbox 623 354 752 423; x_wconf 88' lang='lat' dir='ltr'>CVIII</span> <span class='ocrx_word' id='word_1_5' title='bbox 783 353 1000 423; x_wconf 81' lang='lat' dir='ltr'>LlVlANI.</span> <span class='ocrx_word' id='word_1_6' title='bbox 1100 354 1168 424; x_wconf 79' lang='lat'>631</span> 
     </span>
    </p>
   </div>
   <div class='ocr_carea' id='block_1_2' title="bbox 103 472 1177 3799">
    <p class='ocr_par' dir='ltr' id='par_1_2' title="bbox 103 472 1175 1269">
     <span class='ocr_line' id='line_1_2' title="bbox 103 472 1172 562; baseline 0.003 -25"><span class='ocrx_word' id='word_1_7' title='bbox 103 496 205 561; x_wconf 88' lang='lat' dir='ltr'>quem</span> <span class='ocrx_word' id='word_1_8' title='bbox 223 472 265 537; x_wconf 91' lang='lat' dir='ltr'>de</span> <span class='ocrx_word' id='word_1_9' title='bbox 281 476 402 539; x_wconf 67' lang='lat' dir='ltr'>Caesare</span> <span class='ocrx_word' id='word_1_10' title='bbox 418 488 488 537; x_wconf 88' lang='lat' dir='ltr'>tum</span> <span class='ocrx_word' id='word_1_11' title='bbox 506 488 636 562; x_wconf 89' lang='lat' dir='ltr'>captum</span> <span class='ocrx_word' id='word_1_12' title='bbox 654 472 827 539; x_wconf 85' lang='lat' dir='ltr'>dicebant:</span> <span class='ocrx_word' id='word_1_13' title='bbox 850 474 1042 562; x_wconf 85' lang='lat' dir='ltr'>sertmtque,</span> <span class='ocrx_word' id='word_1_14' title='bbox 1062 492 1172 562; x_wconf 85' lang='lat' dir='ltr'>postea</span> 
     </span>
     <span class='ocr_line' id='line_1_3' title="bbox 104 573 1173 663; baseline 0 -24"><span class='ocrx_word' id='word_1_15' title='bbox 104 578 283 657; x_wconf 82' lang='lat' dir='ltr'>Caesarem,</span> <span class='ocrx_word' id='word_1_16' title='bbox 298 590 474 663; x_wconf 85' lang='lat' dir='ltr'>eonspecto</span> <span class='ocrx_word' id='word_1_17' title='bbox 485 598 543 656; x_wconf 91' lang='lat' dir='ltr'>eo,</span> <span class='ocrx_word' id='word_1_18' title='bbox 558 575 717 657; x_wconf 79' lang='lat' dir='ltr'>arrisisse,</span> <span class='ocrx_word' id='word_1_19' title='bbox 729 575 907 661; x_wconf 81' lang='lat' dir='ltr'>amicisque</span> <span class='ocrx_word' id='word_1_20' title='bbox 919 573 1046 639; x_wconf 75' lang='lat' dir='ltr'>detrahi</span> <span class='ocrx_word' id='word_1_21' title='bbox 1054 576 1173 655; x_wconf 84' lang='lat' dir='ltr'>juben·</span> 
     </span>
     <span class='ocr_line' id='line_1_4' title="bbox 104 674 1173 763; baseline 0.002 -24"><span class='ocrx_word' id='word_1_22' title='bbox 104 676 212 756; x_wconf 84' lang='lat' dir='ltr'>tibus,</span> <span class='ocrx_word' id='word_1_23' title='bbox 227 698 294 739; x_wconf 92' lang='lat' dir='ltr'>non</span> <span class='ocrx_word' id='word_1_24' title='bbox 308 675 470 763; x_wconf 89' lang='lat' dir='ltr'>paruisse,</span> <span class='ocrx_word' id='word_1_25' title='bbox 487 674 577 763; x_wconf 92' lang='lat' dir='ltr'>quod</span> <span class='ocrx_word' id='word_1_26' title='bbox 591 698 719 740; x_wconf 88' lang='lat' dir='ltr'>sacrum</span> <span class='ocrx_word' id='word_1_27' title='bbox 735 676 827 739; x_wconf 88' lang='lat' dir='ltr'>illum</span> <span class='ocrx_word' id='word_1_28' title='bbox 840 697 909 739; x_wconf 89' lang='lat' dir='ltr'>esse</span> <span class='ocrx_word' id='word_1_29' title='bbox 923 674 1067 741; x_wconf 84' lang='lat' dir='ltr'>duceret.</span> <span class='ocrx_word' id='word_1_30' title='bbox 1082 678 1173 760; x_wconf 88' lang='lat' dir='ltr'>Quin</span> 
     </span>
     <span class='ocr_line' id='line_1_5' title="bbox 104 774 1175 866; baseline 0.003 -28"><span class='ocrx_word' id='word_1_31' title='bbox 104 789 139 837; x_wconf 88' lang='lat' dir='ltr'>et</span> <span class='ocrx_word' id='word_1_32' title='bbox 159 776 195 839; x_wconf 91' lang='lat' dir='ltr'>in</span> <span class='ocrx_word' id='word_1_33' title='bbox 220 774 427 865; x_wconf 72' lang='lat' dir='ltr'>ephemeride</span> <span class='ocrx_word' id='word_1_34' title='bbox 444 798 502 839; x_wconf 90' lang='lat' dir='ltr'>sua</span> <span class='ocrx_word' id='word_1_35' title='bbox 524 774 712 863; x_wconf 72' lang='lat' dir='ltr'>praedicasse</span> <span class='ocrx_word' id='word_1_36' title='bbox 731 777 889 839; x_wconf 70' lang='lat' dir='ltr'>Caesarem</span> <span class='ocrx_word' id='word_1_37' title='bbox 904 778 1087 866; x_wconf 84' lang='lat' dir='ltr'>accepimus</span> <span class='ocrx_word' id='word_1_38' title='bbox 1103 776 1175 843; x_wconf 82' lang='lat' dir='ltr'>feli·</span> 
     </span>
     <span class='ocr_line' id='line_1_6' title="bbox 104 875 1173 967; baseline 0.002 -26"><span class='ocrx_word' id='word_1_39' title='bbox 104 876 237 953; x_wconf 72' lang='lat' dir='ltr'>citptenr</span> <span class='ocrx_word' id='word_1_40' title='bbox 260 898 372 958; x_wconf 78' lang='lat' dir='ltr'>sustu,</span> <span class='ocrx_word' id='word_1_41' title='bbox 399 875 491 964; x_wconf 90' lang='lat' dir='ltr'>qnod</span> <span class='ocrx_word' id='word_1_42' title='bbox 511 892 643 964; x_wconf 87' lang='lat' dir='ltr'>captum</span> <span class='ocrx_word' id='word_1_43' title='bbox 667 877 703 941; x_wconf 91' lang='lat' dir='ltr'>in</span> <span class='ocrx_word' id='word_1_44' title='bbox 726 877 838 965; x_wconf 77' lang='lat' dir='ltr'>praelio</span> <span class='ocrx_word' id='word_1_45' title='bbox 859 878 989 959; x_wconf 81' lang='lat' dir='ltr'>Gallus,</span> <span class='ocrx_word' id='word_1_46' title='bbox 1009 902 1115 967; x_wconf 88' lang='lat' dir='ltr'>quum</span> <span class='ocrx_word' id='word_1_47' title='bbox 1139 882 1173 943; x_wconf 90' lang='lat' dir='ltr'>in</span> 
     </span>
     <span class='ocr_line' id='line_1_7' title="bbox 103 976 1172 1066; baseline 0.002 -25"><span class='ocrx_word' id='word_1_48' title='bbox 103 1000 193 1065; x_wconf 89' lang='lat' dir='ltr'>equo</span> <span class='ocrx_word' id='word_1_49' title='bbox 210 993 371 1066; x_wconf 87' lang='lat' dir='ltr'>portaret,</span> <span class='ocrx_word' id='word_1_50' title='bbox 390 976 567 1057; x_wconf 83' lang='lat' dir='ltr'>dimiserit,</span> <span class='ocrx_word' id='word_1_51' title='bbox 584 994 720 1065; x_wconf 86' lang='lat' dir='ltr'>propter</span> <span class='ocrx_word' id='word_1_52' title='bbox 734 980 934 1043; x_wconf 84' lang='lat' dir='ltr'>occurrentis</span> <span class='ocrx_word' id='word_1_53' title='bbox 947 980 1077 1043; x_wconf 84' lang='lat' dir='ltr'>alterius</span> <span class='ocrx_word' id='word_1_54' title='bbox 1090 980 1172 1045; x_wconf 88' lang='lat' dir='ltr'>Galli</span> 
     </span>
     <span class='ocr_line' id='line_1_8' title="bbox 103 1079 1174 1169; baseline 0.003 -27"><span class='ocrx_word' id='word_1_55' title='bbox 103 1102 240 1160; x_wconf 87' lang='lat' dir='ltr'>vocem,</span> <span class='ocrx_word' id='word_1_56' title='bbox 257 1079 441 1144; x_wconf 85' lang='lat' dir='ltr'>insultantis</span> <span class='ocrx_word' id='word_1_57' title='bbox 457 1079 590 1159; x_wconf 75' lang='lat' dir='ltr'>Caesari,</span> <span class='ocrx_word' id='word_1_58' title='bbox 607 1102 709 1167; x_wconf 88' lang='lat' dir='ltr'>eaque</span> <span class='ocrx_word' id='word_1_59' title='bbox 723 1080 822 1143; x_wconf 82' lang='lat' dir='ltr'>verba</span> <span class='ocrx_word' id='word_1_60' title='bbox 836 1080 952 1161; x_wconf 85' lang='lat' dir='ltr'>latine,</span> <span class='ocrx_word' id='word_1_61' title='bbox 965 1080 1082 1162; x_wconf 86' lang='lat' dir='ltr'>credo,</span> <span class='ocrx_word' id='word_1_62' title='bbox 1094 1104 1174 1169; x_wconf 90' lang='lat' dir='ltr'>pro-</span> 
     </span>
     <span class='ocr_line' id='line_1_9' title="bbox 104 1178 1172 1269; baseline 0.005 -27"><span class='ocrx_word' id='word_1_63' title='bbox 104 1180 254 1260; x_wconf 78' lang='lat' dir='ltr'>ferentis,</span> <span class='ocrx_word' id='word_1_64' title='bbox 278 1202 350 1268; x_wconf 79' lang='lat' dir='ltr'>quae</span> <span class='ocrx_word' id='word_1_65' title='bbox 372 1180 540 1245; x_wconf 80' lang='lat' dir='ltr'>Gallorum</span> <span class='ocrx_word' id='word_1_66' title='bbox 564 1180 673 1269; x_wconf 79' lang='lat' dir='ltr'>linqua</span> <span class='ocrx_word' id='word_1_67' title='bbox 697 1178 817 1243; x_wconf 89' lang='lat' dir='ltr'>dimitti</span> <span class='ocrx_word' id='word_1_68' title='bbox 841 1183 996 1245; x_wconf 74' lang='lat' dir='ltr'>Caesarem</span> <span class='ocrx_word' id='word_1_69' title='bbox 1010 1182 1172 1261; x_wconf 83' lang='lat' dir='ltr'>juberent.</span> 
     </span>
    </p>

    <p class='ocr_par' dir='ltr' id='par_1_3' title="bbox 104 1278 1176 2379">
     <span class='ocr_line' id='line_1_10' title="bbox 149 1278 1172 1367; baseline 0.005 -26"><span class='ocrx_word' id='word_1_70' title='bbox 149 1278 190 1345; x_wconf 89' lang='lat' dir='ltr'>V.</span> <span class='ocrx_word' id='word_1_71' title='bbox 213 1280 264 1345; x_wconf 84' lang='lat' dir='ltr'>Ad</span> <span class='ocrx_word' id='word_1_72' title='bbox 281 1280 418 1347; x_wconf 76' lang='lat' dir='ltr'>Alesiam</span> <span class='ocrx_word' id='word_1_73' title='bbox 435 1279 556 1345; x_wconf 88' lang='lat' dir='ltr'>deinde</span> <span class='ocrx_word' id='word_1_74' title='bbox 576 1280 697 1344; x_wconf 87' lang='lat' dir='ltr'>iterum</span> <span class='ocrx_word' id='word_1_75' title='bbox 719 1279 862 1366; x_wconf 80' lang='lat' dir='ltr'>equestri</span> <span class='ocrx_word' id='word_1_76' title='bbox 881 1281 1002 1367; x_wconf 75' lang='lat' dir='ltr'>prelio</span> <span class='ocrx_word' id='word_1_77' title='bbox 1015 1298 1172 1346; x_wconf 84' lang='lat' dir='ltr'>certaturn</span> 
     </span>
     <span class='ocr_line' id='line_1_11' title="bbox 104 1381 1174 1471; baseline 0.001 -24"><span class='ocrx_word' id='word_1_78' title='bbox 104 1398 174 1462; x_wconf 87' lang='lat' dir='ltr'>est,</span> <span class='ocrx_word' id='word_1_79' title='bbox 193 1382 251 1449; x_wconf 87' lang='lat' dir='ltr'>ubi</span> <span class='ocrx_word' id='word_1_80' title='bbox 273 1406 331 1471; x_wconf 84' lang='lat' dir='ltr'>par</span> <span class='ocrx_word' id='word_1_81' title='bbox 355 1382 595 1448; x_wconf 84' lang='lat' dir='ltr'>Germanorum</span> <span class='ocrx_word' id='word_1_82' title='bbox 619 1381 721 1445; x_wconf 86' lang='lat' dir='ltr'>virtus</span> <span class='ocrx_word' id='word_1_83' title='bbox 736 1381 854 1445; x_wconf 70' lang='lat' dir='ltr'>cami</span> <span class='ocrx_word' id='word_1_84' title='bbox 876 1382 1044 1446; x_wconf 85' lang='lat' dir='ltr'>victoriam</span> <span class='ocrx_word' id='word_1_85' title='bbox 1063 1383 1174 1456; x_wconf 86' lang='lat' dir='ltr'>denuo</span> 
     </span>
     <span class='ocr_line' id='line_1_12' title="bbox 104 1481 1175 1573; baseline 0.003 -26"><span class='ocrx_word' id='word_1_86' title='bbox 104 1481 206 1549; x_wconf 81' lang='lat' dir='ltr'>dedit.</span> <span class='ocrx_word' id='word_1_87' title='bbox 219 1483 307 1573; x_wconf 68' lang='lat' dir='ltr'>Engo</span> <span class='ocrx_word' id='word_1_88' title='bbox 323 1484 587 1572; x_wconf 80' lang='lat' dir='ltr'>Vercingetorix,</span> <span class='ocrx_word' id='word_1_89' title='bbox 602 1499 778 1571; x_wconf 88' lang='lat' dir='ltr'>postquam</span> <span class='ocrx_word' id='word_1_90' title='bbox 790 1482 969 1569; x_wconf 82' lang='lat' dir='ltr'>equitatum</span> <span class='ocrx_word' id='word_1_91' title='bbox 982 1507 1080 1549; x_wconf 91' lang='lat' dir='ltr'>suum</span> <span class='ocrx_word' id='word_1_92' title='bbox 1093 1486 1175 1550; x_wconf 88' lang='lat' dir='ltr'>Ger·</span> 
     </span>
     <span class='ocr_line' id='line_1_13' title="bbox 105 1583 1174 1671; baseline 0.002 -22"><span class='ocrx_word' id='word_1_93' title='bbox 105 1583 210 1649; x_wconf 81' lang='lat' dir='ltr'>manis</span> <span class='ocrx_word' id='word_1_94' title='bbox 232 1584 390 1671; x_wconf 88' lang='lat' dir='ltr'>imparem</span> <span class='ocrx_word' id='word_1_95' title='bbox 413 1583 518 1665; x_wconf 85' lang='lat' dir='ltr'>ridet,</span> <span class='ocrx_word' id='word_1_96' title='bbox 537 1584 634 1649; x_wconf 90' lang='lat' dir='ltr'>simul</span> <span class='ocrx_word' id='word_1_97' title='bbox 655 1583 811 1647; x_wconf 76' lang='lat' dir='ltr'>bnmeuti</span> <span class='ocrx_word' id='word_1_98' title='bbox 833 1584 944 1671; x_wconf 87' lang='lat' dir='ltr'>paucis</span> <span class='ocrx_word' id='word_1_99' title='bbox 969 1584 1084 1650; x_wconf 89' lang='lat' dir='ltr'>diebus</span> <span class='ocrx_word' id='word_1_100' title='bbox 1100 1588 1174 1651; x_wconf 89' lang='lat' dir='ltr'>ino—</span> 
     </span>
     <span class='ocr_line' id='line_1_14' title="bbox 105 1684 1176 1776; baseline 0.004 -29"><span class='ocrx_word' id='word_1_101' title='bbox 105 1686 194 1771; x_wconf 84' lang='lat' dir='ltr'>piam</span> <span class='ocrx_word' id='word_1_102' title='bbox 209 1686 350 1767; x_wconf 81' lang='lat' dir='ltr'>veritus,</span> <span class='ocrx_word' id='word_1_103' title='bbox 369 1686 558 1773; x_wconf 85' lang='lat' dir='ltr'>priusquam</span> <span class='ocrx_word' id='word_1_104' title='bbox 575 1708 593 1749; x_wconf 86' lang='lat' dir='ltr'>a</span> <span class='ocrx_word' id='word_1_105' title='bbox 610 1687 733 1751; x_wconf 81' lang='lat' dir='ltr'>Caesare</span> <span class='ocrx_word' id='word_1_106' title='bbox 751 1684 1063 1767; x_wconf 84' lang='lat' dir='ltr'>circumvallaretur,</span> <span class='ocrx_word' id='word_1_107' title='bbox 1081 1691 1176 1776; x_wconf 88' lang='lat' dir='ltr'>equi-</span> 
     </span>
     <span class='ocr_line' id='line_1_15' title="bbox 105 1784 1175 1873; baseline 0.004 -25"><span class='ocrx_word' id='word_1_108' title='bbox 105 1802 154 1849; x_wconf 92' lang='lat' dir='ltr'>tes</span> <span class='ocrx_word' id='word_1_109' title='bbox 166 1808 282 1851; x_wconf 89' lang='lat' dir='ltr'>omnes</span> <span class='ocrx_word' id='word_1_110' title='bbox 292 1810 312 1851; x_wconf 91' lang='lat' dir='ltr'>a</span> <span class='ocrx_word' id='word_1_111' title='bbox 324 1808 359 1851; x_wconf 85' lang='lat' dir='ltr'>se</span> <span class='ocrx_word' id='word_1_112' title='bbox 371 1786 516 1867; x_wconf 83' lang='lat' dir='ltr'>dimittit,</span> <span class='ocrx_word' id='word_1_113' title='bbox 530 1784 693 1867; x_wconf 86' lang='lat' dir='ltr'>mandato,</span> <span class='ocrx_word' id='word_1_114' title='bbox 706 1801 744 1849; x_wconf 89' lang='lat' dir='ltr'>ut</span> <span class='ocrx_word' id='word_1_115' title='bbox 756 1806 850 1849; x_wconf 84' lang='lat' dir='ltr'>suam</span> <span class='ocrx_word' id='word_1_116' title='bbox 862 1786 1003 1873; x_wconf 86' lang='lat' dir='ltr'>quisque</span> <span class='ocrx_word' id='word_1_117' title='bbox 1012 1788 1175 1853; x_wconf 84' lang='lat' dir='ltr'>civitatem</span> 
     </span>
     <span class='ocr_line' id='line_1_16' title="bbox 105 1882 1175 1975; baseline 0.007 -27"><span class='ocrx_word' id='word_1_118' title='bbox 105 1886 275 1967; x_wconf 82' lang='lat' dir='ltr'>excitaret,</span> <span class='ocrx_word' id='word_1_119' title='bbox 301 1903 334 1951; x_wconf 88' lang='lat' dir='ltr'>et</span> <span class='ocrx_word' id='word_1_120' title='bbox 353 1908 487 1970; x_wconf 88' lang='lat' dir='ltr'>omnes,</span> <span class='ocrx_word' id='word_1_121' title='bbox 511 1888 569 1975; x_wconf 91' lang='lat' dir='ltr'>qui</span> <span class='ocrx_word' id='word_1_122' title='bbox 585 1887 670 1951; x_wconf 86' lang='lat' dir='ltr'>ferre</span> <span class='ocrx_word' id='word_1_123' title='bbox 688 1909 777 1951; x_wconf 71' lang='lat' dir='ltr'>mma</span> <span class='ocrx_word' id='word_1_124' title='bbox 795 1882 948 1974; x_wconf 84' lang='lat' dir='ltr'>possent,</span> <span class='ocrx_word' id='word_1_125' title='bbox 970 1903 1088 1974; x_wconf 76' lang='lat' dir='ltr'>praesto</span> <span class='ocrx_word' id='word_1_126' title='bbox 1105 1913 1175 1955; x_wconf 87' lang='lat' dir='ltr'>esse</span> 
     </span>
     <span class='ocr_line' id='line_1_17' title="bbox 105 1986 1175 2077; baseline 0.003 -26"><span class='ocrx_word' id='word_1_127' title='bbox 105 2003 247 2075; x_wconf 82' lang='lat' dir='ltr'>cogeret.</span> <span class='ocrx_word' id='word_1_128' title='bbox 265 1990 339 2077; x_wconf 86' lang='lat' dir='ltr'>lpse</span> <span class='ocrx_word' id='word_1_129' title='bbox 357 2012 433 2053; x_wconf 89' lang='lat' dir='ltr'>cum</span> <span class='ocrx_word' id='word_1_130' title='bbox 450 1986 582 2053; x_wconf 85' lang='lat' dir='ltr'>delectis</span> <span class='ocrx_word' id='word_1_131' title='bbox 594 1988 762 2077; x_wconf 80' lang='lat' dir='ltr'>octoginta</span> <span class='ocrx_word' id='word_1_132' title='bbox 774 1987 917 2051; x_wconf 87' lang='lat' dir='ltr'>millibus</span> <span class='ocrx_word' id='word_1_133' title='bbox 930 1988 970 2051; x_wconf 89' lang='lat' dir='ltr'>ad</span> <span class='ocrx_word' id='word_1_134' title='bbox 983 1988 1100 2052; x_wconf 89' lang='lat' dir='ltr'>urbem</span> <span class='ocrx_word' id='word_1_135' title='bbox 1116 1989 1175 2054; x_wconf 88' lang='lat' dir='ltr'>de·</span> 
     </span>
     <span class='ocr_line' id='line_1_18' title="bbox 106 2086 1175 2175; baseline 0.003 -25"><span class='ocrx_word' id='word_1_136' title='bbox 106 2086 303 2153; x_wconf 87' lang='lat' dir='ltr'>fendendam</span> <span class='ocrx_word' id='word_1_137' title='bbox 323 2089 467 2155; x_wconf 87' lang='lat' dir='ltr'>substitit</span> <span class='ocrx_word' id='word_1_138' title='bbox 484 2112 491 2153; x_wconf 92' lang='lat'>:</span> <span class='ocrx_word' id='word_1_139' title='bbox 511 2105 544 2153; x_wconf 89' lang='lat' dir='ltr'>et</span> <span class='ocrx_word' id='word_1_140' title='bbox 561 2112 629 2175; x_wconf 93' lang='lat' dir='ltr'>quo</span> <span class='ocrx_word' id='word_1_141' title='bbox 646 2104 743 2153; x_wconf 78' lang='lat' dir='ltr'>tantae</span> <span class='ocrx_word' id='word_1_142' title='bbox 763 2087 964 2153; x_wconf 88' lang='lat' dir='ltr'>multitudini</span> <span class='ocrx_word' id='word_1_143' title='bbox 978 2088 1101 2153; x_wconf 89' lang='lat' dir='ltr'>diutius</span> <span class='ocrx_word' id='word_1_144' title='bbox 1117 2091 1175 2153; x_wconf 90' lang='lat' dir='ltr'>ali·</span> 
     </span>
     <span class='ocr_line' id='line_1_19' title="bbox 106 2187 1174 2279; baseline 0 -26"><span class='ocrx_word' id='word_1_145' title='bbox 106 2206 217 2253; x_wconf 84' lang='lat' dir='ltr'>menta</span> <span class='ocrx_word' id='word_1_146' title='bbox 232 2206 461 2279; x_wconf 87' lang='lat' dir='ltr'>suppeterent,</span> <span class='ocrx_word' id='word_1_147' title='bbox 479 2188 695 2270; x_wconf 85' lang='lat' dir='ltr'>Mandubios,</span> <span class='ocrx_word' id='word_1_148' title='bbox 713 2190 772 2275; x_wconf 93' lang='lat' dir='ltr'>qui</span> <span class='ocrx_word' id='word_1_149' title='bbox 789 2187 913 2276; x_wconf 89' lang='lat' dir='ltr'>oppido</span> <span class='ocrx_word' id='word_1_150' title='bbox 932 2210 993 2253; x_wconf 91' lang='lat' dir='ltr'>suo</span> <span class='ocrx_word' id='word_1_151' title='bbox 1010 2210 1066 2253; x_wconf 91' lang='lat' dir='ltr'>eos</span> <span class='ocrx_word' id='word_1_152' title='bbox 1085 2212 1174 2254; x_wconf 88' lang='lat' dir='ltr'>rece-</span> 
     </span>
     <span class='ocr_line' id='line_1_20' title="bbox 106 2290 909 2379; baseline -0.001 -24"><span class='ocrx_word' id='word_1_153' title='bbox 106 2308 241 2378; x_wconf 85' lang='lat' dir='ltr'>perant,</span> <span class='ocrx_word' id='word_1_154' title='bbox 256 2316 332 2357; x_wconf 86' lang='lat' dir='ltr'>eum</span> <span class='ocrx_word' id='word_1_155' title='bbox 347 2292 455 2357; x_wconf 87' lang='lat' dir='ltr'>liberis</span> <span class='ocrx_word' id='word_1_156' title='bbox 470 2308 504 2355; x_wconf 91' lang='lat' dir='ltr'>et</span> <span class='ocrx_word' id='word_1_157' title='bbox 515 2291 673 2356; x_wconf 84' lang='lat' dir='ltr'>uxoribus</span> <span class='ocrx_word' id='word_1_158' title='bbox 691 2290 778 2355; x_wconf 81' lang='lat' dir='ltr'>exire</span> <span class='ocrx_word' id='word_1_159' title='bbox 794 2291 909 2379; x_wconf 83' lang='lat' dir='ltr'>coegit.</span> 
     </span>
    </p>

    <p class='ocr_par' dir='ltr' id='par_1_4' title="bbox 106 2391 1177 3598">
     <span class='ocr_line' id='line_1_21' title="bbox 151 2391 1174 2482; baseline -0.004 -24"><span class='ocrx_word' id='word_1_160' title='bbox 151 2394 207 2459; x_wconf 88' lang='lat' dir='ltr'>Vl.</span> <span class='ocrx_word' id='word_1_161' title='bbox 226 2393 290 2460; x_wconf 85' lang='lat' dir='ltr'>Sed</span> <span class='ocrx_word' id='word_1_162' title='bbox 302 2394 374 2460; x_wconf 88' lang='lat' dir='ltr'>illos</span> <span class='ocrx_word' id='word_1_163' title='bbox 385 2396 506 2476; x_wconf 83' lang='lat' dir='ltr'>Gaesar,</span> <span class='ocrx_word' id='word_1_164' title='bbox 520 2416 624 2482; x_wconf 86' lang='lat' dir='ltr'>quum</span> <span class='ocrx_word' id='word_1_165' title='bbox 640 2391 764 2456; x_wconf 85' lang='lat' dir='ltr'>ultirnis</span> <span class='ocrx_word' id='word_1_166' title='bbox 778 2391 930 2479; x_wconf 86' lang='lat' dir='ltr'>precibus</span> <span class='ocrx_word' id='word_1_167' title='bbox 941 2392 976 2456; x_wconf 89' lang='lat' dir='ltr'>in</span> <span class='ocrx_word' id='word_1_168' title='bbox 986 2391 1174 2456; x_wconf 82' lang='lat' dir='ltr'>servitutem</span> 
     </span>
     <span class='ocr_line' id='line_1_22' title="bbox 109 2494 1175 2583; baseline -0.002 -25"><span class='ocrx_word' id='word_1_169' title='bbox 109 2495 208 2583; x_wconf 86' lang='lat' dir='ltr'>recipi</span> <span class='ocrx_word' id='word_1_170' title='bbox 227 2513 374 2578; x_wconf 87' lang='lat' dir='ltr'>orarent,</span> <span class='ocrx_word' id='word_1_171' title='bbox 391 2519 458 2560; x_wconf 91' lang='lat' dir='ltr'>non</span> <span class='ocrx_word' id='word_1_172' title='bbox 474 2495 626 2560; x_wconf 87' lang='lat' dir='ltr'>admisit:</span> <span class='ocrx_word' id='word_1_173' title='bbox 644 2495 688 2558; x_wconf 87' lang='lat' dir='ltr'>ita</span> <span class='ocrx_word' id='word_1_174' title='bbox 703 2494 789 2557; x_wconf 89' lang='lat' dir='ltr'>inter</span> <span class='ocrx_word' id='word_1_175' title='bbox 799 2494 916 2557; x_wconf 89' lang='lat' dir='ltr'>urbem</span> <span class='ocrx_word' id='word_1_176' title='bbox 929 2517 967 2558; x_wconf 85' lang='lat' dir='ltr'>ac</span> <span class='ocrx_word' id='word_1_177' title='bbox 979 2509 1082 2558; x_wconf 85' lang='lat' dir='ltr'>castra</span> <span class='ocrx_word' id='word_1_178' title='bbox 1095 2516 1175 2557; x_wconf 90' lang='lat' dir='ltr'>con·</span> 
     </span>
     <span class='ocr_line' id='line_1_23' title="bbox 107 2594 1175 2686; baseline 0 -28"><span class='ocrx_word' id='word_1_179' title='bbox 107 2597 189 2661; x_wconf 89' lang='lat' dir='ltr'>clusi</span> <span class='ocrx_word' id='word_1_180' title='bbox 201 2595 427 2686; x_wconf 87' lang='lat' dir='ltr'>derelictique,</span> <span class='ocrx_word' id='word_1_181' title='bbox 444 2596 616 2683; x_wconf 77' lang='lat' dir='ltr'>miserabili</span> <span class='ocrx_word' id='word_1_182' title='bbox 628 2611 734 2660; x_wconf 89' lang='lat' dir='ltr'>morte</span> <span class='ocrx_word' id='word_1_183' title='bbox 748 2594 937 2682; x_wconf 90' lang='lat' dir='ltr'>consumpti</span> <span class='ocrx_word' id='word_1_184' title='bbox 945 2609 1032 2658; x_wconf 91' lang='lat' dir='ltr'>sunt.</span> <span class='ocrx_word' id='word_1_185' title='bbox 1047 2595 1175 2658; x_wconf 87' lang='lat' dir='ltr'>Interea</span> 
     </span>
     <span class='ocr_line' id='line_1_24' title="bbox 108 2695 1174 2785; baseline -0.003 -25"><span class='ocrx_word' id='word_1_186' title='bbox 108 2697 210 2778; x_wconf 90' lang='lat' dir='ltr'>Galli,</span> <span class='ocrx_word' id='word_1_187' title='bbox 236 2696 368 2778; x_wconf 89' lang='lat' dir='ltr'>audito,</span> <span class='ocrx_word' id='word_1_188' title='bbox 390 2719 456 2785; x_wconf 90' lang='lat' dir='ltr'>quo</span> <span class='ocrx_word' id='word_1_189' title='bbox 476 2695 563 2784; x_wconf 88' lang='lat' dir='ltr'>apud</span> <span class='ocrx_word' id='word_1_190' title='bbox 588 2697 728 2761; x_wconf 84' lang='lat' dir='ltr'>Alesiam</span> <span class='ocrx_word' id='word_1_191' title='bbox 746 2697 821 2760; x_wconf 90' lang='lat' dir='ltr'>loco</span> <span class='ocrx_word' id='word_1_192' title='bbox 839 2718 891 2760; x_wconf 89' lang='lat' dir='ltr'>res</span> <span class='ocrx_word' id='word_1_193' title='bbox 912 2711 1015 2775; x_wconf 86' lang='lat' dir='ltr'>asset,</span> <span class='ocrx_word' id='word_1_194' title='bbox 1038 2717 1107 2757; x_wconf 91' lang='lat' dir='ltr'>non</span> <span class='ocrx_word' id='word_1_195' title='bbox 1125 2698 1174 2758; x_wconf 90' lang='lat' dir='ltr'>uti</span> 
     </span>
     <span class='ocr_line' id='line_1_25' title="bbox 109 2796 1177 2888; baseline -0.003 -28"><span class='ocrx_word' id='word_1_196' title='bbox 109 2799 352 2888; x_wconf 82' lang='lat' dir='ltr'>Vercingetorix</span> <span class='ocrx_word' id='word_1_197' title='bbox 364 2815 553 2880; x_wconf 88' lang='lat' dir='ltr'>censuerat,</span> <span class='ocrx_word' id='word_1_198' title='bbox 570 2819 684 2862; x_wconf 88' lang='lat' dir='ltr'>omnes</span> <span class='ocrx_word' id='word_1_199' title='bbox 696 2799 853 2884; x_wconf 89' lang='lat' dir='ltr'>puberes,</span> <span class='ocrx_word' id='word_1_200' title='bbox 864 2796 922 2861; x_wconf 89' lang='lat' dir='ltr'>sed</span> <span class='ocrx_word' id='word_1_201' title='bbox 933 2813 1058 2860; x_wconf 86' lang='lat' dir='ltr'>certum</span> <span class='ocrx_word' id='word_1_202' title='bbox 1070 2819 1089 2858; x_wconf 88' lang='lat' dir='ltr'>e</span> <span class='ocrx_word' id='word_1_203' title='bbox 1100 2797 1177 2858; x_wconf 83' lang='lat' dir='ltr'>ciri-</span> 
     </span>
     <span class='ocr_line' id='line_1_26' title="bbox 108 2896 1174 2985; baseline -0.005 -21"><span class='ocrx_word' id='word_1_204' title='bbox 108 2901 228 2964; x_wconf 88' lang='lat' dir='ltr'>tatibus</span> <span class='ocrx_word' id='word_1_205' title='bbox 246 2923 420 2966; x_wconf 87' lang='lat' dir='ltr'>numerum</span> <span class='ocrx_word' id='word_1_206' title='bbox 434 2900 649 2980; x_wconf 82' lang='lat' dir='ltr'>contrahunt,</span> <span class='ocrx_word' id='word_1_207' title='bbox 669 2899 818 2985; x_wconf 87' lang='lat' dir='ltr'>equitum</span> <span class='ocrx_word' id='word_1_208' title='bbox 830 2899 959 2962; x_wconf 86' lang='lat' dir='ltr'>circiter</span> <span class='ocrx_word' id='word_1_209' title='bbox 970 2912 1046 2960; x_wconf 86' lang='lat' dir='ltr'>octo</span> <span class='ocrx_word' id='word_1_210' title='bbox 1059 2896 1174 2976; x_wconf 84' lang='lat' dir='ltr'>millia,</span> 
     </span>
     <span class='ocr_line' id='line_1_27' title="bbox 107 2998 1177 3090; baseline -0.006 -24"><span class='ocrx_word' id='word_1_211' title='bbox 107 3001 256 3088; x_wconf 90' lang='lat' dir='ltr'>peditum</span> <span class='ocrx_word' id='word_1_212' title='bbox 265 3002 404 3067; x_wconf 88' lang='lat' dir='ltr'>ducenta</span> <span class='ocrx_word' id='word_1_213' title='bbox 415 3001 636 3090; x_wconf 83' lang='lat' dir='ltr'>quadraginta.</span> <span class='ocrx_word' id='word_1_214' title='bbox 646 3001 822 3086; x_wconf 88' lang='lat' dir='ltr'>Postquam</span> <span class='ocrx_word' id='word_1_215' title='bbox 830 3000 885 3062; x_wconf 88' lang='lat' dir='ltr'>hic</span> <span class='ocrx_word' id='word_1_216' title='bbox 892 2999 936 3062; x_wconf 84' lang='lat' dir='ltr'>ad</span> <span class='ocrx_word' id='word_1_217' title='bbox 942 2998 1080 3061; x_wconf 85' lang='lat' dir='ltr'>Alesiam</span> <span class='ocrx_word' id='word_1_218' title='bbox 1089 3021 1177 3061; x_wconf 87' lang='lat' dir='ltr'>exer-</span> 
     </span>
     <span class='ocr_line' id='line_1_28' title="bbox 107 3100 1175 3189; baseline -0.005 -23"><span class='ocrx_word' id='word_1_219' title='bbox 107 3104 193 3166; x_wconf 89' lang='lat' dir='ltr'>citus</span> <span class='ocrx_word' id='word_1_220' title='bbox 214 3104 323 3184; x_wconf 86' lang='lat' dir='ltr'>venit,</span> <span class='ocrx_word' id='word_1_221' title='bbox 347 3125 478 3166; x_wconf 86' lang='lat' dir='ltr'>rursum</span> <span class='ocrx_word' id='word_1_222' title='bbox 498 3103 640 3189; x_wconf 89' lang='lat' dir='ltr'>equestri</span> <span class='ocrx_word' id='word_1_223' title='bbox 665 3100 776 3188; x_wconf 82' lang='lat' dir='ltr'>praelio</span> <span class='ocrx_word' id='word_1_224' title='bbox 794 3113 1045 3163; x_wconf 76' lang='lat' dir='ltr'>certumnest:</span> <span class='ocrx_word' id='word_1_225' title='bbox 1066 3121 1175 3184; x_wconf 89' lang='lat' dir='ltr'>neque</span> 
     </span>
     <span class='ocr_line' id='line_1_29' title="bbox 109 3199 1177 3288; baseline -0.007 -20"><span class='ocrx_word' id='word_1_226' title='bbox 109 3221 179 3269; x_wconf 85' lang='lat' dir='ltr'>turn</span> <span class='ocrx_word' id='word_1_227' title='bbox 196 3204 291 3268; x_wconf 84' lang='lat' dir='ltr'>etiam</span> <span class='ocrx_word' id='word_1_228' title='bbox 308 3204 478 3268; x_wconf 86' lang='lat' dir='ltr'>Germanis</span> <span class='ocrx_word' id='word_1_229' title='bbox 493 3204 640 3266; x_wconf 84' lang='lat' dir='ltr'>resistere</span> <span class='ocrx_word' id='word_1_230' title='bbox 652 3202 736 3267; x_wconf 84' lang='lat' dir='ltr'>Galli</span> <span class='ocrx_word' id='word_1_231' title='bbox 749 3213 939 3288; x_wconf 88' lang='lat' dir='ltr'>potuerunt.</span> <span class='ocrx_word' id='word_1_232' title='bbox 955 3199 1060 3287; x_wconf 76' lang='lat' dir='ltr'>Igitur</span> <span class='ocrx_word' id='word_1_233' title='bbox 1072 3221 1177 3287; x_wconf 80' lang='lat' dir='ltr'>prope</span> 
     </span>
     <span class='ocr_line' id='line_1_30' title="bbox 107 3302 1176 3394; baseline -0.005 -24"><span class='ocrx_word' id='word_1_234' title='bbox 107 3305 369 3394; x_wconf 85' lang='lat' dir='ltr'>desperationem</span> <span class='ocrx_word' id='word_1_235' title='bbox 389 3304 520 3369; x_wconf 87' lang='lat' dir='ltr'>adducti</span> <span class='ocrx_word' id='word_1_236' title='bbox 541 3305 650 3368; x_wconf 86' lang='lat' dir='ltr'>hostes</span> <span class='ocrx_word' id='word_1_237' title='bbox 675 3302 880 3389; x_wconf 88' lang='lat' dir='ltr'>eruptionem</span> <span class='ocrx_word' id='word_1_238' title='bbox 903 3314 1028 3363; x_wconf 85' lang='lat' dir='ltr'>tentare</span> <span class='ocrx_word' id='word_1_239' title='bbox 1053 3315 1176 3365; x_wconf 87' lang='lat' dir='ltr'>statue·</span> 
     </span>
     <span class='ocr_line' id='line_1_31' title="bbox 106 3402 1176 3492; baseline -0.004 -22"><span class='ocrx_word' id='word_1_240' title='bbox 106 3423 205 3487; x_wconf 91' lang='lat' dir='ltr'>runt,</span> <span class='ocrx_word' id='word_1_241' title='bbox 224 3405 304 3472; x_wconf 91' lang='lat' dir='ltr'>dum</span> <span class='ocrx_word' id='word_1_242' title='bbox 321 3405 437 3471; x_wconf 88' lang='lat' dir='ltr'>eodem</span> <span class='ocrx_word' id='word_1_243' title='bbox 452 3421 598 3492; x_wconf 88' lang='lat' dir='ltr'>tempore</span> <span class='ocrx_word' id='word_1_244' title='bbox 618 3402 816 3468; x_wconf 85' lang='lat' dir='ltr'>munitiones</span> <span class='ocrx_word' id='word_1_245' title='bbox 832 3403 1057 3466; x_wconf 83' lang='lat' dir='ltr'>Romanorum</span> <span class='ocrx_word' id='word_1_246' title='bbox 1079 3425 1099 3465; x_wconf 91' lang='lat' dir='ltr'>a</span> <span class='ocrx_word' id='word_1_247' title='bbox 1114 3425 1176 3466; x_wconf 78' lang='lat' dir='ltr'>cas-</span> 
     </span>
     <span class='ocr_line' id='line_1_32' title="bbox 108 3509 446 3598; baseline -0.009 -24"><span class='ocrx_word' id='word_1_248' title='bbox 108 3509 187 3574; x_wconf 88' lang='lat' dir='ltr'>teris</span> <span class='ocrx_word' id='word_1_249' title='bbox 204 3525 446 3598; x_wconf 74' lang='lat' dir='ltr'>oppugnantur.</span> 
     </span>
    </p>

    <p class='ocr_par' dir='ltr' id='par_1_5' title="bbox 107 3605 1177 3799">
     <span class='ocr_line' id='line_1_33' title="bbox 155 3605 1177 3692; baseline -0.007 -18"><span class='ocrx_word' id='word_1_250' title='bbox 155 3611 228 3674; x_wconf 88' lang='lat' dir='ltr'>Vll.</span> <span class='ocrx_word' id='word_1_251' title='bbox 245 3609 309 3676; x_wconf 89' lang='lat' dir='ltr'>Sed</span> <span class='ocrx_word' id='word_1_252' title='bbox 322 3633 359 3676; x_wconf 86' lang='lat' dir='ltr'>ea</span> <span class='ocrx_word' id='word_1_253' title='bbox 370 3609 433 3672; x_wconf 85' lang='lat' dir='ltr'>fuit</span> <span class='ocrx_word' id='word_1_254' title='bbox 448 3609 579 3672; x_wconf 71' lang='lat' dir='ltr'>Cesaris</span> <span class='ocrx_word' id='word_1_255' title='bbox 592 3605 755 3670; x_wconf 85' lang='lat' dir='ltr'>adomnia</span> <span class='ocrx_word' id='word_1_256' title='bbox 764 3605 892 3669; x_wconf 91' lang='lat' dir='ltr'>consilii</span> <span class='ocrx_word' id='word_1_257' title='bbox 901 3605 1063 3685; x_wconf 89' lang='lat' dir='ltr'>celeritas,</span> <span class='ocrx_word' id='word_1_258' title='bbox 1075 3627 1177 3692; x_wconf 87' lang='lat' dir='ltr'>eaque</span> 
     </span>
     <span class='ocr_line' id='line_1_34' title="bbox 107 3704 1177 3799; baseline -0.007 -25"><span class='ocrx_word' id='word_1_259' title='bbox 107 3710 235 3799; x_wconf 87' lang='lat' dir='ltr'>peritia,</span> <span class='ocrx_word' id='word_1_260' title='bbox 246 3727 284 3774; x_wconf 91' lang='lat' dir='ltr'>ut</span> <span class='ocrx_word' id='word_1_261' title='bbox 296 3709 459 3798; x_wconf 88' lang='lat' dir='ltr'>quoslibet</span> <span class='ocrx_word' id='word_1_262' title='bbox 468 3709 613 3774; x_wconf 83' lang='lat' dir='ltr'>hostiurn</span> <span class='ocrx_word' id='word_1_263' title='bbox 624 3723 760 3772; x_wconf 87' lang='lat' dir='ltr'>conatus</span> <span class='ocrx_word' id='word_1_264' title='bbox 770 3704 913 3770; x_wconf 85' lang='lat' dir='ltr'>efficeret</span> <span class='ocrx_word' id='word_1_265' title='bbox 920 3705 1039 3770; x_wconf 90' lang='lat' dir='ltr'>irritos.</span> <span class='ocrx_word' id='word_1_266' title='bbox 1051 3707 1177 3786; x_wconf 85' lang='lat' dir='ltr'>Quum,</span> 
     </span>
    </p>
   </div>
   <div class='ocr_carea' id='block_1_3' title="bbox 108 3929 1176 4173">
    <p class='ocr_par' dir='ltr' id='par_1_6' title="bbox 108 3929 1176 4173">
     <span class='ocr_line' id='line_1_35' title="bbox 144 3929 1174 4003; baseline -0.012 -17"><span class='ocrx_word' id='word_1_267' title='bbox 144 3938 215 4003; x_wconf 71' lang='lat' dir='ltr'>siv.</span> <span class='ocrx_word' id='word_1_268' title='bbox 230 3937 294 3985; x_wconf 86' lang='lat' dir='ltr'>Plut.</span> <span class='ocrx_word' id='word_1_269' title='bbox 307 3936 333 3984; x_wconf 92' lang='lat' dir='ltr'>in</span> <span class='ocrx_word' id='word_1_270' title='bbox 344 3935 408 3984; x_wconf 76' lang='lat' dir='ltr'>Cres.</span> <span class='ocrx_word' id='word_1_271' title='bbox 421 3961 455 3972; x_wconf 92' lang='lat'>-</span> <span class='ocrx_word' id='word_1_272' title='bbox 468 3937 535 3983; x_wconf 85' lang='lat' dir='ltr'>Serv.</span> <span class='ocrx_word' id='word_1_273' title='bbox 549 3933 581 3981; x_wconf 85' lang='lat' dir='ltr'>ad</span> <span class='ocrx_word' id='word_1_274' title='bbox 595 3935 650 3980; x_wconf 77' lang='lat' dir='ltr'>AEn.</span> <span class='ocrx_word' id='word_1_275' title='bbox 658 3935 711 3993; x_wconf 76' lang='lat' dir='ltr'>XI,</span> <span class='ocrx_word' id='word_1_276' title='bbox 723 3950 747 3979; x_wconf 85' lang='lat' dir='ltr'>v.</span> <span class='ocrx_word' id='word_1_277' title='bbox 762 3934 820 4002; x_wconf 65' lang='lat'>743,-</span> <span class='ocrx_word' id='word_1_278' title='bbox 830 3959 864 3969; x_wconf 95' lang='lat'>-</span> <span class='ocrx_word' id='word_1_279' title='bbox 879 3931 895 3994; x_wconf 71' lang='lat' dir='ltr'>s</span> <span class='ocrx_word' id='word_1_280' title='bbox 909 3933 941 3979; x_wconf 86' lang='lat' dir='ltr'>V.</span> <span class='ocrx_word' id='word_1_281' title='bbox 952 3931 1011 3977; x_wconf 84' lang='lat' dir='ltr'>Dio.</span> <span class='ocrx_word' id='word_1_282' title='bbox 1021 3956 1056 3966; x_wconf 83' lang='lat'>—</span> <span class='ocrx_word' id='word_1_283' title='bbox 1066 3929 1130 3976; x_wconf 82' lang='lat' dir='ltr'>Plut.</span> <span class='ocrx_word' id='word_1_284' title='bbox 1139 3957 1174 3965; x_wconf 88' lang='lat'><em>-</em></span> 
     </span>
     <span class='ocr_line' id='line_1_36' title="bbox 109 4013 1176 4084; baseline -0.007 -16"><span class='ocrx_word' id='word_1_285' title='bbox 109 4023 163 4074; x_wconf 76' lang='lat' dir='ltr'>Lis,</span> <span class='ocrx_word' id='word_1_286' title='bbox 180 4021 245 4084; x_wconf 76' lang='lat' dir='ltr'>[ipit.</span> <span class='ocrx_word' id='word_1_287' title='bbox 262 4047 298 4058; x_wconf 85' lang='lat'>--</span> <span class='ocrx_word' id='word_1_288' title='bbox 311 4021 436 4078; x_wconf 70' lang='lat' dir='ltr'>0ronV1,</span> <span class='ocrx_word' id='word_1_289' title='bbox 458 4033 497 4066; x_wconf 79' lang='grc' dir='ltr'>ιι.</span> <span class='ocrx_word' id='word_1_290' title='bbox 515 4045 550 4054; x_wconf 97' lang='grc'>-</span> <span class='ocrx_word' id='word_1_291' title='bbox 569 4019 634 4068; x_wconf 77' lang='lat' dir='ltr'>Flor.</span> <span class='ocrx_word' id='word_1_292' title='bbox 647 4021 698 4074; x_wconf 86' lang='lat'>111,</span> <span class='ocrx_word' id='word_1_293' title='bbox 718 4033 760 4064; x_wconf 85' lang='lat' dir='ltr'>ro.</span> <span class='ocrx_word' id='word_1_294' title='bbox 778 4015 886 4062; x_wconf 72' lang='lat' dir='ltr'>-vslt</span> <span class='ocrx_word' id='word_1_295' title='bbox 899 4017 939 4073; x_wconf 89' lang='lat' dir='ltr'>ll,</span> <span class='ocrx_word' id='word_1_296' title='bbox 954 4022 996 4073; x_wconf 69' lang='grc'>47.</span> <span class='ocrx_word' id='word_1_297' title='bbox 1011 4040 1047 4050; x_wconf 89' lang='lat'>·-—</span> <span class='ocrx_word' id='word_1_298' title='bbox 1059 4013 1121 4062; x_wconf 61' lang='grc' dir='ltr'><strong>(ἵει.</strong></span> <span class='ocrx_word' id='word_1_299' title='bbox 1139 4039 1176 4048; x_wconf 92' lang='lat'><em>-</em></span> 
     </span>
     <span class='ocr_line' id='line_1_37' title="bbox 108 4101 873 4173; baseline -0.007 -22"><span class='ocrx_word' id='word_1_300' title='bbox 108 4104 126 4170; x_wconf 75' lang='grc'>5</span> <span class='ocrx_word' id='word_1_301' title='bbox 140 4106 189 4154; x_wconf 65' lang='grc' dir='ltr'>Ἧι</span> <span class='ocrx_word' id='word_1_302' title='bbox 200 4105 311 4173; x_wconf 70' lang='lat' dir='ltr'>Polyoen.</span> <span class='ocrx_word' id='word_1_303' title='bbox 322 4107 395 4156; x_wconf 82' lang='lat' dir='ltr'>strat.</span> <span class='ocrx_word' id='word_1_304' title='bbox 404 4102 518 4152; x_wconf 71' lang='lat' dir='ltr'>lilell.</span> <span class='ocrx_word' id='word_1_305' title='bbox 530 4130 564 4140; x_wconf 91' lang='lat'>-</span> <span class='ocrx_word' id='word_1_306' title='bbox 576 4103 637 4152; x_wconf 63' lang='grc' dir='ltr'><strong>(ἐτι.</strong></span> <span class='ocrx_word' id='word_1_307' title='bbox 648 4129 682 4140; x_wconf 88' lang='lat'>-·</span> <span class='ocrx_word' id='word_1_308' title='bbox 696 4102 759 4150; x_wconf 83' lang='lat' dir='ltr'>Plut.</span> <span class='ocrx_word' id='word_1_309' title='bbox 770 4127 804 4136; x_wconf 92' lang='lat'>-</span> <span class='ocrx_word' id='word_1_310' title='bbox 816 4101 873 4147; x_wconf 88' lang='lat' dir='ltr'>Dio.</span> 
     </span>
    </p>
   </div>
   <div class='ocr_carea' id='block_1_4' title="bbox 0 0 1446 4900">
    <p class='ocr_par' dir='ltr' id='par_1_7' title="bbox 0 0 1446 4900">
     <span class='ocr_line' id='line_1_38' title="bbox 0 0 1446 4900; baseline 0 0"><span class='ocrx_word' id='word_1_311' title='bbox 0 0 1446 4900; x_wconf 95' lang='lat' dir='ltr'> </span> 
     </span>
    </p>
   </div>
  </div>
 </body>
</html>
