2875 4900
325 333 378 402 IN
407 333 519 400 LOC.
546 333 640 399 LlB.
667 333 759 398 CXI
787 333 1000 401 Lll'lANl.
1125 359 1188 429 7²¹

129 466 163 515 et
178 450 398 514 incertissimis
413 450 508 539 plane
529 450 741 538 temporibus.
763 453 922 515 Caeterum
939 465 980 515 ert
994 468 1084 519 tanto
1104 474 1194 520 metu

129 553 276 636 celeriter
296 567 329 615 et
346 553 426 616 citra
446 550 679 630 detrimentum
701 552 737 615 hi
757 568 893 616 conatus
909 551 943 616 in
960 553 1098 619 nihilum
1121 579 1194 621 eva-

129 668 268 718 serunt:
293 653 414 741 quippe
438 643 614 735 Milonem,
640 667 806 716 contracto
824 653 1035 741 bigitIvorum
1050 656 1193 720 exercitu

128 754 313 840 profectum
331 752 366 815 in
385 755 612 843 Campaniam,
633 770 666 818 et
688 753 779 841 quasi
797 751 948 816 mandato
969 755 1115 844 Pompeii
1130 757 1192 820 ho·

128 855 233 918 mInes
245 855 488 935 sollicitantem,
507 871 670 942 quotquot
686 855 729 918 ob
746 877 787 918 aes
803 855 963 936 alienum,
978 873 1035 920 aut
1051 857 1192 922 facinora

129 955 282 1020 credebat
303 955 457 1034 idoneos,
485 955 579 1042 pauci
603 971 681 1017 sunt
705 956 855 1043 sequuti;
879 957 1052 1044 Capuaque
1074 958 1192 1021 frustm

128 1070 270 1137 tentata,
291 1053 546 1145 confugiendum
568 1055 597 1118 ei
623 1056 724 1118 Tifata
745 1057 818 1119 fuit.
841 1056 977 1144 Ignarus
998 1056 1137 1140 homm,
1156 1076 1193 1141 et

128 1157 262 1220 meliora
285 1180 415 1244 sperans
433 1156 569 1234 Coelius,
589 1156 786 1244 conjungere
807 1178 841 1220 se
862 1180 938 1220 cum
957 1157 1013 1221 illo
1032 1159 1192 1245 cupiebat.

127 1257 192 1322 Sed
208 1259 283 1345 quia
300 1259 425 1322 occulta
442 1259 519 1347 fuga
536 1279 595 1322 nec
612 1258 687 1322 satis
704 1273 773 1322 tuta
785 1257 974 1340 videbatur,
990 1277 1024 1324 et
1038 1261 1193 1342 majusad

83 1425 86 1432 ,
126 1360 238 1422 omnia
264 1376 468 1424 momentum
493 1374 583 1440 erat,
608 1358 634 1421 si
659 1357 750 1444 quasi
774 1372 892 1444 praetor
915 1358 1191 1445 proficisceretur,

126 1476 347 1524 commeatum
363 1482 382 1523 a
397 1459 531 1523 consule
549 1457 659 1545 petiit,
681 1474 835 1543 tanquam
852 1457 1012 1545 purgandi
1031 1461 1082 1524 sui
1098 1484 1194 1526 causa

126 1563 285 1624 Caesarem
304 1560 460 1624 aditurus.
478 1559 602 1622 Consul
618 1557 763 1622 simulari
778 1557 847 1620 baec
866 1559 1066 1646 suspicatus,
1089 1561 1192 1626 tribu-

127 1684 208 1726 num
228 1662 331 1750 plebis
357 1659 522 1742 adjunxit,
546 1659 603 1746 qui
623 1681 674 1722 res
698 1679 798 1722 novas
814 1657 1002 1721 molientem
1019 1678 1192 1726 coerceret.

172 1763 279 1827 XXII.
305 1764 346 1826 At
371 1762 507 1844 Coelius,
533 1759 622 1823 baud
644 1759 742 1847 longe
765 1757 844 1822 dum
870 1759 1056 1846 profectus,
1080 1761 1192 1826 audito

125 1863 259 1928 Milonis
284 1859 518 1942 incommodo,
544 1861 578 1923 in
601 1860 716 1923 itinere
738 1859 903 1942 substitit3
928 1859 1036 1942 unde,
1060 1865 1192 1952 cognito

124 1963 196 2042 ejus
211 1963 362 2043 consilio,
380 1963 531 2025 tribunus
548 1960 716 2024 hominem
734 1959 767 2021 in
784 1959 907 2023 Urbem
924 1959 1108 2028 reducebat.
1127 1956 1192 2029 Sed

126 2065 249 2127 interea
266 2079 395 2126 senatus
408 2061 565 2124 Milonem
578 2060 705 2124 hostem
714 2059 926 2142 judicaveram
946 2062 1046 2126 Coelio
1060 2086 1191 2129 manere

125 2165 167 2228 ad
181 2167 302 2228 Urbem
317 2165 418 2244 jusso.
435 2160 473 2225 Id
490 2185 592 2249 quum
610 2176 693 2226 esset
708 2161 852 2243 factum,
871 2162 962 2248 isque
978 2185 1012 2242 se
1027 2165 1191 2254 negligen-

125 2268 189 2330 tIus
216 2264 372 2330 custodiri
395 2263 564 2344 sensisset,
581 2263 615 2324 in
638 2262 847 2350 Campaniam
868 2264 1034 2352 profugit,
1055 2266 1140 2329 vlres
1157 2285 1190 2332 et

124 2368 260 2430 consilia
275 2389 350 2430 cum
364 2365 487 2428 Milone
499 2365 671 2444 juncturus
685 2386 693 2427 :
709 2386 784 2425 nam
800 2386 838 2426 ex
852 2364 976 2452 magnis
993 2365 1027 2427 in
1041 2365 1191 2431 aedilitate

125 2468 208 2531 (latis
231 2468 442 2545 muneribus,
467 2466 606 2551 aliquem
630 2465 794 2551 reliquum
816 2463 956 2529 habebat
976 2466 1189 2555 gladiatorum

125 2592 311 2634 numerum.
329 2572 397 2633 Hos
413 2568 513 2656 igitur
528 2565 697 2653 Neapolim
714 2566 796 2629 elam
811 2566 906 2645 jussit
924 2566 1064 2656 ingredi,
1081 2569 1190 2656 prodi-

126 2672 248 2735 tionem
269 2669 380 2757 oppidi
403 2689 533 2757 sperans
553 2689 560 2731 :
579 2666 647 2756 ipse
665 2668 841 2731 Casilinum
857 2669 962 2750 venit,
979 2684 1011 2732 et
1024 2670 1189 2735 sub-idem

125 2788 253 2859 tempus
271 2772 362 2859 signa
383 2769 451 2850 ejus
474 2767 622 2831 militaria
641 2770 759 2855 Capuae
778 2768 1010 2856 comprehensa
1031 2784 1118 2836 sunt.
1133 2774 1190 2845 ,Ita

124 2873 261 2937 consilio
285 2871 469 2960 patefacto,
493 2890 597 2957 quum
624 2868 705 2931 nihil
730 2867 941 2955 procederet,
968 2869 1190 2958 Campanique

124 2997 201 3037 eum
214 2995 275 3060 pro
291 2972 384 3036 hoste
397 2971 573 3051 haberent,
589 2992 701 3058 agrum
719 2969 904 3032 Thurinum
918 2970 1027 3056 petiit,
1043 2970 1100 3033 ubi
1113 2972 1187 3059 pul·

125 3096 196 3139 sum
211 3073 383 3162 Campania
396 3072 553 3135 Milonem
568 3093 660 3159 agere
672 3084 882 3158 compererat.

168 3173 291 3238 XXIII.
308 3174 350 3237 Et
363 3194 458 3252 sane,
473 3171 500 3234 si
519 3172 688 3259 reperisset
701 3170 927 3258 superstitem,
944 3172 1050 3235 moliri
1066 3172 1188 3259 aliquid

124 3273 289 3354 conjuncti
307 3288 465 3362 poterant.
488 3270 551 3335 Sed
575 3271 655 3335 Milo
672 3269 738 3349 jam
761 3269 940 3351 occiderat,
965 3270 1000 3333 in
1018 3294 1189 3361 oppugna-

125 3377 214 3441 tione
230 3376 350 3441 castelli
365 3373 482 3438 Cosani
495 3370 601 3460 lapide
614 3394 654 3435 ex
669 3393 765 3435 muro
778 3370 872 3434 ictus.
888 3370 990 3434 Paulo
1005 3388 1079 3458 post
1092 3374 1188 3436 etiam

123 3478 242 3541 Coelius
258 3474 345 3540 haud
363 3475 489 3537 mitiore
503 3474 570 3535 fato
583 3470 756 3535 defunctus
769 3486 831 3549 est,
846 3492 949 3556 quum
964 3470 1106 3535 Thurios
1117 3495 1190 3560 per-

123 3579 264 3643 venisset
279 3598 286 3639 :
302 3598 376 3639 nam
392 3574 433 3637 ab
448 3573 611 3660 equitibus
623 3572 711 3659 gallis
730 3588 762 3633 et
775 3569 938 3658 hispanis,
955 3594 1038 3659 quos
1050 3572 1189 3660 praesidii

73 3700 77 3708 ’
124 3700 219 3743 eausa
232 3680 338 3739 Caesar
349 3676 495 3747 miserat,
507 3696 609 3760 quum
621 3672 659 3735 iis
671 3688 782 3735 contra
794 3673 948 3735 Caesarem
961 3695 1113 3737 nummos
1122 3675 1191 3762 pol·

123 3778 301 3856 liceretur,
330 3776 518 3838 interfectus
544 3789 602 3837 est.
628 3772 746 3836 Iisdem
774 3773 997 3860 temporibus,
1026 3796 1129 3860 quum
1154 3775 1189 3839 in

123 3880 224 3968 Epiro
245 3891 361 3965 praeter
383 3874 542 3963 equestria
562 3873 755 3953 certamina,
773 3872 824 3937 his
846 3873 974 3960 illisque
995 3872 1078 3939 vado
1097 3874 1190 3939 facile

158 4056 174 4124 S
189 4060 262 4108 xxt.
273 4060 334 4109 Caes.
347 4085 382 4095 -
392 4058 450 4105 llio.
464 4083 499 4093 -
509 4056 572 4103 Vell:
587 4082 621 4092 -
636 4056 708 4103 Oros.
715 4055 766 4111 VI,
783 4053 824 4103 15.
834 4080 870 4091 —
879 4052 896 4119 s
910 4055 996 4102 xxu.
1010 4056 1074 4106 Cret.
1083 4084 1118 4095 -
1131 4057 1189 4107 uto.

244 4158 286 4223 X.
971 4150 1019 4234 46
