2875 4900
302 410 368 505 ¹94
472 405 540 471 JO.
567 400 912 469 FREINSHEMII
944 398 1190 469 SUPPLEM.

331 527 388 589 lus,
400 542 471 580 unus
481 541 513 576 ex
524 520 695 594 proscriptis,
708 518 777 571 clam
788 516 876 590 capite
889 516 1018 590 adoperto
1030 516 1065 571 sd
1074 520 1188 591 posticas
1196 518 1267 575 edes
1275 521 1370 575 eutis

332 610 421 665 uxoris
432 626 516 683 quum
531 603 699 666 accessisset,
720 600 852 657 admissus
869 620 924 655 non
944 613 1001 664 est,
1019 600 1082 673 quia
1098 600 1172 655 illum
1190 605 1369 677 proscriptum

330 695 450 751 diceret:
468 692 559 764 itaque
572 708 600 742 se
611 684 770 749 transfodit,
787 697 814 739 et
830 685 959 757 sangnine
975 704 1024 739 suo
1039 686 1109 739 fores
1127 688 1216 741 aruns
1232 689 1368 761 respersit.

329 779 404 837 satta
414 778 511 833 Nolam
524 775 553 829 in
565 772 672 828 Samnio
684 770 802 841 recepit:
813 768 1105 843 quadraginta'septem
1117 769 1232 842 legiones
1245 772 1273 825 in
1288 791 1370 843 egros

330 875 424 937 reptos
440 844 569 922 deduxit,
587 868 614 909 et
627 873 672 909 eos
689 854 722 907 iis
738 852 838 907 divisit.
848 853 1020 917 Volaterras,
1033 851 1107 925 quod
1125 852 1256 926 oppidum
1277 852 1368 908 ιιᾶΙιιιο

329 950 358 1003 in
376 945 457 1001 emis
472 953 547 1007 eret,
569 940 724 1003 obsessam,
744 937 772 991 in
790 936 955 993 deditionem
974 936 1084 1009 accepit.
1104 936 1238 1011 Mitylene
1258 958 1368 1011 quoque

329 1032 356 1085 in
369 1029 448 1093 Asia,
465 1044 524 1099 quo
536 1016 593 1078 sola
608 1023 673 1077 urbs
685 1032 748 1096 post
758 1021 858 1076 victum
872 1018 1057 1075 Mithridatem
1072 1040 1145 1076 arma
1162 1019 1308 1086 retinebat,
1323 1042 1367 1077 ex-

328 1123 453 1187 pugnato
466 1108 614 1181 dirutaque
625 1114 697 1160 sant.

292 1292 319 1357 1.
341 1256 463 1357 lurra
483 1287 553 1350 haec
569 1285 694 1349 circum
710 1280 809 1346 ltaliae
832 1282 980 1373 regiones
999 1283 1088 1347 missi
1104 1298 1179 1372 post
1195 1282 1364 1347 victoriam

292 1394 334 1458 ab
354 1391 442 1456 Sulla
459 1388 559 1452 duces
579 1386 715 1451 obibant
734 1383 929 1471 municipia3
954 1384 1111 1473 suspectis
1131 1384 1277 1473 presidia
1299 1386 1365 1449 irn-

293 1492 476 1585 poaebant3
501 1491 578 1571 alia,
601 1511 673 1577 quse
691 1486 877 1576 postulabat
898 1508 996 1569 usus,
1020 1505 1076 1553 aut
1095 1488 1229 1576 parendi
1253 1514 1367 1555 neces·

293 1594 389 1675 sitas,
416 1590 688 1679 exsequebantur.
713 1587 778 1652 Sed
803 1590 863 1653 Cu.
883 1588 1060 1678 Pompeio,
1087 1612 1205 1677 quem,
1230 1590 1364 1657 dimissa

293 1693 451 1775 Antistia,
473 1690 654 1780 privignam
678 1712 769 1753 suam
788 1688 971 1773 AEmiliam,
994 1692 1040 1756 M.
1056 1692 1177 1756 Scauro
1199 1694 1364 1783 genitam,

291 1796 363 1859 viro
380 1815 442 1857 suo
458 1791 504 1856 M.
516 1790 685 1855 Glabrioni
703 1789 906 1880 ademptam,
927 1790 1046 1857 ducere
1065 1795 1282 1882 compulerat,
1302 1820 1363 1860 ne·
1417 1878 1418 1883 η

290 1896 417 1986 gotium
435 1891 592 1957 Carbonis
606 1890 825 1980 persequendi
840 1892 1015 1980 imposuit,
1037 1893 1151 1959 eadem
1168 1918 1267 1983 opera
1279 1897 1362 1961 sici-

289 2000 365 2063 liam
384 2011 581 2085 purgatum,
600 1994 633 2057 in
653 2014 752 2080 quam
768 1992 928 2058 Carbonis
944 1994 1038 2057 amici
1055 1995 1187 2083 quidum
1203 2012 1235 2061 et
1249 2000 1364 2086 presci-

288 2121 374 2189 puus
393 2100 575 2186 Perperna,
593 2095 650 2182 qui
671 2095 762 2183 prius
780 2095 814 2157 in
833 2094 963 2183 Liguria
983 2094 1107 2161 bellum
1128 2118 1204 2160 cum
1221 2097 1361 2165 Sullanis

289 2216 445 2292 gesserat,
457 2198 506 2262 vir
515 2198 700 2285 pretorius,
711 2194 944 2284 confugerant,
957 2218 1059 2283 quum
1068 2198 1176 2261 Carbo
1184 2215 1217 2263 et
1228 2201 1288 2265 Ca.
1297 2202 1363 2265 Do-

288 2303 400 2366 mitius
416 2302 450 2363 in
463 2299 604 2363 Africam
621 2298 834 2386 navigassent.

334 2404 378 2469 11.
394 2401 546 2467 Adventu
560 2399 708 2488 Pompeii
724 2398 888 2488 Perperna
902 2399 1011 2464 statim
1030 2399 1134 2466 Sicilia
1151 2402 1263 2485 cessit,
1279 2405 1360 2470 civi·

288 2521 435 2592 tatesque
446 2503 638 2568 auctoritate
650 2499 881 2582 adolescentis,
894 2516 927 2564 et
941 2501 1057 2590 partim
1072 2503 1208 2567 consilio
1220 2523 1360 2595 receptae

288 2621 376 2672 suut.
393 2605 484 2670 luter
499 2627 580 2693 quas
595 2604 733 2686 Catane,
753 2625 857 2690 quum
870 2621 1019 2691 suspecta
1034 2601 1191 2693 Pompeio
1205 2621 1308 2689 esset,
1327 2625 1361 2672 et

286 2703 474 2794 presidium
488 2720 674 2770 recusamra
688 2702 871 2786 videretur,
886 2727 905 2768 a
918 2703 1103 2770 fortissimis
1114 2706 1263 2772 omnium
1276 2710 1362 2774 mili·

287 2807 376 2874 tibus
391 2822 553 2895 occupate-
563 2823 628 2886 est,
645 2827 730 2893 quos
745 2804 940 2893 Pompeius,
957 2805 1147 2895 impetratu,
1163 2811 1291 2898 ntegri
1307 2815 1359 2876 sui

286 2909 524 2998 reciperentur,
544 2908 607 2972 sub
623 2929 662 2971 eo
677 2906 792 2971 habitu
805 2907 839 2970 in
856 2907 1014 2996 oppidum
1029 2908 1168 2972 miserat.
1182 2909 1269 2974 Dum
1288 2914 1360 2979 haec

286 3029 464 3104 geruntur,
493 3034 532 3074 ex
555 3011 663 3075 Africa
687 3032 764 3073 cum
789 3010 900 3074 multis
925 3006 1090 3074 nobilibus
1114 3009 1190 3074 viris
1217 3011 1358 3080 redieret

287 3113 413 3195 Carbo,
430 3114 510 3180 etin
524 3116 665 3178 Cossum
681 3111 787 3181 insula
803 3133 951 3176 rumores
963 3111 1004 3176 de
1015 3111 1114 3176 rebus
1126 3112 1240 3178 italicis
1251 3135 1359 3205 capta·

285 3215 358 3297 bet,
380 3216 416 3279 in
436 3215 616 3303 AEgypmm
634 3215 746 3302 fugam
762 3211 938 3294 meditans,
955 3228 987 3276 et
1003 3213 1138 3277 interim·
1153 3216 1189 3279 L.
1200 3217 1303 3282 Bruto
1321 3221 1354 3283 in

284 3335 368 3379 nave
382 3315 555 3402 piscatoria
562 3313 741 3404 Lilybaeum
754 3314 872 3395 misso,
887 3327 926 3377 ut
938 3313 1134 3402 exploraret,
1149 3337 1190 3380 an
1202 3316 1236 3380 in
1247 3319 1356 3388 Sicilia

285 3415 460 3506 Pompeius
478 3430 571 3479 esset.
735 3486 740 3494 ¹

328 3515 388 3582 III.
406 3515 471 3581 Sed
492 3514 545 3580 ille
568 3510 808 3580 circumventus
823 3539 850 3594 ,a
870 3515 1093 3603 Pompeianis,
1112 3539 1215 3605 quum
1232 3541 1267 3582 se
1283 3523 1355 3610 capi

284 3615 573 3698 animadverteret,
590 3617 624 3680 in
642 3639 678 3682 se
694 3637 855 3682 mucrone
876 3638 985 3698 verso,
1006 3615 1047 3680 ad
1067 3633 1246 3682 neustriam
1263 3623 1355 3686 navis

284 3719 420 3785 obnisus
444 3718 590 3808 corporis
615 3717 781 3806 pondere,
808 3718 973 3782 occubuit.
997 3718 1195 3808 Pompeius,
1219 3725 1354 3810 cognito

282 3818 432 3886 Cossum
442 3820 626 3884 Carbonem
640 3839 727 3902 esse,
744 3819 785 3884 ad
801 3817 1147 3908 comprehendendum
1161 3841 1238 3886 eum
1252 3825 1352 3890 misit.

316 4005 368 4072 31.
379 4005 412 4054 u.
423 4003 452 4054 α
465 4001 530 4068 ⁶7⁰3
544 4002 574 4054 Α.
586 4004 614 4053 C.
625 4005 667 4053 to.
681 4029 716 4042 —
730 4003 794 4054 l’lut.
807 4005 834 4053 la
844 4003 922 4061 Sulla,
936 4017 991 4070 erp.
1002 4003 1049 4064 66,
1062 4015 1087 4054 st
1099 4007 1186 4072 Pomp.
1197 4023 1252 4074 esp.
1267 4018 1307 4064 ις,
1318 4029 1352 4048 .-

281 4089 344 4141 vet.
358 4091 397 4148 tt,
414 4089 455 4137 3ο.
469 4117 503 4128 -
519 4087 628 4154 Appisn.
641 4117 676 4127 -
688 4090 801 4149 ornav,
816 4103 847 4138 rr
864 4099 889 4137 st
903 4095 945 4144 rt.
960 4117 994 4127 -
1007 4093 1092 4140 Frons.
1110 4091 1184 4141 strar.
1203 4093 1243 4151 ll,
1260 4107 1301 4142 ιι.
1317 4121 1353 4134 -·

278 4173 332 4224 llr.
345 4172 411 4239 epit.
