2875 4900
297 357 348 425 IN
378 358 492 425 LOC.
519 359 614 427 LIB.
642 357 711 427 CII
742 344 956 425 letattl.
1091 358 1163 455 439
1199 357 1201 360 ’

103 496 210 556 manu,
223 474 354 539 comitia
374 476 444 539 sine
461 476 607 541 tumultu
627 493 774 565 peracta,
793 478 835 541 D.
850 476 977 541 Silanus
991 493 1024 540 et
1038 481 1073 543 L.
1087 481 1163 545 Mu·

102 598 178 639 rena
187 574 354 665 designati.
367 577 435 641 Sub
445 576 652 643 hoc'demum
667 596 795 668 tempus
807 577 942 643 dilatum
954 579 1162 645 inimicorum

102 677 254 741 alumnia
275 678 477 767 triumphum
493 679 529 743 L.
546 681 701 745 Lucullus
716 680 759 745 de
773 678 961 775 Mithridate
977 696 1010 745 et
1024 682 1163 771 Tigrane

102 778 222 866 regIbus
235 777 342 861 duxit;
360 802 432 866 quae
446 780 515 867 ipsa
526 802 577 845 res
588 781 725 871 gloriam
739 780 808 860 ejus
820 780 1025 844 miseratione
1036 780 1162 861 injuria

102 880 241 968 augebat.

139 982 266 1047 LXXV.
283 982 408 1071 Pompa
425 982 474 1045 uti
492 982 627 1047 minime
644 982 784 1071 prolixa,
802 983 848 1046 ita
862 980 989 1047 delecto
1004 999 1161 1069 apparatu

102 1083 274 1168 spectabilis
287 1082 359 1147 fuit.
370 1082 477 1173 Annis
489 1082 712 1171 machinisque
726 1083 899 1149 hostilibus
911 1083 1034 1146 circum
1047 1083 1163 1147 Flami-

102 1182 184 1249 nium
198 1201 408 1249 exornaverat
422 1207 430 1249 :
445 1185 480 1247 in
497 1184 666 1272 triumpho
679 1202 802 1273 paucos
816 1184 1038 1271 cataphractos
1052 1183 1161 1265 duxit,

102 1280 203 1349 decern
223 1308 340 1351 currus
358 1284 508 1366 falcatos,
532 1284 652 1352 amicos
675 1284 842 1372 ducesque
862 1284 968 1373 regios
988 1286 1162 1375 sexaginta.

102 1382 195 1449 Nares
215 1408 350 1473 quoque
365 1400 510 1450 rostratae
529 1400 660 1449 centum
683 1384 796 1449 decent
814 1386 983 1449 translatae.
1005 1385 1163 1451 Proeterea

102 1484 289 1551 Mithridatis
313 1485 435 1577 efligies
461 1510 500 1551 ex
522 1510 603 1552 auro
622 1509 740 1551 senum
763 1485 903 1575 pedum,
927 1504 961 1551 et
987 1485 1161 1553 distinctus

102 1589 225 1673 gemmis
238 1588 383 1677 clypeus.
394 1588 527 1653 Fercula
538 1588 653 1677 viginti
666 1610 820 1652 vasorum
832 1604 1077 1677 argenteorum
1092 1590 1160 1655 duo

102 1700 130 1747 et
149 1688 277 1776 triginta
304 1689 520 1777 poculorum,
546 1710 773 1770 armorumve,
797 1705 856 1754 aut
880 1712 1094 1755 nummorum
1121 1714 1160 1756 ex

102 1808 182 1853 auro.
191 1790 306 1855 Lectos
318 1790 413 1855 etiarn
429 1812 544 1855 aureos
554 1806 629 1855 octo
642 1791 723 1855 muli
734 1791 986 1872 transtulerunt,
1000 1793 1094 1855 etalii
1103 1816 1158 1857 sex

102 1901 129 1947 et
141 1890 373 1980 quinquaginta
388 1906 561 1980 argentum
574 1892 752 1975 infectum,
767 1892 821 1957 alii
837 1908 973 1957 centum
987 1908 1020 1956 et
1033 1910 1158 1981 septena

102 1988 206 2075 signati
222 1993 321 2081 paulo
341 1992 450 2057 rninus
468 1992 566 2057 vicies
582 1993 698 2082 septies
718 2010 854 2058 centena
869 1993 968 2057 millia
987 1992 1157 2058 drachma·

102 2110 176 2155 rum.
188 2092 449 2157 Praeferebantur
462 2111 495 2159 et
510 2094 545 2157 in
557 2094 675 2159 tabulis
689 2117 842 2177 summu,
857 2117 937 2182 quas
948 2095 1105 2183 Pompeio
1116 2096 1158 2161 ad

102 2187 210 2257 bellum
228 2195 420 2283 piraticum,
437 2193 557 2261 deinde
570 2196 786 2283 quaestoribus
802 2197 905 2261 aerarii
923 2195 1056 2261 dederat
1072 2220 1081 2260 :
1097 2198 1156 2263 ad·

102 2292 244 2379 scripturn
261 2296 360 2359 etiarn
374 2311 459 2373 erat,
474 2318 641 2384 nongenas
656 2298 902 2389 quinquagenas
917 2297 1086 2363 drachmas
1100 2300 1159 2364 mi·

103 2390 201 2460 litibus
216 2395 372 2462 divisisse.

139 2493 280 2561 LXXVI.
297 2495 379 2562 Inde
396 2494 604 2586 splendidum
620 2498 753 2586 epulum
768 2499 893 2586 populo
907 2498 1015 2580 dedit,
1033 2500 1066 2562 in
1085 2502 1158 2566 loro

104 2607 130 2654 et
141 2616 196 2682 per
209 2599 300 2662 vicos
315 2598 463 2662 tricliniis
485 2599 612 2679 stratis;
628 2598 763 2686 vinique
782 2598 875 2688 graeci
892 2599 1058 2688 congiario
1075 2599 1157 2664 divi·

104 2693 139 2756 sit
152 2698 245 2763 millia
258 2699 378 2764 cadum
393 2699 530 2787 amplius
543 2714 685 2764 centum.
705 2699 832 2764 Statuas
847 2700 1025 2787 permultas
1039 2701 1073 2762 in
1089 2723 1157 2788 pug

105 2793 178 2861 blico
194 2800 306 2887 posuit
324 2823 363 2864 ex
381 2800 562 2881 manubiis,
580 2799 614 2864 iu
631 2801 751 2888 quibus
766 2802 890 2865 eximite
903 2802 981 2865 artis
999 2802 1154 2866 Hercules

105 2895 157 2959 luit
171 2899 203 2964 in
218 2902 306 2966 fatali
323 2902 433 2966 tunica
449 2923 600 2988 suprema
615 2902 775 2984 sentiens,
789 2918 822 2965 et
839 2903 985 2966 colossus
995 2903 1154 2991 Apollinis

105 2998 222 3088 triginta
240 3003 450 3085 cubitorum,
473 3019 607 3067 centurn
629 3002 866 3092 quinquaginta
887 3003 1015 3066 talentis
1033 3003 1156 3086 lactus,

103 3119 189 3184 quem
204 3127 243 3169 ex
258 3105 541 3192 Apolloniatarum
554 3104 769 3168 Ponticorum
785 3103 891 3167 insula
909 3102 1088 3168 advexerat.

139 3203 299 3272 LXXVII.
328 3206 390 3270 llic
412 3205 485 3270 finis
512 3204 719 3294 publicorum
744 3225 882 3291 operum
906 3201 1042 3266 Lucullo
1068 3203 1154 3270 fuit:

104 3317 218 3387 postea,
232 3306 301 3370 sive
319 3307 428 3395 gloriae
441 3327 609 3393 opumque
624 3305 700 3368 satis
717 3303 872 3391 adeptum
890 3320 997 3384 ratus,
1015 3305 1082 3368 sive
1099 3329 1156 3370 ne·

104 3403 269 3493 quidquam
284 3407 436 3495 applicari
450 3405 684 3470 medicamenta
700 3403 876 3492 desperatis
890 3404 1001 3490 patriae
1015 3407 1156 3490 rnorbis5

104 3501 211 3582 abjecta
221 3508 323 3574 semel
336 3531 447 3574 rerum
458 3507 594 3572 aliarum
606 3528 700 3587 cura,
717 3507 749 3569 in
763 3507 831 3570 otio
843 3522 876 3570 et
884 3507 965 3570 luxu
973 3507 1053 3570 vixit
1063 3531 1072 3572 ε
1083 3532 1157 3597 pro·

105 3601 171 3669 lttsae
184 3609 218 3674 in
236 3609 378 3674 aedificiis
390 3608 611 3696 conviviisque
627 3608 780 3691 luxuriae,
795 3631 868 3695 quae
879 3631 956 3672 mox
967 3608 1000 3671 in
1014 3609 1154 3674 immen-

106 3723 166 3769 sum
181 3711 296 3792 crevit,
313 3711 439 3798 primus
454 3725 588 3774 auctor:
601 3731 672 3797 quae
686 3709 731 3772 ob
744 3709 877 3788 injectas
891 3711 993 3774 moles
1008 3712 1105 3791 mari,
1123 3727 1155 3774 et

134 3941 148 4006 S
163 3949 274 4002 txxtv.
294 3951 347 4002 cte.
366 3967 412 4016 pro
428 3953 550 4010 Murena,
568 3966 621 4015 cap.
638 3951 671 3998 2⁵
686 3962 711 4000 et
723 3952 768 4010 26,
782 3963 807 4000 et
822 3951 899 3998 Acad.
914 3952 1006 4012 Quarrt.
1020 3949 1067 4008 tv,
1084 3967 1104 4021 ¹:
1117 3977 1153 3995 -ψ

106 4023 153 4074 Dio.
165 4057 197 4066 -
209 4033 273 4083 Plut.
288 4061 322 4072 --
336 4035 352 4101 s
367 4035 470 4083 txxv.
481 4036 584 4098 Eutrop-
604 4061 638 4070 -
647 4034 711 4082 Vell.
726 4035 765 4091 11,
780 4036 823 4090 34.
836 4059 870 4070 -
881 4032 944 4082 Plut.
958 4032 984 4079 in
997 4033 1107 4082 Lucullo.
1119 4060 1153 4072 -

107 4103 236 4168 stxtvt.
248 4116 394 4177 essm,
411 4125 455 4174 n„
471 4129 495 4166 s
507 4117 630 4173 nxx1v,
643 4133 656 4176 7
669 4127 693 4164 a
708 4117 732 4164 t.
