2875 4900
243 381 297 448 IN
327 380 439 450 boc.
469 379 564 450 LIB.
591 380 779 450 LXXVII
809 379 1024 450 LIVIANI.
1123 381 1166 454 15

100 499 282 564 Minturnas
297 499 440 586 rapitur;
458 515 492 562 ct
511 498 612 580 dum,
626 498 707 586 quid
728 499 813 560 lacto
835 520 918 586 opus
939 515 1042 580 creet,
1062 507 1165 594 magi.

98 616 216 664 stratus
233 599 433 675 deliberant,
453 597 685 664 mutodienduo
702 599 745 662 ad
763 598 847 662 aetlcs
864 600 992 662 Fannia·
1008 601 1164 688 mittitur,

12 705 13 716 ¹
99 724 171 787 quae
185 701 231 764 ob
246 717 389 766 veterem
405 699 564 766 offensam
578 701 658 764 irata
669 700 774 764 Mario
791 699 978 788 putabatur.

145 802 313 868 XXXVII.
330 801 415 866 Num
432 815 524 866 texto
537 800 607 880 ejus
620 801 812 881 consulatu,
829 798 999 888 repudiata
1015 823 1035 863 a
1053 803 1090 866 C.
1110 803 1167 866 Ti·

100 903 205 966 tinnio
223 902 472 982 Minturnense,
491 923 621 966 caucam
639 901 771 966 ductat.
789 901 953 965 Titinnius
969 903 1075 990 ampla
1090 901 1168 969 dote

99 1004 238 1091 spoliare
252 1003 422 1092 cupiverat
438 1003 626 1083 mulierem,
644 1002 854 1090 impudicitia
871 1003 1007 1066 crimine
1026 1004 1166 1084 objecto.

99 1105 316 1184 Sedllarius,
329 1125 425 1170 cauta
439 1105 584 1193 cognita,
599 1104 757 1168 Famn'am
774 1102 1168 1192 inpudr'ccmniden‘pro·

101 1207 263 1270 nuntiarit
273 1253 283 1286 ,
294 1205 504 1292 mulorumque
516 1207 549 1268 ci
553 1203 634 1268 dixit
645 1206 816 1268 catenum
831 1225 993 1268 nummum
1001 1227 1014 1266 .·
1022 1205 1168 1270 'liunnio

101 1308 269 1395 praecepit,
284 1307 439 1372 utdotcm
456 1303 902 1393 πικϋιήκετιῖιιενάςᾳυοά,
923 1307 1169 1394 ᾳιιαηιὶυφυάιὶ

101 1431 172 1470 carn
194 1430 257 1472 csse
276 1409 402 1487 scura,
426 1427 498 1470 cam
513 1409 656 1494 pecatore
677 1406 842 1470 institutus
864 1404 1026 1485 dunat,
1049 1406 1168 1495 dcitquc

102 1510 303 1572 matimonio
320 1508 385 1597 q’us
403 1507 608 1596 urrufucrat.
623 1509 747 1571 Fannia
761 1523 870 1570 tamen
885 1506 1034 1571 beneficii
1048 1531 1167 1597 magn,

102 1633 202 1696 quam
212 1631 352 1690 iujuriae
364 1631 490 1674 memor
490 1608 774 1696 quibuscumque
784 1623 893 1694 potuit
903 1605 1018 1672 officiis
1028 1607 1166 1688 adJunt

104 1710 192 1774 unde
218 1711 338 1776 Mariua
361 1709 510 1786 hilarior,
530 1707 709 1773 collaudata
730 1707 874 1770 mulieris
897 1708 1080 1789 voluntate,
1097 1707 1168 1772 Iorc

104 1811 165 1875 sibi
174 1810 347 1877 reddendo
359 1811 467 1900 gratim
476 1825 667 1897 potestatem
679 1809 771 1872 latus
781 1807 986 1896 gestiensque
1000 1756 1166 1895 predicat:

104 1910 173 1990 ejus
187 1911 275 1974 enim
288 1911 335 1974 rei
352 1927 477 1976 certum
496 1931 531 1977 se
546 1909 645 1974 modo
663 1930 761 1972 omen
777 1908 947 1994 accepisse.

148 2013 334 2078 XXXVIII.
349 2010 456 2078 Pudet
467 2011 586 2076 referre
599 2010 779 2074 vanissimae
791 2008 1029 2097 superstitionis
1039 2007 1167 2074 sordes:

106 2113 166 2178 nisi
184 2113 236 2176 vel
256 2111 330 2178 ideo
346 2113 446 2202 magis
462 2128 538 2176 sunt
555 2111 751 2192 referendae,
767 2127 807 2176 nt
819 2111 1052 2199 intelligamus,
1069 2131 1168 2197 quam

106 2215 195 2302 turpi
214 2213 378 2278 dementia
396 2213 510 2278 orbem
532 2229 692 2278 terrarum
708 2211 880 2276 christiana
900 2210 1067 2298 disciplina
1088 2211 1168 2274 libc-

107 2315 232 2379 raverit.
251 2315 329 2380 Post
346 2329 468 2380 tantam
485 2337 595 2378 rerum
607 2314 857 2402 experientiam,
871 2312 921 2374 vir
931 2311 1042 2376 animo
1055 2312 1168 2402 gestis·

10 2470 11 2477 ,
107 2436 170 2503 quc
185 2415 282 2481 rebus
296 2415 473 2496 mutua,
488 2437 587 2503 quam
605 2414 764 2479 aratione
775 2415 948 2502 impetrare
962 2434 1030 2477 non
1042 2428 1171 2501 poterat

10 2566 12 2657 l

109 2516 370 2604 tranquillitatem
379 2566 388 2599 ‚
397 2516 438 2581 ab
449 2517 530 2583 acini
540 2516 661 2581 obtutu
672 2538 709 2581 ac
719 2538 799 2579 roce
809 2515 955 2603 sumpsit.
967 2515 1051 2579 Nam
1065 2538 1169 2602 quum

108 2617 149 2679 ad
170 2618 300 2681 Fanniae
322 2618 459 2683 domum
482 2617 642 2683 adductus
665 2634 734 2682 erat
753 2616 897 2699 Marius,
914 2616 1027 2681 relicto
1048 2618 1168 2705 pabulo

109 2739 359 2806 prorumpente
381 2718 505 2783 loribus
519 2718 655 2798 animal,
673 2740 712 2781 ex
736 2716 870 2781 adverso
889 2718 985 2781 Marii
1002 2718 1170 2798 constitit;

110 2834 142 2881 et
159 2818 278 2883 blande
302 2818 469 2883 hominem
491 2820 648 2900 intuitus,
671 2818 939 2904 lucidentumque
960 2816 1102 2897 rudens,
1126 2816 1169 2879 ad

109 2919 250 2983 vicinum
275 2922 398 2983 fontem
421 2920 633 3009 procucurrit.
655 2918 782 2984 Idcirco
798 2920 920 2983 Marius
940 2919 1075 2983 salutem
1092 2939 1169 3004 por·

112 3016 199 3081 tcndi
221 3018 322 3099 latus,
339 3020 480 3085 obserari
492 3022 624 3099 januam
647 3020 808 3101 cubiculi,
826 3035 864 3083 ut
883 3041 918 3083 se
936 3018 1038 3105 quieti
1061 3017 1170 3101 daret,

10 3126 11 3133 ’
108 3118 213 3193 imsit.

10 3344 14 3515 l

153 3218 310 3285 XXXIX.
326 3222 452 3285 Interea
468 3224 669 3311 magistratus
682 3270 691 3302 ,
704 3225 769 3287 sine
784 3243 876 3299 moro
888 3220 928 3282 dc
942 3220 1045 3285 mcdr'o
1057 3220 1172 3285 tollen·

111 3321 187 3383 dwn
205 3342 267 3383 csse
284 3320 433 3402 decreto,
448 3322 617 3387 Cimbrum
634 3320 809 3409 quemdam
823 3320 957 3384 mittunt
971 3318 1013 3385 de
1029 3322 1172 3408 reliquiis

113 3420 259 3485 marianae
280 3422 441 3503 victoriae,
460 3424 516 3510 qui
536 3444 611 3487 eum
627 3422 821 3503 conficeret,
837 3420 928 3509 quod
943 3444 1057 3487 omnes
1075 3424 1171 3512 oppi-

113 3519 187 3583 dani
204 3521 421 3587 misericordia
440 3524 605 3589 clarissimi
622 3524 682 3588 viri
701 3522 823 3587 foedum
839 3520 1009 3587 occidendi
1031 3524 1099 3604 ejus
1117 3526 1174 3588 mi·

115 3622 282 3688 nisterium
306 3624 502 3691 abnuebant.
523 3624 586 3691 Sed
609 3625 682 3705 illc,
705 3623 892 3687 cubiculum
913 3622 1095 3712 ingressus,
1114 3624 1171 3689 ubi

115 3720 250 3785 Marium
277 3746 346 3787 csse
366 3726 535 3813 cognovit,
560 3725 685 3805 abjecto
708 3722 814 3811 gladio
837 3721 1005 3810 profugit,
1034 3724 1172 3787 Marium

10 3906 11 3983 l
146 3940 163 4004 S
177 3942 297 3991 XXXVI.
312 3944 364 3991 liv.
378 3944 443 4007 Epir.
461 3970 493 3979 —-
502 3942 567 3991 Vcll.
577 3944 618 4001 11,
633 3956 673 4003 19.
683 3968 717 3979 -
727 3942 781 3989 Val-
797 3942 866 4015 Mtp.
876 3942 953 3998 VIII,
965 3956 989 3987 a.
1003 3966 1037 3976 -
1049 3939 1174 3989 Plutarclr.

115 4023 175 4089 -S
189 4028 323 4075 XXXVII.
342 4026 463 4105 Plutarch.
476 4026 572 4075 -Val.
586 4028 652 4075 Max.
668 4053 703 4063 ·-
720 4024 737 4089 5
753 4024 901 4073 XXXVIII.
911 4022 967 4069 vn.
980 4024 1047 4072 Max.
1059 4025 1085 4077 1,
1101 4023 1124 4068 5.
1139 4048 1173 4059 -

117 4106 236 4155 Plutarch.
