2875 4900
321 403 375 474 IN
405 402 516 472 LOG.
542 401 635 470 LlB.
663 403 753 471 CXI
784 401 999 471 LIVIANI.
1123 397 1192 495 745

124 539 264 606 eentum
273 521 496 586 Antiochiaein
506 521 598 612 Syria
605 522 674 604 bis3
688 522 841 610 idemque
849 521 967 587 accidit
975 522 1192 588 Ptolemaide:

125 641 158 691 et
168 625 329 690 Trallibus
340 623 380 688 ad
392 639 530 690 statuam
540 625 690 706 Caesaris,
702 647 776 713 quae
789 622 937 688 dedicata
947 625 981 688 in
996 625 1073 690 lano
1083 625 1195 689 Victo·

124 725 180 790 rice
196 725 320 801 luerat,
337 747 405 790 non
431 746 470 788 ex
491 723 612 808 humo,
634 725 691 791 sed
711 748 752 790 ex
770 724 856 789 duro
875 740 909 790 et
928 742 1030 791 strato
1050 727 1194 792 silicibus

124 825 215 907 solo,
229 825 335 914 palma
353 823 578 914 magnitudine
596 843 723 891 matura
740 842 834 892 enata
845 842 895 891 est
907 847 916 890 :
930 842 964 891 et
976 827 1142 918 Pergami,
1159 829 1193 891 in

125 928 247 1016 templo
263 927 371 994 Liberi
387 927 503 1014 patris,
517 927 551 992 in
564 927 718 994 interiore
730 927 925 1017 paneadis,
938 945 1132 1018 quopraeter
1144 951 1195 994 sa·

125 1027 271 1094 cerdotes
293 1028 399 1095 aditus
420 1044 469 1093 est
490 1029 631 1111 nemini,
651 1045 885 1118 tympanorum
906 1030 1196 1118 cymbalorumque

126 1132 252 1197 sonitus
265 1132 444 1219 increpuit:
463 1131 556 1196 Elide
572 1131 609 1194 iu
626 1133 750 1221 templo
761 1133 916 1197 Minervas
928 1133 1138 1196 simulacrum
1150 1133 1198 1198 ri·

127 1234 255 1316 ctoriae,
272 1232 365 1324 quod
380 1233 534 1298 Minervae
543 1233 638 1324 signo
649 1232 824 1298 obversum
836 1233 961 1316 luerat,
976 1255 1010 1299 se
1026 1234 1197 1317 convertit,

125 1335 296 1422 valvasque
311 1335 423 1422 templi
438 1334 588 1422 respexit.

171 1436 305 1500 LXXII.
326 1435 390 1500 Sed
408 1435 490 1500 nihil
507 1435 706 1524 expressius,
727 1455 826 1522 quam
843 1432 936 1521 quod
953 1457 971 1499 e
987 1434 1153 1522 municipe
1165 1451 1199 1499 et

127 1537 274 1602 familiari
291 1558 353 1600 suo
371 1537 407 1601 C.
429 1536 580 1601 Cornelio
599 1533 749 1600 auditum
768 1534 878 1599 Livius
899 1534 1043 1600 tradidit.
1066 1538 1098 1601 Is
1114 1535 1198 1601 forte

128 1638 276 1704 sacerdos
295 1638 417 1704 Patavii
436 1653 506 1702 tum
528 1661 661 1726 operam
683 1636 821 1727 augurio
842 1635 960 1719 dabat3
981 1660 1103 1725 quum,
1122 1639 1198 1704 risis

128 1740 242 1806 avibus
253 1739 435 1821 nonnullis,
451 1740 652 1804 raticinantis
663 1739 696 1803 in
710 1737 865 1819 modum,
877 1737 1025 1825 praelium
1038 1739 1198 1804 committi

129 1841 322 1908 confirmare
341 1840 552 1930 praesentibus
568 1841 686 1930 coepit:
710 1839 864 1927 idemque
882 1854 958 1927 post
975 1839 1074 1927 paulo
1089 1840 1200 1906 videre

129 1943 280 2010 cedentes
301 1944 398 2026 alios,
414 1943 494 2008 alios
511 1959 683 2033 urgentes,
703 1941 892 2030 variamque
908 1941 1075 2006 fortunam
1094 1958 1127 2005 et
1147 1944 1199 2007 in·

129 2047 360 2111 staurationem
374 2067 506 2136 pugne,
517 2045 648 2110 tandem
666 2044 815 2109 exsiliens
833 2041 1198 2126 exclamavit‚«Vincis‚

131 2177 144 2203 ι
154 2148 258 2211 Caesar
266 2177 279 2202 s
287 2170 296 2227 ;
305 2145 563 2232 mirantibusque
575 2160 609 2209 et
619 2143 716 2209 fidem
726 2143 881 2208 adhibere
891 2143 1062 2225 cunctatis,
1069 2142 1201 2232 dempta

130 2247 172 2313 de
192 2248 296 2336 capite
316 2270 453 2329 corona,
466 2247 1199 2342 «Hanc,inquit‚nonanteresumam‚quam

132 2350 249 2414 -certis
261 2348 384 2413 nuntiis
396 2348 607 2437 comprobata
617 2347 784 2437 praedictio
793 2347 1017 2412 testimonium
1027 2347 1201 2436 praebuerit

131 2453 214 2516 :arti
226 2484 248 2516 ι.
266 2452 308 2515 Et
330 2466 394 2515 tam
418 2466 528 2516 exacte
548 2450 791 2540 responderunt
807 2437 935 2533 omnia,
956 2467 994 2515 ut
1013 2474 1081 2515 non
1099 2450 1200 2515 modo

131 2554 231 2643 prmlii
252 2568 398 2642 tempus,
418 2553 475 2619 sed
494 2575 626 2619 omnem
646 2551 903 2618 vicissitudinem
920 2551 1103 2642 pugnandi,
1118 2553 1200 2617 vati-

132 2656 270 2721 cinantis
282 2656 417 2720 vocibus
431 2671 463 2720 et
477 2671 572 2720 motu
586 2676 769 2743 expressam
782 2653 881 2718 fuisse
894 2667 1066 2717 constaret.

168 2840 184 2907 s
197 2843 288 2891 txxl.
298 2842 356 2891 Dio.
366 2868 402 2880 -
410 2838 474 2893 Cu.
485 2870 520 2881 -
533 2842 599 2893 Plut.
609 2868 645 2880 -
659 2842 711 2896 sul.
721 2842 813 2906 Obreq.
825 2868 861 2880 -
877 2840 894 2906 S
906 2842 1011 2891 tam.
1024 2842 1077 2890 Lir.
1088 2868 1123 2879 -
1135 2840 1200 2891 rtur.

133 2952 167 2963 -
177 2924 256 2989 Agell.
269 2926 327 2985 XV,
343 2928 383 2976 rs.
393 2953 429 2963 -
440 2926 498 2975 Dio.
512 2954 546 2963 —
559 2924 611 2975 sul.
620 2924 711 2991 Obreq.
722 2952 755 2962 -
763 2926 919 2984 tomvn,
931 2940 990 2989 ¹9².-
