2875 4900
193 448 248 516 IN
275 446 387 515 LOC.
416 446 511 514 LIB.
537 446 741 532 Lxxxlx
770 446 985 517 leltttl.
1059 448 1125 545 195

82 568 176 649 Quum
192 568 237 631 ita
251 582 408 631 renactm
425 566 460 629 in
474 565 614 630 Siciliam
628 582 728 647 esset,
745 582 896 649 caeteros,
915 568 973 657 qui
992 568 1126 649 judieui

82 668 172 733 hostes
192 683 300 750 erant,
322 690 392 732 non
410 666 569 731 admissos
585 667 620 732 in
636 684 849 755 conspectum
862 669 1038 759 Pompeius
1051 671 1128 739 duni

79 770 172 851 jussit3
188 770 220 833 iu
236 769 388 833 Carbone
406 768 494 831 visus
514 784 564 832 est
583 790 619 831 se
636 768 772 857 gessisse
791 770 1002 854 insolentius,
1022 796 1126 860 quum

80 868 112 933 ad
124 870 214 959 pedes
229 894 308 935 suos
327 870 396 935 sisti
415 869 563 933 vinetum
580 868 712 949 juberet
731 884 780 933 ter
799 871 985 951 consulem,
1005 888 1040 935 et
1059 873 1128 963 ipse

81 994 128 1058 pto
140 973 288 1037 tribunali
308 972 424 1037 acerbe
441 971 477 1034 in
496 994 573 1035 eum
593 970 741 1035 invectus
759 970 920 1059 (multum
937 972 1129 1065 indignante

81 1092 198 1155 torona,
214 1096 288 1161 quae
301 1072 393 1137 hunc
405 1072 601 1136 acerrimum
616 1072 764 1161 pueritiae
781 1072 945 1163 Pompeii,
961 1098 1003 1139 ne
1017 1094 1127 1168 pater·

81 1172 119 1234 nis
134 1174 224 1238 bonis
242 1173 454 1263 spoliaretur,
475 1172 681 1237 defensorem
701 1175 800 1239 fuisse
821 1178 1034 1266 meminerat)
1054 1198 1128 1269 post

80 1287 132 1337 un
145 1298 236 1363 grave
251 1274 433 1341 ludibrium
448 1274 569 1339 abduci
584 1274 627 1339 ad
642 1276 839 1365 supplicium
855 1278 1038 1367 imperaret.

113 1374 161 1439 lv.
176 1376 236 1441 llic
252 1376 359 1442 exitus
376 1375 535 1441 Carbonis
553 1376 632 1460 fuit,
649 1376 707 1464 qui
726 1392 775 1441 tot
792 1378 826 1443 in
843 1380 932 1445 Urbe
945 1396 978 1445 et
991 1404 1051 1471 per
1063 1384 1128 1447 lta·

79 1473 137 1539 liam
154 1476 235 1542 iuda
256 1494 459 1566 cruentaque
478 1477 624 1542 facinora
640 1479 776 1561 lecerat,
795 1502 862 1545 non
878 1483 993 1547 merita
1008 1484 1127 1573 magis,

80 1598 160 1663 qnam
178 1578 350 1644 formidata
372 1594 478 1643 morte
499 1578 666 1644 deformis.
690 1580 754 1644 Ubi
778 1582 866 1645 enim
889 1581 1038 1673 distringi
1059 1568 1127 1675 gia·

80 1676 152 1743 dium
161 1680 258 1764 vidit,
269 1680 445 1761 simulans,
460 1680 522 1745 sibi
535 1680 645 1745 alvum
657 1680 806 1769 purgari,
820 1682 930 1747 locum
942 1699 975 1747 et
987 1685 1127 1772 spatium

80 1776 196 1845 demissa
207 1798 240 1847 et
251 1780 352 1846 flebili
360 1803 441 1846 noce
453 1782 656 1847 muliebriter
665 1782 778 1871 petiit,
793 1782 1045 1873 miserrimeque
1054 1786 1127 1851 ritae

79 1878 188 1946 brevem
203 1906 339 1948 usuram
352 1882 477 1971 rapuit,
494 1881 602 1947 donec
616 1899 715 1971 eaput
727 1884 761 1947 in
775 1883 909 1948 sordido
922 1885 996 1949 loco
1010 1886 1128 1951 seden·
1224 1882 1229 1895 ⁸

79 1982 111 2045 tis
129 1984 300 2075 impatiens
321 2005 421 2047 morse
446 1983 539 2047 miles
561 1981 749 2048 demeteret.
773 1982 813 2049 Id
835 1984 1013 2071 Pompeius
1041 1984 1130 2049 misit

79 2084 215 2169 Romam,
231 2104 271 2152 ut
288 2086 401 2150 oculos
414 2084 513 2149 Sullae
525 2083 591 2149 hoc
605 2082 790 2175 spectaculo
806 2098 960 2171 pasceret.
980 2084 1042 2149 Per
1056 2106 1130 2151 eos·

79 2182 139 2250 dem
158 2186 224 2253 dies
241 2190 287 2271 Q.
296 2186 417 2251 Valerii
437 2185 553 2251 Sorani
573 2185 637 2250 iata
655 2184 943 2273 reprehensionem
965 2184 1130 2275 Pompeii,

78 2301 105 2348 et
117 2287 370 2378 indignationem
385 2286 560 2351 bominum
580 2284 769 2351 habuerunt
788 2308 796 2349 ε
815 2306 914 2373 quem
932 2285 1129 2370 adductum,

79 2388 141 2476 quia
156 2390 387 2480 peritissimum
408 2387 621 2454 humanitatis
636 2402 669 2452 et
685 2388 865 2476 primarum
883 2387 1050 2456 literarum
1068 2410 1130 2454 no-

79 2509 167 2575 verat,
183 2493 321 2558 comiter
338 2514 405 2557 una
419 2490 647 2572 deambulans,
662 2487 704 2554 de
715 2488 827 2554 multis
838 2489 935 2554 rebus
948 2489 1130 2582 interroga·

38 2658 39 2681 ,
79 2591 132 2674 rit3
145 2615 232 2678 mox,
245 2595 323 2675 ubi,
335 2615 407 2682 quae
416 2593 581 2672 voluerat,
595 2591 692 2656 etiam
705 2611 861 2656 areanum
870 2591 982 2654 Romae
991 2613 1130 2674 nomen,

80 2695 198 2782 aceepit,
211 2694 320 2782 abripi
332 2717 351 2757 e
362 2707 541 2782 eonspectu
551 2693 677 2774 virum,
692 2691 911 2780 trucidarique
925 2691 1030 2772 jussit
1079 2735 1082 2744 .

112 2792 148 2860 V.
162 2796 323 2860 Caeterum
339 2794 403 2858 hoc
418 2809 620 2881 postremum
637 2793 679 2858 de
697 2793 855 2880 Pompeio
873 2793 914 2875 Q.
927 2793 1056 2881 Oppius
1072 2809 1133 2858 tm·
1169 2799 1173 2812 '

81 2889 162 2977 didit,
178 2897 357 2963 deusne
374 2895 517 2977 amicus,
537 2910 576 2959 ut
589 2892 711 2981 aliquid
729 2891 806 2957 odio
821 2891 948 2958 dedisse
964 2891 1130 2958 videatur:

82 3015 141 3060 mm
154 2999 349 3088 Pompeius,
365 2998 413 3062 uti
429 2996 610 3085 praecipuos
624 2995 833 3060 inimicorum
847 2993 958 3074 Sullas,
975 3009 1008 3057 et
1026 2993 1132 3081 palam

82 3095 188 3165 oblatos
200 3101 356 3190 uestigare
367 3119 538 3162 necessum
549 3096 682 3176 babuit,
701 3096 745 3158 ita
757 3115 818 3157 nec
829 3092 948 3180 cupide
963 3091 1134 3180 requisivit

82 3194 215 3284 latentes,
229 3219 264 3266 et
277 3198 474 3289 quibusdam
490 3195 670 3288 effugiendi
684 3195 762 3258 fecit
773 3208 977 3282 potestatem.
988 3191 1133 3275 Deinde,

84 3300 145 3382 quia
156 3300 278 3366 bellum
292 3301 358 3380 jam
375 3300 503 3364 nullum
519 3299 554 3362 in
572 3296 680 3364 Sicilia
695 3311 880 3383 supererat,
896 3317 1008 3360 versus
1025 3293 1067 3362 ad
1082 3317 1133 3360 res

84 3395 177 3466 insule
187 3399 448 3491 componendas,
456 3402 576 3488 jusque
587 3396 780 3478 dicendum,
792 3394 884 3462 valde
897 3399 1051 3464 recrearit
1060 3422 1135 3487 pro·

83 3496 215 3583 vinciam,
222 3504 327 3568 solers
341 3500 428 3567 idem
440 3513 473 3567 tt
481 3501 691 3588 incorruptus
701 3497 911 3588 publicorum
923 3501 1137 3587 privatorum·
1209 3533 1215 3540 ¹

85 3617 137 3682 que
151 3603 355 3694 negotiorum
371 3601 532 3693 oognitor.
550 3601 634 3683 Qun
656 3621 709 3664 res
727 3621 767 3664 eo
784 3600 906 3689 gratior
924 3599 1038 3668 Siculis
1054 3604 1136 3690 luit,

85 3702 161 3783 quod
173 3707 283 3772 multis
297 3705 365 3786 jam
383 3704 477 3770 annis
494 3704 548 3786 jus
564 3703 689 3771 dictum
705 3701 739 3766 in
754 3724 790 3768 ea
808 3701 913 3767 insula
932 3725 1001 3768 non
1019 3707 1136 3772 memi-

86 3818 193 3870 nerant.

113 3947 948 4024 §ntuppuu-Vatttmmtutx,1³.-0r0·.-t³tn.-
957 3953 1022 4003 Flos.
1033 3955 1083 4014 111,
1093 3971 1136 4006 ar.

88 4057 115 4070 “
129 4035 193 4101 §IV-
204 4042 301 4092 Sallust.
312 4045 404 4091 lesen.
418 4058 440 4089 1.
456 4066 492 4079 -
504 4041 570 4089 Plnt.
579 4041 857 4100 -v·1.ttn.vt,2,
871 4039 897 4086 8.
906 4063 941 4074 -
955 4037 1008 4084 ttv.
1021 4037 1087 4103 spis.
1104 4068 1138 4094 -,-

89 4117 221 4186 Ἧὴ-
234 4127 298 4176 nor.
310 4124 757 4191 -§v.etiu111,s.-sotiu.e.
771 4140 794 4171 1.
808 4149 840 4161 -
852 4119 1136 4183 horontianum,

89 4213 109 4258 b
120 4229 148 4241 —
159 4209 218 4260 etus
227 4213 312 4278 Pomp.
323 4223 349 4260 et
359 4211 455 4274 Queat.
464 4211 537 4258 Rom.
550 4225 573 4258 e.
585 4208 627 4258 bo.
636 4235 670 4247 -
680 4205 756 4256 Diod.
769 4203 870 4270 sp.th.
879 4229 915 4241 -
924 4203 1012 4254 butt.

903 4295 962 4366 13.
