2875 4900
239 399 294 467 IN
325 398 438 467 Loc.
465 398 561 464 ΜΒ.
589 395 700 462 xcll
728 396 944 463 lelle.
1053 400 1128 490 249

74 517 211 605 portendi
228 517 396 581 simoniam
410 516 656 603 interpretatus,
672 515 827 601 quoniam
841 514 902 579 illc
917 530 1022 601 portes
1038 516 1123 579 sole-

74 635 133 681 rent
150 618 264 683 hostili
285 617 442 706 sanguine
466 616 630 679 mactrlari.
655 608 859 679 Confirmatis
880 616 979 704 igitur
1002 618 1123 703 copiis,

74 720 218 791 continua
237 719 268 783 ei
280 718 385 807 prelis
399 740 477 783 cum
494 738 647 782 successu
663 716 808 781 fuerunt.
828 718 918 781 Inter
935 740 1007 805 quse
1024 718 1124 781 Pom-

74 822 201 907 pduma
212 820 367 885 Pallantia
383 819 566 900 submovit,
583 816 666 883 adeo
680 818 778 882 rebus
795 817 1002 881 obsessorum
1016 832 1123 881 extre-

75 924 138 998 mis,
159 938 200 985 ut
216 921 355 986 suffoma
367 921 485 985 moenia
497 921 709 1007 trabibusque
724 920 898 1001 suffulta,'
890 920 1029 983 incensis
1043 920 1130 1000 illis,

74 1022 257 1110 Pompeiani
271 1020 519 1086 subruerent.

108 1124 196 1189 XXI.
211 1124 395 1187 sertorius
387 1138 567 1187 instaurato
573 1122 877 1210 ,quodccciderat,
897 1123 1060 1211 rebusque
1072 1146 1129 1187 nc·

73 1224 207 1289 cessariis
220 1224 304 1289 urbe
323 1224 466 1306 munita,
483 1224 667 1313 Calagurim
685 1222 867 1313 profectus,
889 1224 998 1287 subito
1017 1224 1051 1287 in
1074 1246 1126 1287 cs-

27 1395 32 1413 ,
73 1342 126 1389 stra
145 1325 369 1391 obsidentium
384 1327 526 1414 impetu,
550 1324 592 1389 ad
614 1325 866 1389 tria-hominum
885 1324 981 1388 millia
998 1323 1125 1388 delevit.

73 1428 240 1515 Pompeius
251 1426 293 1491 ad
301 1427 469 1493 Metellum
479 1450 515 1491 se
523 1442 703 1513 receperat,
714 1426 771 1512 qui
783 1424 1008 1511 frequentibus
1020 1426 1128 1488 incur·

73 1523 211 1593 sionibus
234 1529 339 1593 socias
355 1529 489 1594 Sertorii
507 1528 652 1593 civitates
671 1525 835 1605 vexando,
858 1526 970 1591 excisis
991 1526 1127 1591 castellis

72 1647 161 1717 atque
174 1630 322 1719 oppidis,
338 1630 459 1697 incolas
472 1630 507 1693 in
525 1650 667 1693 romanae
683 1627 816 1692 ditionis
837 1628 906 1691 locs
926 1627 1126 1715 deportabat:

73 1730 152 1795 llum
166 1732 213 1795 ita
228 1730 314 1795 inter
333 1754 487 1797 romanos
500 1730 617 1810 duces,
636 1730 699 1794 illis
714 1727 757 1793 ad
769 1728 1012 1817 populationem
1030 1750 1126 1817 agm-

74 1855 156 1913 rum,
179 1832 232 1895 bis
254 1831 297 1897 ad
318 1832 451 1897 urbium
476 1830 599 1896 excidia
620 1830 802 1910 conversis,
826 1828 935 1893 aliems
959 1826 1128 1893 discordie

73 1956 173 2019 poenas
192 1934 311 1997 misera
325 1932 382 1997 dat
394 1933 563 2020 Hispania,
580 1954 623 1995 ne
641 1931 774 1995 urbane
787 1928 921 2017 quidem
935 1950 985 1992 ras
1002 1926 1127 1991 dissen-

73 2034 157 2098 sione
178 2058 217 2099 ac
233 2035 428 2099 tumultibus
448 2049 644 2113 camernnt3
663 2054 803 2097 annonae
825 2030 1000 2120 presertim
1019 2029 1129 2117 inopia

74 2136 211 2200 lusorem
228 2136 331 2223 plebis
344 2158 449 2225 usqne
463 2134 505 2200 ad
519 2135 640 2199 summi
655 2134 782 2222 imperii
795 2148 1036 2221 contemptum,
1052 2152 1131 2195 con·
1193 2148 1199 2163 ’

73 2239 210 2326 sulisque
224 2239 409 2326 pericnlum
423 2238 659 2302 exstimulante.

111 2340 219 2403 xxll.
235 2338 335 2421 Quod
348 2340 424 2426 quia
438 2362 506 2403 non
520 2338 668 2419 aliunde,
683 2361 783 2425 quam
796 2360 834 2401 ex
848 2338 994 2401 oratione
1006 2340 1042 2401 C.
1056 2336 1132 2401 Cot·

75 2454 109 2500 tae
121 2438 274 2528 cognosci
286 2455 409 2527 potest,
428 2463 536 2528 operm
551 2440 692 2529 pretium
707 2438 908 2528 putarimus,
925 2438 1129 2527 quibusoam

74 2540 172 2604 serbis
196 2541 367 2605 Sallustius
394 2543 491 2606 tertio
516 2543 732 2608 ilistoriarum
760 2541 844 2608 libro
866 2559 1033 2631 posucrat,
1064 2543 1131 2607 huc

75 2643 248 2707 transcribi.
262 2643 389 2707 ablulta
409 2643 490 2706 mibi
512 2644 653 2732 pericula
678 2644 785 2724 domi,
805 2643 926 2708 militia
948 2645 1049 2709 multa
1074 2643 1132 2720 ad-

77 2765 179 2808 werra
196 2744 307 2825 suere,
323 2745 467 2827 Quirites
480 2769 490 2809 r
505 2767 647 2832 quorum
661 2747 722 2812 alia
737 2746 883 2828 toleravi,
897 2748 1014 2834 purtim
1026 2743 1129 2833 repuli

76 2841 228 2908 ¹deornm
240 2845 384 2926 auxiliis,
402 2845 566 2910 strictum
581 2843 673 2928 mea3
688 2849 723 2910 in
742 2847 835 2934 queis
851 2848 1132 2933 omnibus·.neque

78 2947 219 3010 uenimus
242 2946 376 3034 negotio
394 2945 514 3026 deluit,
536 2967 642 3034 noque
665 2946 800 3014 decretis
820 2949 911 3013 lshos
929 2969 936 3011 :
954 2948 1062 3027 mala,
1081 2963 1131 3010 sc-

80 3046 273 3134 ·cundscqua
294 3069 365 3127 res,
390 3069 470 3136 opes
492 3069 560 3110 non
584 3049 753 3136 ingenium
781 3049 860 3112 mihi
884 3047 1062 3112 mutabant.
1088 3049 1131 3110 At

80 3165 203 3213 =cnntra
221 3151 256 3212 in
273 3150 324 3213 his
343 3149 479 3213 miseriis
496 3168 615 3214 maneta
630 3170 683 3214 me
697 3171 775 3215 cum
791 3151 923 3214 sormna
938 3149 1129 3214 deseruere:

81 3267 244 3335 «matam
261 3266 427 3332 senectus,
445 3271 505 3339 per
516 3251 683 3341 scgnris,
696 3271 809 3316 curam
828 3251 988 3340 duplicat,
1003 3243 1055 3314 orsi
1069 3250 1133 3312 mi-

82 3371 182 3433 ·scm,
197 3369 269 3416 acts
283 3353 350 3433 jsm
369 3367 477 3431 reuse,
497 3373 540 3417 nc
561 3368 700 3416 mortem
716 3353 849 3440 quidem
869 3352 1039 3416 honestam
1058 3367 1133 3438 spe-

82 3475 162 3518 ¹⁸rure
175 3453 263 3519 licet

101 3602 103 3607 -
119 3556 237 3620 XXIII.
256 3555 362 3619 ιΝαω
380 3557 409 3618 si
424 3554 582 3644 parricida
595 3555 694 3619 vestri
709 3571 802 3636 sum,
822 3569 854 3618 ct
866 3554 915 3618 bis
932 3554 1061 3644 genitus
1079 3551 1133 3617 hie

84 3653 171 3720 «deos
187 3657 324 3720 Penates
344 3675 456 3738 moos,
474 3658 694 3745 patriamque,
715 3673 749 3720 ct
769 3674 935 3720 summum
959 3655 1133 3744 imperinm

87 3757 165 3820 ¹vilis
184 3759 309 3841 habeo3
332 3759 406 3845 quia
421 3759 502 3823 mihi
517 3760 593 3823 vivo
613 3759 776 3823 cruciatus
797 3759 873 3824 satis
894 3759 965 3823 est?
983 3773 1039 3822 aut
1060 3775 1134 3844 qne

87 3877 187 3939 ¹poena
204 3859 364 3925 mortuo?
377 3879 482 3948 quum
498 3863 608 3925 omnis
621 3877 801 3926 memor-stc
815 3862 902 3949 spud
918 3861 1038 3924 inlesos
1054 3879 1134 3946 sup-

115 4079 194 4143 5¹1.
202 4087 252 4133 Ju-
263 4085 354 4149 cinq.
374 4113 408 4122 -
422 4088 506 4137 sioni.
516 4089 543 4145 1,
555 4103 596 4136 ια.
614 4117 649 4125 -
664 4089 772 4153 Appiis.
785 4087 848 4152 -s
867 4087 938 4137 xxi.
953 4087 1015 4134 sior,
1027 4084 1075 4134 ιιι.
1091 4099 1133 4130 2².

90 4186 114 4196 -
125 4164 141 4226 S
151 4167 233 4217 ΠΗ.
244 4169 342 4220 Sallust.
357 4173 448 4219 tuens.
