2875 4900
273 310 342 397 584
438 312 507 380 JO.
539 310 886 381 FREINSHEMII
921 308 1164 379 SUPPLEM.

270 434 421 516 adjutus,
444 430 666 520 nequidquam
686 430 962 496 tumultuantibus
980 428 1189 511 adversariis,
1216 431 1339 495 Urbem

271 534 474 623 triumphans
490 532 573 598 iniit.
592 532 731 614 Majores
748 535 784 595 in
806 530 919 597 eadem
939 532 1043 596 Gallia
1061 555 1113 596 res
1125 531 1242 597 iisdem
1258 548 1340 597 tem·

271 636 408 725 poribus
432 636 468 699 C.
495 636 600 699 Caesar
615 634 764 723 gerebat,
786 634 983 698 Eburonum
1004 632 1182 697 rebellione
1196 632 1340 709 excitus,

271 738 346 824 qui,
366 735 491 799 nuntiis
509 734 727 799 Indutiomari
742 735 865 799 Treviri
883 734 1145 823 impellentibus,
1162 734 1248 799 duce
1263 737 1339 799 Am·

271 838 395 927 biorige
417 838 453 901 L.
477 836 738 901 Aurunculeium
762 837 910 916 Cottam,
935 836 977 917 Q.
994 834 1160 899 Titurium
1182 834 1341 899 Sabinum

270 940 391 1029 legatos
408 938 541 1002 Caesaris
560 959 636 1001 cnm
649 936 841 1002 cohortibus
857 936 1058 1002 occiderunt.
1070 934 1110 1000 ld
1122 935 1341 1001 infortunium

271 1041 367 1129 culpa
384 1055 483 1129 atque
501 1037 682 1103 temeritate
701 1039 743 1120 Q.
763 1038 882 1103 Titurii
904 1036 1039 1121 accidit3
1057 1060 1124 1125 quo
1139 1038 1340 1126 impellente,

271 1156 374 1205 castra
386 1140 522 1204 feliciter
533 1134 664 1203 defensa
680 1140 885 1227 reliquerunt
900 1139 1035 1221 milites,
1049 1137 1092 1203 ad
1105 1139 1256 1227 proxima
1266 1162 1340 1204 suo·

272 1265 346 1306 rum
362 1241 498 1309 hiberna
510 1240 691 1305 transituri.
911 1294 917 1301 ,

314 1344 405 1409 ΧΙΗ.
428 1340 512 1407 Nam
528 1340 739 1407 fraudulento
751 1341 855 1407 hostis
870 1342 1006 1406 consilio
1020 1340 1252 1423 crediderunt,
1263 1342 1340 1407 ami·

271 1466 347 1507 cum
367 1466 401 1509 se
423 1442 576 1524 ferentis,
594 1465 701 1530 neque
722 1459 839 1531 sponte
851 1442 893 1507 ad
909 1442 1128 1533 oppugnanda
1144 1460 1250 1508 castra
1273 1465 1342 1532 pro·

272 1546 415 1627 lectum,
431 1542 489 1609 sed
511 1544 588 1633 quia
605 1542 775 1609 Gallorum
793 1545 941 1609 omnium
965 1566 1003 1609 ea
1020 1558 1105 1609 esset
1123 1544 1339 1633 conspiratio,

273 1648 327 1711 cui
345 1647 414 1734 ipse
435 1668 502 1713 non
519 1660 629 1734 posset
643 1644 812 1711 resistere:
833 1644 1083 1732 inveniebatque
1100 1641 1200 1709 fidem
1220 1668 1263 1709 ex
1285 1666 1341 1723 eo,

273 1746 363 1833 quod
378 1762 564 1837 contempta
576 1762 609 1811 et
619 1745 774 1835 ignobilis
789 1746 985 1814 Eburonum
1000 1746 1127 1828 civitas,
1141 1746 1224 1811 nibil
1237 1768 1299 1833 per
1308 1766 1340 1809 se

272 1863 467 1914 attentatum
481 1848 668 1931 videbatur,
686 1849 749 1912 nisi
762 1848 908 1936 plurium
921 1863 955 1912 et
967 1848 1211 1937 opulentiorum
1224 1846 1340 1911 fiducia

273 1965 462 2015 armaretur.
481 1948 669 2031 Ambiorix,
692 1949 755 2015 hac
776 1948 912 2014 victoria
933 1948 1106 2037 multoque
1126 1970 1208 2012 aum
1231 1971 1275 2013 ex
1294 1947 1339 2011 di·

273 2052 422 2141 ceptione
442 2065 623 2115 castrorum
638 2051 780 2140 potitus,
797 2051 905 2116 statim
926 2073 1004 2115 eum
1023 2050 1170 2139 equitatu
1182 2050 1224 2129 ¹in
1240 2052 1340 2115 Atua-

273 2152 374 2234 ticos,
396 2150 514 2217 deinde
536 2152 569 2215 in
593 2150 731 2217 Nervios
750 2152 919 2242 pervenit,
940 2150 999 2216 ubi
1021 2150 1157 2241 legionis
1174 2152 1276 2215 nnius
1294 2151 1339 2213 bi·

272 2254 374 2319 berna
397 2269 497 2319 erant.
522 2252 575 2318 Ad
595 2253 665 2318 haec
686 2251 901 2343 expugnanda
926 2275 1038 2317 omnes
1060 2252 1097 2315 hi
1118 2252 1254 2340 populi,
1277 2251 1340 2316 aliis

273 2377 407 2442 quoque
428 2353 542 2419 vicinis
565 2352 715 2436 adjectis,
735 2376 851 2445 magna
875 2376 951 2418 cum
974 2352 1183 2419 multitudine
1201 2370 1339 2420 armato·

276 2479 350 2521 rum
367 2472 585 2522 accesserunt.

318 2558 406 2622 XIV.
430 2556 582 2622 Hibernis
608 2559 650 2640 Q.
678 2560 792 2624 Cicero
816 2576 968 2649 praeerat,
994 2581 1101 2647 neque
1126 2557 1208 2622 dum
1232 2557 1340 2622 andito

275 2657 394 2722 Titurii
418 2680 513 2742 casu,
527 2681 659 2724 uacuus
682 2661 779 2726 curis.
799 2662 914 2749 Itaque
936 2660 1053 2725 milites
1070 2659 1245 2742 nonnulli,
1264 2679 1340 2748 qnos

274 2760 459 2850 lignationis
483 2760 742 2850 munitionisque
760 2783 855 2826 causa
872 2761 908 2824 in
924 2761 1017 2826 silvas
1033 2759 1220 2842 dimiserat,
1236 2761 1340 2824 subito

274 2862 419 2926 bostium
435 2860 579 2927 adventu
593 2878 671 2926 sunt
685 2863 820 2951 excepti.
835 2863 922 2928 Hinc
936 2876 1117 2927 castrorum
1129 2884 1189 2949 per
1199 2863 1340 2950 complu·

275 2985 326 3026 res
345 2961 413 3026 dies
436 2963 626 3028 continuata
643 2963 862 3054 oppugnatio,
881 2962 939 3028 sed
959 2985 1087 3028 summa
1109 2963 1232 3028 virtute
1254 2965 1340 3027 Cice·

278 3065 366 3128 ronis
390 3080 423 3128 et
444 3064 583 3130 militum
606 3064 716 3132 hostes
743 3065 882 3153 repulsi,
906 3063 1013 3129 donec
1034 3063 1219 3128 Verticonis
1238 3061 1339 3129 Nervii

279 3163 365 3232 fideli
381 3187 478 3252 opera
495 3164 594 3252 (nam
608 3167 634 3230 is
648 3189 741 3230 servo
755 3187 816 3230 suo
832 3164 957 3254 magnis
971 3163 1111 3253 praemiis
1127 3179 1340 3253 persuaserat,

278 3281 316 3328 ut
340 3266 446 3330 literas
473 3267 650 3356 perferret)
675 3269 801 3349 Caesar,
828 3267 1042 3356 presentibus
1066 3267 1165 3332 rebus
1189 3267 1339 3356 cognitis,

277 3388 464 3430 succurrere
480 3369 736 3454 periclitantibus
760 3369 879 3458 potuit.
897 3371 934 3434 -ls
956 3368 1057 3456 igitur
1075 3367 1169 3431 solita
1188 3369 1340 3433 celeritate

278 3488 353 3530 cum
369 3466 552 3556 legionibus
570 3469 716 3554 duabus,
733 3471 810 3557 quia
824 3470 1005 3536 Labienum
1020 3469 1165 3551 lieviri,
1182 3492 1263 3534 cum
1277 3490 1340 3534 om·

278 3566 375 3630 nibus
391 3567 492 3654 copiis
513 3569 554 3634 ad
570 3572 638 3650 ejus
656 3573 791 3637 hiberna
809 3572 967 3660 profecti,
985 3571 1190 3654 retinebant,
1209 3571 1246 3635 in
1266 3573 1340 3636 Ner·

277 3668 347 3734 rios
356 3667 541 3754 contendit,
556 3671 799 3761 adventumque
810 3695 908 3738 suum
920 3673 1070 3738 Ciceroni
1080 3695 1184 3761 graeca
1194 3672 1339 3760 epistola,

311 3889 401 3953 sxtl.
415 3888 466 3937 Cic.
485 3889 518 3936 ad
534 3892 566 3952 Q.
584 3889 649 3938 fratr.
669 3892 723 3951 111,
746 3900 775 3949 4,
795 3904 820 3940 et
839 3891 870 3939 ad
885 3891 971 3941 Famil.
992 3893 1040 3951 111,
1062 3907 1103 3940 to.
1124 3917 1160 3928 -
1180 3887 1338 3939 eumin

276 3977 339 4026 [lars.
356 3999 391 4009 -
409 3972 638 4028 ni0‚1ih.xt..-
653 3974 717 4024 Flos.
732 3977 783 4034 111,
799 3991 837 4024 ro.
855 4003 889 4013 -—
908 3975 1041 4035 omavt,
1057 3990 1096 4023 to.
1111 4001 1147 4012 -
1165 3974 1219 4022 Liv.
1232 3973 1294 4038 Epit.
1308 3994 1338 4006 -

276 4056 338 4107 Ces.
351 4056 380 4104 tlc
393 4057 420 4104 B.
431 4055 530 4105 Gallv.
