2875 4900
320 445 390 533 452
430 446 708 517 susumus.
731 448 867 517 suet.
888 450 941 519 IN
967 452 1083 522 LOC.
1103 452 1199 522 LIB.
1217 452 1297 523 CII.

319 575 349 639 ei
369 572 507 637 honoris
527 570 569 635 ab
589 570 716 659 optimo
733 590 868 658 quoque
888 570 1033 635 delamm
1050 587 1109 638 est.
1125 576 1207 639 Cato
1224 592 1309 640 certe
1324 598 1376 664 pro

317 675 496 757 concione,
512 670 632 737 deinde
650 672 692 755 Q.
705 671 840 735 Catulus
854 670 1121 761 frequentissimo
1135 681 1266 759 sen'atu,
1275 700 1378 767 pren·

317 790 380 843 tem
392 778 513 866 patriae
529 774 761 855 nominaruut3
779 796 864 855 non,
881 790 920 838 ut
937 792 1051 863 postea
1069 779 1210 843 Caesares
1227 778 1312 844 idem
1326 802 1376 842 vo·

317 880 491 958 cabulum,
507 892 539 941 et
553 873 716 963 quidquid
733 875 879 939 tribuere
891 875 1035 942 adulatio
1044 894 1170 967 potest,
1185 880 1375 961 habuemnt,

316 983 373 1049 sed
393 983 519 1069 Integra
533 977 692 1041 libertate.
707 977 744 1042 L.
757 977 881 1042 Gellius
893 978 944 1041 vir
953 980 1138 1061 consotios,
1155 984 1286 1045 civr'oam
1299 986 1327 1046 ei
1335 1004 1376 1045 co

316 1102 431 1151 ronam
440 1082 549 1145 deberi
555 1078 637 1143 dixit
648 1100 670 1140 a
681 1078 852 1166 republica.
870 1079 983 1161 Quum
995 1080 1050 1145 hic
1061 1080 1228 1145 bonomm
1240 1083 1375 1147 omnium

315 1208 430 1253 sensus
447 1198 548 1262 esset,
566 1194 696 1245 exortus
712 1196 762 1243 est
779 1180 820 1262 Q.
833 1181 984 1245 Metellus
1000 1182 1130 1269 Nepos,
1148 1184 1225 1271 qui,
1242 1201 1312 1248 tum
1329 1184 1376 1247 ui·

313 1290 442 1355 bunatu
462 1306 576 1349 recens
600 1282 701 1363 inito,
725 1304 802 1345 cum
826 1282 861 1347 L.
876 1282 983 1347 Bestia
1001 1284 1142 1373 collega,
1163 1300 1197 1348 et
1220 1284 1375 1375 designato

311 1404 451 1481 praetore
470 1387 508 1451 C.
519 1387 658 1465 Caesare,
675 1383 842 1448 Ciceronis
858 1399 930 1447 acta
944 1384 1108 1450 laceraret.

357 1490 457 1555 CVII.
473 1488 505 1551 Is
520 1484 625 1575 pridie
638 1484 793 1549 kalendas
806 1484 968 1564 januarias
983 1486 1159 1552 abeuntem
1177 1490 1371 1579 magistratu,

309 1590 409 1657 verba
425 1588 531 1653 facere
545 1586 586 1650 ad
598 1586 758 1675 populum
772 1586 896 1666 vetuit,
913 1588 958 1667 ei,
974 1591 1035 1675 qta'
1042 1591 1078 1652 iu
1091 1588 1173 1653 alios
1188 1591 1372 1655 oninmdoer

308 1698 393 1759 tisset
414 1691 535 1755 indicto
559 1710 677 1769 carun,
698 1687 828 1751 dicendi
838 1702 1027 1775 potestatem
1034 1684 1119 1778 fieri
1140 1714 1208 1755 non
1229 1709 1369 1781 oportere,

309 1796 479 1875 diotimus,
498 1789 729 1856 tantummodo
744 1788 853 1869 jurare
869 1790 1026 1877 permisit.
1041 1792 1128 1855 Tum
1141 1792 1277 1874 Cicero,
1293 1809 1327 1857 ut
1336 1794 1371 1855 in

308 1899 443 1965 sulcaret
466 1893 677 1959 inimicorum
702 1890 873 1980 pravitati,
899 1914 966 1955 non
996 1894 1133 1957 solenne
1161 1898 1370 1986 magisuatun

215 2030 217 2043 ·
306 1998 506 2083 ejumntium
522 2016 671 2073 carmen,
685 1990 745 2056 sed
757 1993 822 2056 hoc
836 2014 956 2082 magna
966 2015 1046 2057 voce
1057 1995 1199 2079 juravit,
1218 1996 1368 2086 mum.

305 2124 378 2167 cam
394 2115 489 2189 atque
508 2095 640 2159 nomm
659 2093 767 2157 urbem
785 2116 844 2158 suo
859 2096 953 2157 unius
972 2118 1069 2183 opero
1083 2120 1147 2160 esse
1163 2099 1298 2164 salvam.
1314 2100 1369 2163 Nec

305 2202 519 2274 indelectatus
537 2220 574 2261 ea
590 2194 762 2261 calliditate
778 2196 939 2285 populus,
957 2219 1075 2285 magna
1089 2221 1170 2263 voce
1192 2217 1227 2265 et
1248 2202 1314 2290 ipsc
1324 2200 1367 2280 ju·

303 2306 403 2386 ravit,
419 2326 494 2367 vere
506 2298 566 2363 ltoc
579 2298 622 2361 ab
639 2296 695 2361 illo
703 2297 856 2387 juratum
870 2320 943 2361 csse.
960 2300 1006 2361 Ea
1024 2321 1075 2364 res
1091 2298 1295 2368 adversarios
1309 2304 1365 2382 ejus

304 2404 482 2474 momordit
497 2402 725 2482 vehementer,
742 2416 846 2488 utque
864 2422 900 2464 sc
920 2399 1023 2490 magis
1045 2401 1143 2466 etiam
1164 2420 1282 2470 contra
1304 2422 1364 2469 eum

305 2506 532 2588 intenderent,
549 2502 738 2570 stimulavit.

346 2609 460 2675 CVIII.
479 2605 544 2672 Sed
565 2604 751 2686 Ciceronis,
770 2619 808 2667 ut
827 2603 898 2693 ipse
912 2603 1033 2669 deinde
1049 2605 1084 2669 in
1100 2623 1219 2670 senatu
1238 2606 1363 2688 dix'it,is

301 2710 438 2777 domum
449 2709 542 2773 fuite
556 2707 630 2771 foro
641 2705 784 2787 reditus,
796 2721 834 2770 ut
848 2727 965 2788 nemo,
976 2707 1040 2771 nisi
1051 2707 1109 2796 qui
1121 2730 1200 2772 cum
1210 2708 1267 2775 illo
1280 2725 1362 2786 esset,

266 2885 270 2896 ,
301 2812 423 2877 civium
445 2831 514 2874 esse
535 2809 570 2872 in
594 2828 735 2871 numero
753 2805 928 2870 videretur.
946 2809 1016 2872 Nec
1031 2831 1110 2874 saue
1125 2825 1222 2875 tanto
1237 2811 1305 2875 viro
1322 2808 1363 2874 ni·

299 2913 386 2978 mius
399 2911 513 2977 haberi
530 2909 640 2974 honor
655 2923 796 2997 poterat,
814 2907 908 2988 cujus
924 2910 1109 2975 consulatui
1128 2913 1261 2978 nullum
1278 2913 1362 2976 alium

299 3017 392 3082 omni
417 3013 574 3080 memoria
599 3007 837 3074 conferendum
862 3011 1025 3098 reperio:
1052 3035 1127 3076 nam
1155 3015 1265 3080 caeteri
1291 3031 1362 3101 saepc

298 3115 390 3183 domi
402 3117 519 3182 bellive
529 3113 690 3205 egregiam
700 3134 834 3200 operam
846 3128 1007 3177 natarunt
1020 3114 1227 3202 reipublice,
1241 3116 1297 3182 sed
1310 3135 1363 3178 ma·

297 3219 370 3308 gnis
386 3219 582 3307 plerumque
604 3211 760 3304 praesidiis
783 3213 959 3278 instructi:
978 3213 1033 3278 hic
1055 3215 1118 3278 sibi
1139 3217 1302 3304 praecipue
1319 3214 1361 3277 in·

298 3319 407 3399 nisus,
426 3317 556 3399 adjutus
575 3340 593 3380 a
613 3313 834 3403 paucissimis,
858 3331 1068 3405 oppugnatus
1089 3339 1109 3380 a
1132 3339 1255 3406 magno
1275 3315 1360 3381 auda·

297 3419 503 3484 cissimorum
520 3416 697 3482 hominum
722 3417 871 3506 agmine,
896 3433 929 3480 et
948 3417 1058 3482 adhuc
1078 3418 1222 3507 amplius
1242 3421 1360 3484 latentes

296 3519 495 3586 adversarios
516 3519 654 3600 timens,
673 3518 910 3583 atrocissimam
923 3535 1001 3607 post
1015 3519 1166 3584 homines
1188 3538 1300 3601 natos,
1313 3539 1359 3580 va·

295 3611 527 3708 ferrimamque
557 3620 838 3702 conjurationem,
867 3621 954 3686 eruit
983 3620 1167 3704 industria,
1194 3619 1359 3688 debilitavit

295 3721 464 3802 ia'cundin,
481 3722 601 3818 virtute
617 3723 865 3811 constantiaque
880 3723 1037 3812 singulari
1049 3724 1227 3814 superavit.

330 3912 502 3980 sevitute.
518 3912 550 3960 ad
564 3911 688 3970 Familv,
702 3928 743 3976 ep.
755 3928 781 3962 a.
794 3938 831 3950 -
849 3913 914 3962 Plut.
930 3940 967 3952 -
982 3915 1042 3965 Dio.
1059 3941 1096 3953 -
1111 3915 1130 3980 S
1149 3915 1243 3964 CVIII.
1261 3912 1315 3962 Dio.
1330 3932 1356 3943 ⁴

295 3997 346 4044 Cic.
360 3999 386 4044 in
399 3995 482 4046 Pisoo.

608 4173 1061 4204 ——-----
