<?xml version="1.0" encoding="UTF-8"?>
<!DOCTYPE html PUBLIC "-//W3C//DTD XHTML 1.0 Transitional//EN"
    "http://www.w3.org/TR/xhtml1/DTD/xhtml1-transitional.dtd">
<html xmlns="http://www.w3.org/1999/xhtml" xml:lang="en" lang="en">
 <head>
  <title>
</title>
<meta http-equiv="Content-Type" content="text/html;charset=utf-8" />
  <meta name='ocr-system' content='tesseract 3.04.00' />
  <meta name='ocr-capabilities' content='ocr_page ocr_carea ocr_par ocr_line ocrx_word'/>
</head>
<body>
  <div class='ocr_page' id='page_1' title='image "bibliothecaclas116lemagoog_0191.png"; bbox 0 0 2875 4900; ppageno 0'>
   <div class='ocr_carea' id='block_1_1' title="bbox 36 390 1184 3934">
    <p class='ocr_par' dir='ltr' id='par_1_1' title="bbox 98 390 1178 1211">
     <span class='ocr_line' id='line_1_1' title="bbox 134 390 1178 495; baseline 0.007 -36"><span class='ocrx_word' id='word_1_1' title='bbox 134 394 187 459; x_wconf 89' lang='grc'>10.</span> <span class='ocrx_word' id='word_1_2' title='bbox 203 390 360 461; x_wconf 70' lang='lat' dir='ltr'>rums</span> <span class='ocrx_word' id='word_1_3' title='bbox 378 390 501 459; x_wconf 84' lang='lat' dir='ltr'><strong>SUPP.</strong></span> <span class='ocrx_word' id='word_1_4' title='bbox 519 390 571 459; x_wconf 84' lang='lat' dir='ltr'>IN</span> <span class='ocrx_word' id='word_1_5' title='bbox 590 392 696 459; x_wconf 86' lang='lat' dir='ltr'><strong>LOC.</strong></span> <span class='ocrx_word' id='word_1_6' title='bbox 711 394 801 459; x_wconf 83' lang='lat' dir='ltr'><strong>LIB.</strong></span> <span class='ocrx_word' id='word_1_7' title='bbox 822 392 1043 465; x_wconf 85' lang='lat' dir='ltr'>LXXXVIII.</span> <span class='ocrx_word' id='word_1_8' title='bbox 1059 410 1139 495; x_wconf 79' lang='lat'>&#39;179</span> <span class='ocrx_word' id='word_1_9' title='bbox 1175 425 1178 434; x_wconf 95' lang='lat'>·</span> 
     </span>
     <span class='ocr_line' id='line_1_2' title="bbox 103 512 1140 601; baseline 0.009 -26"><span class='ocrx_word' id='word_1_10' title='bbox 103 534 151 600; x_wconf 87' lang='lat' dir='ltr'>ego</span> <span class='ocrx_word' id='word_1_11' title='bbox 167 514 323 577; x_wconf 82' lang='lat' dir='ltr'>lirianam</span> <span class='ocrx_word' id='word_1_12' title='bbox 338 512 507 576; x_wconf 77' lang='lat' dir='ltr'>historiam</span> <span class='ocrx_word' id='word_1_13' title='bbox 523 512 665 601; x_wconf 80' lang='lat' dir='ltr'>vestigiis</span> <span class='ocrx_word' id='word_1_14' title='bbox 688 530 925 600; x_wconf 79' lang='lat' dir='ltr'>persequutus,</span> <span class='ocrx_word' id='word_1_15' title='bbox 949 518 1063 582; x_wconf 85' lang='lat' dir='ltr'>seriem</span> <span class='ocrx_word' id='word_1_16' title='bbox 1089 544 1140 585; x_wconf 91' lang='lat' dir='ltr'>re-</span> 
     </span>
     <span class='ocr_line' id='line_1_3' title="bbox 102 614 1139 704; baseline 0.012 -29"><span class='ocrx_word' id='word_1_17' title='bbox 102 634 179 695; x_wconf 86' lang='lat' dir='ltr'>runt,</span> <span class='ocrx_word' id='word_1_18' title='bbox 198 616 333 704; x_wconf 79' lang='lat' dir='ltr'>Appiani</span> <span class='ocrx_word' id='word_1_19' title='bbox 356 636 490 702; x_wconf 90' lang='lat' dir='ltr'>quoque</span> <span class='ocrx_word' id='word_1_20' title='bbox 512 614 698 677; x_wconf 86' lang='lat' dir='ltr'>testimonio</span> <span class='ocrx_word' id='word_1_21' title='bbox 721 614 842 695; x_wconf 84' lang='lat' dir='ltr'>fultus,</span> <span class='ocrx_word' id='word_1_22' title='bbox 864 617 956 679; x_wconf 83' lang='lat' dir='ltr'>aliter</span> <span class='ocrx_word' id='word_1_23' title='bbox 978 624 1139 687; x_wconf 84' lang='lat' dir='ltr'>contexui.</span> 
     </span>
     <span class='ocr_line' id='line_1_4' title="bbox 102 714 1140 803; baseline 0.012 -28"><span class='ocrx_word' id='word_1_24' title='bbox 102 714 200 802; x_wconf 90' lang='lat' dir='ltr'>lgitur,</span> <span class='ocrx_word' id='word_1_25' title='bbox 214 715 332 803; x_wconf 87' lang='lat' dir='ltr'>quibus</span> <span class='ocrx_word' id='word_1_26' title='bbox 346 714 546 803; x_wconf 75' lang='lat' dir='ltr'>temporibus</span> <span class='ocrx_word' id='word_1_27' title='bbox 559 714 707 803; x_wconf 89' lang='lat' dir='ltr'>repulsus</span> <span class='ocrx_word' id='word_1_28' title='bbox 724 714 806 779; x_wconf 89' lang='lat' dir='ltr'>intra</span> <span class='ocrx_word' id='word_1_29' title='bbox 818 719 1008 803; x_wconf 84' lang='lat' dir='ltr'>prrenestina</span> <span class='ocrx_word' id='word_1_30' title='bbox 1026 726 1140 788; x_wconf 84' lang='lat' dir='ltr'>nroenia</span> 
     </span>
     <span class='ocr_line' id='line_1_5' title="bbox 102 814 1141 911; baseline 0.011 -34"><span class='ocrx_word' id='word_1_31' title='bbox 102 814 205 881; x_wconf 85' lang='lat' dir='ltr'>Marius</span> <span class='ocrx_word' id='word_1_32' title='bbox 217 817 297 897; x_wconf 88' lang='lat' dir='ltr'>fuit,</span> <span class='ocrx_word' id='word_1_33' title='bbox 315 815 429 881; x_wconf 86' lang='lat' dir='ltr'>iisdem</span> <span class='ocrx_word' id='word_1_34' title='bbox 449 816 492 881; x_wconf 90' lang='lat' dir='ltr'>ad</span> <span class='ocrx_word' id='word_1_35' title='bbox 505 816 690 880; x_wconf 74' lang='lat' dir='ltr'>Faventiam</span> <span class='ocrx_word' id='word_1_36' title='bbox 705 816 812 880; x_wconf 82' lang='lat' dir='ltr'>Carbo</span> <span class='ocrx_word' id='word_1_37' title='bbox 829 817 1067 907; x_wconf 85' lang='lat' dir='ltr'>Norbanusque</span> <span class='ocrx_word' id='word_1_38' title='bbox 1083 844 1141 911; x_wconf 90' lang='lat' dir='ltr'>per</span> 
     </span>
     <span class='ocr_line' id='line_1_6' title="bbox 99 916 1142 997; baseline 0.007 -16"><span class='ocrx_word' id='word_1_39' title='bbox 99 917 254 983; x_wconf 76' lang='lat' dir='ltr'>absentiam</span> <span class='ocrx_word' id='word_1_40' title='bbox 279 918 375 983; x_wconf 69' lang='lat' dir='ltr'>Sullas</span> <span class='ocrx_word' id='word_1_41' title='bbox 396 917 528 981; x_wconf 84' lang='lat' dir='ltr'>Metello</span> <span class='ocrx_word' id='word_1_42' title='bbox 549 917 772 997; x_wconf 89' lang='lat' dir='ltr'>imminentes,</span> <span class='ocrx_word' id='word_1_43' title='bbox 798 916 978 995; x_wconf 83' lang='lat' dir='ltr'>conjunctis</span> <span class='ocrx_word' id='word_1_44' title='bbox 997 924 1142 989; x_wconf 87' lang='lat' dir='ltr'>exerciti·</span> 
     </span>
     <span class='ocr_line' id='line_1_7' title="bbox 99 1015 1138 1109; baseline 0.01 -30"><span class='ocrx_word' id='word_1_45' title='bbox 99 1018 148 1082; x_wconf 85' lang='lat' dir='ltr'>bns</span> <span class='ocrx_word' id='word_1_46' title='bbox 164 1043 262 1109; x_wconf 84' lang='lat' dir='ltr'>prope</span> <span class='ocrx_word' id='word_1_47' title='bbox 278 1036 382 1085; x_wconf 85' lang='lat' dir='ltr'>eastra</span> <span class='ocrx_word' id='word_1_48' title='bbox 402 1018 471 1099; x_wconf 87' lang='lat' dir='ltr'>ejus</span> <span class='ocrx_word' id='word_1_49' title='bbox 492 1018 546 1081; x_wconf 84' lang='lat' dir='ltr'>vix</span> <span class='ocrx_word' id='word_1_50' title='bbox 563 1040 630 1081; x_wconf 88' lang='lat' dir='ltr'>una</span> <span class='ocrx_word' id='word_1_51' title='bbox 648 1016 729 1081; x_wconf 88' lang='lat' dir='ltr'>hora</span> <span class='ocrx_word' id='word_1_52' title='bbox 751 1015 816 1080; x_wconf 91' lang='lat' dir='ltr'>diei</span> <span class='ocrx_word' id='word_1_53' title='bbox 832 1016 955 1107; x_wconf 89' lang='lat' dir='ltr'>reliqua</span> <span class='ocrx_word' id='word_1_54' title='bbox 970 1040 1138 1089; x_wconf 75' lang='lat' dir='ltr'>venerumt.</span> 
     </span>
     <span class='ocr_line' id='line_1_8' title="bbox 98 1120 1139 1211; baseline 0.006 -30"><span class='ocrx_word' id='word_1_55' title='bbox 98 1120 131 1182; x_wconf 86' lang='lat' dir='ltr'>Et</span> <span class='ocrx_word' id='word_1_56' title='bbox 151 1144 332 1211; x_wconf 78' lang='lat' dir='ltr'><strong>quanquam</strong></span> <span class='ocrx_word' id='word_1_57' title='bbox 356 1120 464 1185; x_wconf 83' lang='lat' dir='ltr'>statim</span> <span class='ocrx_word' id='word_1_58' title='bbox 487 1120 629 1183; x_wconf 81' lang='lat' dir='ltr'>affutura</span> <span class='ocrx_word' id='word_1_59' title='bbox 651 1138 718 1181; x_wconf 83' lang='lat' dir='ltr'>nox</span> <span class='ocrx_word' id='word_1_60' title='bbox 744 1133 831 1198; x_wconf 86' lang='lat' dir='ltr'>erat,</span> <span class='ocrx_word' id='word_1_61' title='bbox 856 1134 1008 1207; x_wconf 73' lang='lat' dir='ltr'>praeterea</span> <span class='ocrx_word' id='word_1_62' title='bbox 1030 1120 1139 1187; x_wconf 84' lang='lat' dir='ltr'>locum</span> 
     </span>
    </p>

    <p class='ocr_par' dir='ltr' id='par_1_2' title="bbox 37 1219 1140 1507">
     <span class='ocr_line' id='line_1_9' title="bbox 37 1219 1140 1311; baseline -0.005 -21"><span class='ocrx_word' id='word_1_63' title='bbox 37 1225 38 1228; x_wconf 66' lang='grc'>’</span> <span class='ocrx_word' id='word_1_64' title='bbox 97 1223 245 1311; x_wconf 83' lang='lat' dir='ltr'>pugnandi</span> <span class='ocrx_word' id='word_1_65' title='bbox 267 1223 367 1287; x_wconf 86' lang='lat' dir='ltr'>densa</span> <span class='ocrx_word' id='word_1_66' title='bbox 385 1222 509 1285; x_wconf 81' lang='lat' dir='ltr'>circum</span> <span class='ocrx_word' id='word_1_67' title='bbox 524 1220 633 1283; x_wconf 82' lang='lat' dir='ltr'>vineta</span> <span class='ocrx_word' id='word_1_68' title='bbox 647 1219 830 1300; x_wconf 79' lang='lat' dir='ltr'>arctabant,</span> <span class='ocrx_word' id='word_1_69' title='bbox 847 1220 893 1285; x_wconf 88' lang='lat' dir='ltr'>ira</span> <span class='ocrx_word' id='word_1_70' title='bbox 909 1222 1027 1310; x_wconf 87' lang='lat' dir='ltr'>magis,</span> <span class='ocrx_word' id='word_1_71' title='bbox 1043 1246 1140 1311; x_wconf 81' lang='lat' dir='ltr'>quam</span> 
     </span>
     <span class='ocr_line' id='line_1_10' title="bbox 95 1322 1140 1412; baseline 0.005 -27"><span class='ocrx_word' id='word_1_72' title='bbox 95 1326 235 1407; x_wconf 88' lang='lat' dir='ltr'>oonsilio,</span> <span class='ocrx_word' id='word_1_73' title='bbox 263 1324 422 1412; x_wconf 89' lang='lat' dir='ltr'>impetunt</span> <span class='ocrx_word' id='word_1_74' title='bbox 448 1324 618 1402; x_wconf 75' lang='lat' dir='ltr'>feserunt,</span> <span class='ocrx_word' id='word_1_75' title='bbox 641 1338 797 1408; x_wconf 76' lang='lat' dir='ltr'><strong>tanquam</strong></span> <span class='ocrx_word' id='word_1_76' title='bbox 822 1322 987 1409; x_wconf 88' lang='lat' dir='ltr'>inopinata</span> <span class='ocrx_word' id='word_1_77' title='bbox 1009 1324 1140 1391; x_wconf 82' lang='lat' dir='ltr'>audacia</span> 
     </span>
     <span class='ocr_line' id='line_1_11' title="bbox 95 1422 495 1507; baseline 0.01 -22"><span class='ocrx_word' id='word_1_78' title='bbox 95 1422 155 1507; x_wconf 89' lang='lat' dir='ltr'>plus</span> <span class='ocrx_word' id='word_1_79' title='bbox 167 1423 351 1488; x_wconf 75' lang='lat' dir='ltr'>formidinis</span> <span class='ocrx_word' id='word_1_80' title='bbox 363 1424 495 1489; x_wconf 84' lang='lat' dir='ltr'>illaturi.</span> 
     </span>
    </p>

    <p class='ocr_par' dir='ltr' id='par_1_3' title="bbox 130 1522 1140 1613">
     <span class='ocr_line' id='line_1_12' title="bbox 130 1522 1140 1613; baseline 0.003 -26"><span class='ocrx_word' id='word_1_81' title='bbox 130 1526 167 1589; x_wconf 90' lang='lat' dir='ltr'>ll.</span> <span class='ocrx_word' id='word_1_82' title='bbox 189 1524 252 1589; x_wconf 83' lang='lat' dir='ltr'>Sed</span> <span class='ocrx_word' id='word_1_83' title='bbox 267 1525 382 1611; x_wconf 89' lang='lat' dir='ltr'>iniquo</span> <span class='ocrx_word' id='word_1_84' title='bbox 397 1525 489 1605; x_wconf 91' lang='lat' dir='ltr'>loeo,</span> <span class='ocrx_word' id='word_1_85' title='bbox 502 1544 604 1611; x_wconf 91' lang='lat' dir='ltr'>quum</span> <span class='ocrx_word' id='word_1_86' title='bbox 627 1522 774 1611; x_wconf 88' lang='lat' dir='ltr'>impediti</span> <span class='ocrx_word' id='word_1_87' title='bbox 790 1522 911 1587; x_wconf 82' lang='lat' dir='ltr'>vitibus</span> <span class='ocrx_word' id='word_1_88' title='bbox 928 1525 1043 1591; x_wconf 82' lang='lat' dir='ltr'>milites</span> <span class='ocrx_word' id='word_1_89' title='bbox 1063 1548 1140 1613; x_wconf 91' lang='lat' dir='ltr'>pro·</span> 
     </span>
    </p>

    <p class='ocr_par' dir='ltr' id='par_1_4' title="bbox 36 1622 1140 1717">
     <span class='ocr_line' id='line_1_13' title="bbox 36 1622 1140 1717; baseline 0.005 -32"><span class='ocrx_word' id='word_1_90' title='bbox 36 1679 38 1717; x_wconf 36' lang='grc' dir='ltr'>ἱ</span> <span class='ocrx_word' id='word_1_91' title='bbox 92 1622 241 1707; x_wconf 79' lang='lat' dir='ltr'>riderent,</span> <span class='ocrx_word' id='word_1_92' title='bbox 260 1646 367 1712; x_wconf 89' lang='lat' dir='ltr'>neque</span> <span class='ocrx_word' id='word_1_93' title='bbox 379 1624 477 1688; x_wconf 88' lang='lat' dir='ltr'>armis</span> <span class='ocrx_word' id='word_1_94' title='bbox 492 1624 542 1688; x_wconf 89' lang='lat' dir='ltr'>uti</span> <span class='ocrx_word' id='word_1_95' title='bbox 558 1639 709 1713; x_wconf 89' lang='lat' dir='ltr'>possent,</span> <span class='ocrx_word' id='word_1_96' title='bbox 728 1644 843 1712; x_wconf 86' lang='lat' dir='ltr'>magna</span> <span class='ocrx_word' id='word_1_97' title='bbox 856 1624 942 1689; x_wconf 69' lang='lat' dir='ltr'>wde</span> <span class='ocrx_word' id='word_1_98' title='bbox 959 1626 1032 1690; x_wconf 89' lang='lat' dir='ltr'>victi</span> <span class='ocrx_word' id='word_1_99' title='bbox 1046 1644 1140 1709; x_wconf 80' lang='lat' dir='ltr'>sunt3</span> 
     </span>
    </p>

    <p class='ocr_par' dir='ltr' id='par_1_5' title="bbox 36 1724 1142 2007">
     <span class='ocr_line' id='line_1_14' title="bbox 36 1724 1142 1815; baseline 0.005 -29"><span class='ocrx_word' id='word_1_100' title='bbox 36 1733 38 1810; x_wconf 68' lang='grc'><strong>1</strong></span> <span class='ocrx_word' id='word_1_101' title='bbox 93 1726 302 1814; x_wconf 80' lang='lat' dir='ltr'>exercitusque</span> <span class='ocrx_word' id='word_1_102' title='bbox 325 1727 432 1789; x_wconf 85' lang='lat' dir='ltr'>omnis</span> <span class='ocrx_word' id='word_1_103' title='bbox 458 1726 502 1789; x_wconf 83' lang='lat' dir='ltr'>itt</span> <span class='ocrx_word' id='word_1_104' title='bbox 528 1724 721 1815; x_wconf 84' lang='lat' dir='ltr'>dissipatus,</span> <span class='ocrx_word' id='word_1_105' title='bbox 744 1740 783 1789; x_wconf 89' lang='lat' dir='ltr'>ut</span> <span class='ocrx_word' id='word_1_106' title='bbox 806 1740 911 1789; x_wconf 83' lang='lat' dir='ltr'>morte</span> <span class='ocrx_word' id='word_1_107' title='bbox 934 1724 1045 1789; x_wconf 87' lang='lat' dir='ltr'>decern</span> <span class='ocrx_word' id='word_1_108' title='bbox 1071 1729 1142 1791; x_wconf 88' lang='lat' dir='ltr'>rnil-</span> 
     </span>
     <span class='ocr_line' id='line_1_15' title="bbox 93 1826 1140 1916; baseline 0.004 -28"><span class='ocrx_word' id='word_1_109' title='bbox 93 1826 179 1908; x_wconf 87' lang='lat' dir='ltr'>linm,</span> <span class='ocrx_word' id='word_1_110' title='bbox 194 1850 251 1892; x_wconf 80' lang='lat' dir='ltr'>sex</span> <span class='ocrx_word' id='word_1_111' title='bbox 272 1827 409 1890; x_wconf 86' lang='lat' dir='ltr'>millium</span> <span class='ocrx_word' id='word_1_112' title='bbox 430 1826 629 1915; x_wconf 82' lang='lat' dir='ltr'>transfugio,</span> <span class='ocrx_word' id='word_1_113' title='bbox 647 1842 855 1907; x_wconf 61' lang='lat' dir='ltr'>merorum,</span> <span class='ocrx_word' id='word_1_114' title='bbox 873 1848 941 1916; x_wconf 88' lang='lat' dir='ltr'>quo</span> <span class='ocrx_word' id='word_1_115' title='bbox 955 1827 1073 1914; x_wconf 88' lang='lat' dir='ltr'>cuique</span> <span class='ocrx_word' id='word_1_116' title='bbox 1090 1830 1140 1892; x_wconf 84' lang='lat' dir='ltr'>vi-</span> 
     </span>
     <span class='ocr_line' id='line_1_16' title="bbox 92 1925 1141 2007; baseline 0.006 -20"><span class='ocrx_word' id='word_1_117' title='bbox 92 1946 154 1990; x_wconf 86' lang='lat' dir='ltr'>sum</span> <span class='ocrx_word' id='word_1_118' title='bbox 169 1928 294 2007; x_wconf 85' lang='lat' dir='ltr'>fuerat,</span> <span class='ocrx_word' id='word_1_119' title='bbox 315 1926 505 1991; x_wconf 73' lang='lat' dir='ltr'>abeummm</span> <span class='ocrx_word' id='word_1_120' title='bbox 526 1925 726 2006; x_wconf 73' lang='lat' dir='ltr'>desertione,</span> <span class='ocrx_word' id='word_1_121' title='bbox 743 1948 810 1990; x_wconf 91' lang='lat' dir='ltr'>non</span> <span class='ocrx_word' id='word_1_122' title='bbox 828 1928 912 1991; x_wconf 90' lang='lat' dir='ltr'>ultra</span> <span class='ocrx_word' id='word_1_123' title='bbox 931 1928 1018 1991; x_wconf 88' lang='lat' dir='ltr'>mille</span> <span class='ocrx_word' id='word_1_124' title='bbox 1034 1928 1141 1993; x_wconf 89' lang='lat' dir='ltr'>homi·</span> 
     </span>
    </p>

    <p class='ocr_par' dir='ltr' id='par_1_6' title="bbox 36 2026 1142 2217">
     <span class='ocr_line' id='line_1_17' title="bbox 36 2026 1141 2117; baseline 0.005 -29"><span class='ocrx_word' id='word_1_125' title='bbox 36 2073 37 2112; x_wconf 69' lang='lat'>,</span> <span class='ocrx_word' id='word_1_126' title='bbox 92 2048 160 2090; x_wconf 89' lang='lat' dir='ltr'>num</span> <span class='ocrx_word' id='word_1_127' title='bbox 171 2026 304 2091; x_wconf 83' lang='lat' dir='ltr'>servatis</span> <span class='ocrx_word' id='word_1_128' title='bbox 314 2026 485 2091; x_wconf 89' lang='lat' dir='ltr'>ordinibus</span> <span class='ocrx_word' id='word_1_129' title='bbox 497 2027 662 2092; x_wconf 76' lang='lat' dir='ltr'>Arretium</span> <span class='ocrx_word' id='word_1_130' title='bbox 678 2028 721 2092; x_wconf 91' lang='lat' dir='ltr'>sit</span> <span class='ocrx_word' id='word_1_131' title='bbox 731 2027 913 2117; x_wconf 83' lang='lat' dir='ltr'>reductum.</span> <span class='ocrx_word' id='word_1_132' title='bbox 927 2030 997 2093; x_wconf 79' lang='lat' dir='ltr'>Alia</span> <span class='ocrx_word' id='word_1_133' title='bbox 1010 2052 1141 2117; x_wconf 89' lang='lat' dir='ltr'>quoque</span> 
     </span>
     <span class='ocr_line' id='line_1_18' title="bbox 92 2124 1142 2217; baseline 0.007 -30"><span class='ocrx_word' id='word_1_134' title='bbox 92 2124 164 2213; x_wconf 86' lang='lat' dir='ltr'>legio</span> <span class='ocrx_word' id='word_1_135' title='bbox 181 2131 407 2209; x_wconf 82' lang='lat' dir='ltr'>Lueanorum,</span> <span class='ocrx_word' id='word_1_136' title='bbox 430 2151 530 2215; x_wconf 81' lang='lat' dir='ltr'>quam</span> <span class='ocrx_word' id='word_1_137' title='bbox 550 2129 586 2193; x_wconf 91' lang='lat' dir='ltr'>P.</span> <span class='ocrx_word' id='word_1_138' title='bbox 609 2128 849 2210; x_wconf 82' lang='lat' dir='ltr'>Albinovanus,</span> <span class='ocrx_word' id='word_1_139' title='bbox 869 2130 925 2217; x_wconf 91' lang='lat' dir='ltr'>qui</span> <span class='ocrx_word' id='word_1_140' title='bbox 945 2152 1019 2194; x_wconf 87' lang='lat' dir='ltr'>curn</span> <span class='ocrx_word' id='word_1_141' title='bbox 1038 2131 1142 2195; x_wconf 84' lang='lat' dir='ltr'>Mario</span> 
     </span>
    </p>

    <p class='ocr_par' dir='ltr' id='par_1_7' title="bbox 36 2229 1143 2919">
     <span class='ocr_line' id='line_1_19' title="bbox 36 2229 1143 2319; baseline 0.006 -31"><span class='ocrx_word' id='word_1_142' title='bbox 36 2239 37 2242; x_wconf 75' lang='grc'>’</span> <span class='ocrx_word' id='word_1_143' title='bbox 91 2248 157 2293; x_wconf 85' lang='lat' dir='ltr'>sene</span> <span class='ocrx_word' id='word_1_144' title='bbox 177 2230 281 2295; x_wconf 86' lang='lat' dir='ltr'>hostis</span> <span class='ocrx_word' id='word_1_145' title='bbox 302 2229 467 2309; x_wconf 81' lang='lat' dir='ltr'>judimtus</span> <span class='ocrx_word' id='word_1_146' title='bbox 490 2231 615 2311; x_wconf 85' lang='lat' dir='ltr'>fuerat,</span> <span class='ocrx_word' id='word_1_147' title='bbox 636 2229 797 2311; x_wconf 89' lang='lat' dir='ltr'>ducebat,</span> <span class='ocrx_word' id='word_1_148' title='bbox 819 2230 935 2293; x_wconf 81' lang='lat' dir='ltr'>frustra</span> <span class='ocrx_word' id='word_1_149' title='bbox 956 2230 1143 2319; x_wconf 85' lang='lat' dir='ltr'>indignante</span> 
     </span>
     <span class='ocr_line' id='line_1_20' title="bbox 91 2329 1142 2420; baseline 0.004 -29"><span class='ocrx_word' id='word_1_150' title='bbox 91 2329 303 2413; x_wconf 71' lang='lat' dir='ltr'>Albinovano,</span> <span class='ocrx_word' id='word_1_151' title='bbox 318 2330 410 2420; x_wconf 89' lang='lat' dir='ltr'>signa</span> <span class='ocrx_word' id='word_1_152' title='bbox 426 2329 468 2394; x_wconf 89' lang='lat' dir='ltr'>ad</span> <span class='ocrx_word' id='word_1_153' title='bbox 483 2331 650 2395; x_wconf 84' lang='lat' dir='ltr'>Metellum</span> <span class='ocrx_word' id='word_1_154' title='bbox 665 2330 847 2395; x_wconf 83' lang='lat' dir='ltr'>transtulit:</span> <span class='ocrx_word' id='word_1_155' title='bbox 865 2330 917 2393; x_wconf 90' lang='lat' dir='ltr'>ille</span> <span class='ocrx_word' id='word_1_156' title='bbox 929 2353 1052 2417; x_wconf 88' lang='lat' dir='ltr'>quum,</span> <span class='ocrx_word' id='word_1_157' title='bbox 1071 2354 1142 2395; x_wconf 87' lang='lat' dir='ltr'>orn·</span> 
     </span>
     <span class='ocr_line' id='line_1_21' title="bbox 90 2429 1140 2519; baseline 0.008 -29"><span class='ocrx_word' id='word_1_158' title='bbox 90 2429 174 2496; x_wconf 85' lang='lat' dir='ltr'>nibus</span> <span class='ocrx_word' id='word_1_159' title='bbox 192 2431 344 2513; x_wconf 83' lang='lat' dir='ltr'>tentatis,</span> <span class='ocrx_word' id='word_1_160' title='bbox 363 2432 505 2496; x_wconf 88' lang='lat' dir='ltr'>retinere</span> <span class='ocrx_word' id='word_1_161' title='bbox 524 2430 710 2496; x_wconf 80' lang='lat' dir='ltr'>deficientes</span> <span class='ocrx_word' id='word_1_162' title='bbox 727 2432 939 2519; x_wconf 80' lang='lat' dir='ltr'>nequivisset,</span> <span class='ocrx_word' id='word_1_163' title='bbox 956 2430 997 2496; x_wconf 86' lang='lat' dir='ltr'>ad</span> <span class='ocrx_word' id='word_1_164' title='bbox 1012 2432 1140 2498; x_wconf 88' lang='lat' dir='ltr'>Norba·</span> 
     </span>
     <span class='ocr_line' id='line_1_22' title="bbox 90 2533 1141 2622; baseline 0.006 -31"><span class='ocrx_word' id='word_1_165' title='bbox 90 2551 159 2595; x_wconf 91' lang='lat' dir='ltr'>num</span> <span class='ocrx_word' id='word_1_166' title='bbox 173 2555 208 2597; x_wconf 87' lang='lat' dir='ltr'>se</span> <span class='ocrx_word' id='word_1_167' title='bbox 223 2533 356 2622; x_wconf 82' lang='lat' dir='ltr'>reoepit</span> <span class='ocrx_word' id='word_1_168' title='bbox 373 2533 500 2598; x_wconf 89' lang='lat' dir='ltr'>Deinde</span> <span class='ocrx_word' id='word_1_169' title='bbox 516 2533 580 2597; x_wconf 82' lang='lat' dir='ltr'>sata</span> <span class='ocrx_word' id='word_1_170' title='bbox 595 2533 755 2620; x_wconf 89' lang='lat' dir='ltr'>partium,</span> <span class='ocrx_word' id='word_1_171' title='bbox 777 2548 810 2594; x_wconf 88' lang='lat' dir='ltr'>et</span> <span class='ocrx_word' id='word_1_172' title='bbox 831 2553 928 2619; x_wconf 82' lang='lat' dir='ltr'>quant</span> <span class='ocrx_word' id='word_1_173' title='bbox 945 2533 1063 2596; x_wconf 86' lang='lat' dir='ltr'>frustra</span> <span class='ocrx_word' id='word_1_174' title='bbox 1080 2535 1141 2598; x_wconf 90' lang='lat' dir='ltr'>ob·</span> 
     </span>
     <span class='ocr_line' id='line_1_23' title="bbox 90 2633 1141 2723; baseline 0.004 -31"><span class='ocrx_word' id='word_1_175' title='bbox 90 2633 256 2716; x_wconf 88' lang='lat' dir='ltr'>niteretur,</span> <span class='ocrx_word' id='word_1_176' title='bbox 283 2650 459 2722; x_wconf 89' lang='lat' dir='ltr'>reputans,</span> <span class='ocrx_word' id='word_1_177' title='bbox 483 2634 593 2697; x_wconf 87' lang='lat' dir='ltr'>animo</span> <span class='ocrx_word' id='word_1_178' title='bbox 617 2647 844 2714; x_wconf 83' lang='lat' dir='ltr'>eommutato,</span> <span class='ocrx_word' id='word_1_179' title='bbox 873 2655 979 2720; x_wconf 89' lang='lat' dir='ltr'>neque</span> <span class='ocrx_word' id='word_1_180' title='bbox 1003 2634 1141 2723; x_wconf 80' lang='lat' dir='ltr'>simplici</span> 
     </span>
     <span class='ocr_line' id='line_1_24' title="bbox 88 2731 1141 2824; baseline 0.002 -28"><span class='ocrx_word' id='word_1_181' title='bbox 88 2734 194 2800; x_wconf 83' lang='lat' dir='ltr'>scelere</span> <span class='ocrx_word' id='word_1_182' title='bbox 205 2735 402 2824; x_wconf 89' lang='lat' dir='ltr'>proditionis</span> <span class='ocrx_word' id='word_1_183' title='bbox 415 2749 609 2811; x_wconf 80' lang='lat' dir='ltr'>contentus,</span> <span class='ocrx_word' id='word_1_184' title='bbox 624 2731 836 2814; x_wconf 86' lang='lat' dir='ltr'>Norbanum,</span> <span class='ocrx_word' id='word_1_185' title='bbox 855 2749 888 2798; x_wconf 87' lang='lat' dir='ltr'>et</span> <span class='ocrx_word' id='word_1_186' title='bbox 900 2735 957 2820; x_wconf 92' lang='lat' dir='ltr'>qui</span> <span class='ocrx_word' id='word_1_187' title='bbox 969 2753 1035 2798; x_wconf 91' lang='lat' dir='ltr'>una</span> <span class='ocrx_word' id='word_1_188' title='bbox 1051 2751 1141 2798; x_wconf 87' lang='lat' dir='ltr'>erant</span> 
     </span>
     <span class='ocr_line' id='line_1_25' title="bbox 87 2833 369 2919; baseline 0.014 -23"><span class='ocrx_word' id='word_1_189' title='bbox 87 2833 191 2919; x_wconf 82' lang='lat' dir='ltr'>duces,</span> <span class='ocrx_word' id='word_1_190' title='bbox 207 2837 369 2900; x_wconf 83' lang='lat' dir='ltr'>invitarit.</span> 
     </span>
    </p>

    <p class='ocr_par' dir='ltr' id='par_1_8' title="bbox 87 2933 1184 3934">
     <span class='ocr_line' id='line_1_26' title="bbox 123 2933 1141 3023; baseline 0.001 -25"><span class='ocrx_word' id='word_1_191' title='bbox 123 2937 178 3002; x_wconf 92' lang='grc'><strong>111.</strong></span> <span class='ocrx_word' id='word_1_192' title='bbox 197 2937 376 3002; x_wconf 82' lang='lat' dir='ltr'>Norbanus</span> <span class='ocrx_word' id='word_1_193' title='bbox 399 2937 469 3023; x_wconf 85' lang='lat' dir='ltr'>ipse</span> <span class='ocrx_word' id='word_1_194' title='bbox 484 2956 552 2998; x_wconf 92' lang='lat' dir='ltr'>non</span> <span class='ocrx_word' id='word_1_195' title='bbox 569 2936 718 3013; x_wconf 79' lang='lat' dir='ltr'>amessit3</span> <span class='ocrx_word' id='word_1_196' title='bbox 739 2934 866 2998; x_wconf 79' lang='lat' dir='ltr'>Flavius</span> <span class='ocrx_word' id='word_1_197' title='bbox 888 2933 1030 2998; x_wconf 80' lang='lat' dir='ltr'>Fimbria</span> <span class='ocrx_word' id='word_1_198' title='bbox 1048 2953 1141 2999; x_wconf 83' lang='lat' dir='ltr'>oaete·</span> 
     </span>
     <span class='ocr_line' id='line_1_27' title="bbox 88 3035 1140 3126; baseline 0.005 -30"><span class='ocrx_word' id='word_1_199' title='bbox 88 3036 168 3123; x_wconf 82' lang='lat' dir='ltr'>n&#39;qne</span> <span class='ocrx_word' id='word_1_200' title='bbox 189 3060 296 3126; x_wconf 87' lang='lat' dir='ltr'>quum</span> <span class='ocrx_word' id='word_1_201' title='bbox 316 3037 498 3117; x_wconf 85' lang='lat' dir='ltr'>venissent,</span> <span class='ocrx_word' id='word_1_202' title='bbox 515 3057 629 3100; x_wconf 91' lang='lat' dir='ltr'>omnes</span> <span class='ocrx_word' id='word_1_203' title='bbox 648 3035 735 3098; x_wconf 87' lang='lat' dir='ltr'>inter</span> <span class='ocrx_word' id='word_1_204' title='bbox 754 3036 837 3122; x_wconf 86' lang='lat' dir='ltr'>ipsas</span> <span class='ocrx_word' id='word_1_205' title='bbox 859 3035 969 3120; x_wconf 86' lang='lat' dir='ltr'>epulas</span> <span class='ocrx_word' id='word_1_206' title='bbox 990 3035 1140 3101; x_wconf 83' lang='lat' dir='ltr'>trucidati</span> 
     </span>
     <span class='ocr_line' id='line_1_28' title="bbox 87 3133 1140 3224; baseline 0.006 -28"><span class='ocrx_word' id='word_1_207' title='bbox 87 3156 162 3202; x_wconf 86' lang='lat' dir='ltr'>sunt.</span> <span class='ocrx_word' id='word_1_208' title='bbox 172 3140 397 3204; x_wconf 81' lang='lat' dir='ltr'>Albinovanus</span> <span class='ocrx_word' id='word_1_209' title='bbox 409 3136 450 3201; x_wconf 92' lang='lat' dir='ltr'>ad</span> <span class='ocrx_word' id='word_1_210' title='bbox 464 3138 584 3202; x_wconf 86' lang='lat' dir='ltr'>Sullam</span> <span class='ocrx_word' id='word_1_211' title='bbox 597 3134 753 3224; x_wconf 73' lang='lat' dir='ltr'>profugit.</span> <span class='ocrx_word' id='word_1_212' title='bbox 767 3137 890 3200; x_wconf 87' lang='lat' dir='ltr'>Harum</span> <span class='ocrx_word' id='word_1_213' title='bbox 903 3133 1042 3200; x_wconf 86' lang='lat' dir='ltr'>cladium</span> <span class='ocrx_word' id='word_1_214' title='bbox 1056 3138 1140 3202; x_wconf 84' lang='lat' dir='ltr'>fama</span> 
     </span>
     <span class='ocr_line' id='line_1_29' title="bbox 88 3235 1140 3323; baseline 0 -19"><span class='ocrx_word' id='word_1_215' title='bbox 88 3257 178 3322; x_wconf 85' lang='lat' dir='ltr'>quum</span> <span class='ocrx_word' id='word_1_216' title='bbox 196 3239 401 3318; x_wconf 81' lang='lat' dir='ltr'>Ariminum,</span> <span class='ocrx_word' id='word_1_217' title='bbox 422 3236 617 3316; x_wconf 83' lang='lat' dir='ltr'>Albinovani</span> <span class='ocrx_word' id='word_1_218' title='bbox 637 3235 820 3322; x_wconf 89' lang='lat' dir='ltr'>proditione</span> <span class='ocrx_word' id='word_1_219' title='bbox 844 3255 1034 3323; x_wconf 87' lang='lat' dir='ltr'>oppressum</span> <span class='ocrx_word' id='word_1_220' title='bbox 1055 3237 1140 3304; x_wconf 87' lang='lat' dir='ltr'>dire·</span> 
     </span>
     <span class='ocr_line' id='line_1_30' title="bbox 88 3323 1141 3428; baseline 0.001 -24"><span class='ocrx_word' id='word_1_221' title='bbox 88 3353 246 3428; x_wconf 78' lang='lat' dir='ltr'>ptumque,</span> <span class='ocrx_word' id='word_1_222' title='bbox 253 3337 373 3402; x_wconf 88' lang='lat' dir='ltr'>deinde</span> <span class='ocrx_word' id='word_1_223' title='bbox 385 3337 445 3402; x_wconf 85' lang='lat' dir='ltr'>alia</span> <span class='ocrx_word' id='word_1_224' title='bbox 453 3335 556 3400; x_wconf 86' lang='lat' dir='ltr'>multa</span> <span class='ocrx_word' id='word_1_225' title='bbox 567 3335 606 3398; x_wconf 88' lang='lat' dir='ltr'>iis</span> <span class='ocrx_word' id='word_1_226' title='bbox 616 3336 694 3399; x_wconf 90' lang='lat' dir='ltr'>locis</span> <span class='ocrx_word' id='word_1_227' title='bbox 705 3333 851 3423; x_wconf 79' lang='lat' dir='ltr'>praesidia</span> <span class='ocrx_word' id='word_1_228' title='bbox 861 3336 1044 3419; x_wconf 85' lang='lat' dir='ltr'>alienasset,</span> <span class='ocrx_word' id='word_1_229' title='bbox 1060 3323 1141 3404; x_wconf 76' lang='lat' dir='ltr'>Nor-</span> 
     </span>
     <span class='ocr_line' id='line_1_31' title="bbox 88 3435 1139 3518; baseline 0.002 -16"><span class='ocrx_word' id='word_1_230' title='bbox 88 3435 179 3505; x_wconf 86' lang='lat' dir='ltr'>banus</span> <span class='ocrx_word' id='word_1_231' title='bbox 198 3441 323 3504; x_wconf 90' lang='lat' dir='ltr'>nemini</span> <span class='ocrx_word' id='word_1_232' title='bbox 340 3459 492 3518; x_wconf 80' lang='lat' dir='ltr'>suorum,</span> <span class='ocrx_word' id='word_1_233' title='bbox 508 3437 607 3500; x_wconf 90' lang='lat' dir='ltr'>rebus</span> <span class='ocrx_word' id='word_1_234' title='bbox 625 3436 693 3499; x_wconf 86' lang='lat' dir='ltr'>suis</span> <span class='ocrx_word' id='word_1_235' title='bbox 711 3436 870 3518; x_wconf 83' lang='lat' dir='ltr'>adversis,</span> <span class='ocrx_word' id='word_1_236' title='bbox 893 3435 988 3501; x_wconf 86' lang='lat' dir='ltr'>fidem</span> <span class='ocrx_word' id='word_1_237' title='bbox 1008 3461 1139 3504; x_wconf 88' lang='lat' dir='ltr'>mansu·</span> 
     </span>
     <span class='ocr_line' id='line_1_32' title="bbox 87 3537 1140 3628; baseline 0.004 -26"><span class='ocrx_word' id='word_1_238' title='bbox 87 3539 396 3628; x_wconf 84' lang='lat' dir='ltr'>ramratns,privato</span> <span class='ocrx_word' id='word_1_239' title='bbox 404 3539 534 3628; x_wconf 82' lang='lat' dir='ltr'>navigio</span> <span class='ocrx_word' id='word_1_240' title='bbox 542 3537 697 3602; x_wconf 84' lang='lat' dir='ltr'>Rhodum</span> <span class='ocrx_word' id='word_1_241' title='bbox 707 3553 837 3602; x_wconf 88' lang='lat' dir='ltr'>avectus</span> <span class='ocrx_word' id='word_1_242' title='bbox 849 3555 906 3602; x_wconf 83' lang='lat' dir='ltr'>est.</span> <span class='ocrx_word' id='word_1_243' title='bbox 921 3540 1043 3622; x_wconf 89' lang='lat' dir='ltr'>Carbo,</span> <span class='ocrx_word' id='word_1_244' title='bbox 1058 3543 1140 3606; x_wconf 88' lang='lat' dir='ltr'>nihil</span> 
     </span>
     <span class='ocr_line' id='line_1_33' title="bbox 88 3639 1138 3729; baseline 0.007 -29"><span class='ocrx_word' id='word_1_245' title='bbox 88 3643 193 3706; x_wconf 88' lang='lat' dir='ltr'>nonin</span> <span class='ocrx_word' id='word_1_246' title='bbox 209 3666 250 3708; x_wconf 92' lang='lat' dir='ltr'>eo</span> <span class='ocrx_word' id='word_1_247' title='bbox 266 3644 364 3706; x_wconf 89' lang='lat' dir='ltr'>situm</span> <span class='ocrx_word' id='word_1_248' title='bbox 377 3641 490 3706; x_wconf 84' lang='lat' dir='ltr'>videns</span> <span class='ocrx_word' id='word_1_249' title='bbox 500 3689 510 3721; x_wconf 90' lang='lat'>,</span> <span class='ocrx_word' id='word_1_250' title='bbox 522 3641 551 3704; x_wconf 91' lang='lat' dir='ltr'>si</span> <span class='ocrx_word' id='word_1_251' title='bbox 565 3639 759 3729; x_wconf 81' lang='lat' dir='ltr'>praenestina</span> <span class='ocrx_word' id='word_1_252' title='bbox 772 3639 851 3703; x_wconf 82' lang='lat' dir='ltr'>solvi</span> <span class='ocrx_word' id='word_1_253' title='bbox 868 3639 995 3704; x_wconf 89' lang='lat' dir='ltr'>obsidio</span> <span class='ocrx_word' id='word_1_254' title='bbox 1014 3661 1138 3729; x_wconf 89' lang='lat' dir='ltr'>posset,</span> 
     </span>
     <span class='ocr_line' id='line_1_34' title="bbox 88 3737 1184 3834; baseline 0.001 -29"><span class='ocrx_word' id='word_1_255' title='bbox 88 3737 117 3804; x_wconf 84' lang='lat' dir='ltr'>l.</span> <span class='ocrx_word' id='word_1_256' title='bbox 132 3742 361 3834; x_wconf 87' lang='lat' dir='ltr'>Damasippum</span> <span class='ocrx_word' id='word_1_257' title='bbox 377 3740 452 3807; x_wconf 85' lang='lat' dir='ltr'>cum</span> <span class='ocrx_word' id='word_1_258' title='bbox 467 3743 594 3807; x_wconf 89' lang='lat' dir='ltr'>duabus</span> <span class='ocrx_word' id='word_1_259' title='bbox 608 3742 791 3832; x_wconf 85' lang='lat' dir='ltr'>legionibus</span> <span class='ocrx_word' id='word_1_260' title='bbox 805 3764 844 3804; x_wconf 88' lang='lat' dir='ltr'>eo</span> <span class='ocrx_word' id='word_1_261' title='bbox 860 3743 1018 3827; x_wconf 74' lang='lat' dir='ltr'>proficisci</span> <span class='ocrx_word' id='word_1_262' title='bbox 1030 3743 1138 3823; x_wconf 79' lang='lat' dir='ltr'>jubet3</span> <span class='ocrx_word' id='word_1_263' title='bbox 1182 3827 1184 3832; x_wconf 23' lang='grc' dir='ltr'>Ι</span> 
     </span>
     <span class='ocr_line' id='line_1_35' title="bbox 88 3840 1138 3934; baseline 0.004 -30"><span class='ocrx_word' id='word_1_264' title='bbox 88 3840 137 3904; x_wconf 76' lang='lat' dir='ltr'>sed</span> <span class='ocrx_word' id='word_1_265' title='bbox 155 3867 214 3908; x_wconf 88' lang='lat' dir='ltr'>nec</span> <span class='ocrx_word' id='word_1_266' title='bbox 235 3844 276 3908; x_wconf 91' lang='lat' dir='ltr'>ab</span> <span class='ocrx_word' id='word_1_267' title='bbox 297 3845 361 3908; x_wconf 90' lang='lat' dir='ltr'>ltoc</span> <span class='ocrx_word' id='word_1_268' title='bbox 383 3841 536 3932; x_wconf 88' lang='lat' dir='ltr'>quidem,</span> <span class='ocrx_word' id='word_1_269' title='bbox 556 3843 719 3932; x_wconf 87' lang='lat' dir='ltr'>occupatis</span> <span class='ocrx_word' id='word_1_270' title='bbox 742 3865 801 3934; x_wconf 90' lang='lat' dir='ltr'>per</span> <span class='ocrx_word' id='word_1_271' title='bbox 822 3843 942 3908; x_wconf 90' lang='lat' dir='ltr'>Sullam</span> <span class='ocrx_word' id='word_1_272' title='bbox 965 3845 1138 3931; x_wconf 85' lang='lat' dir='ltr'>angustiis,</span> 
     </span>
    </p>
   </div>
   <div class='ocr_carea' id='block_1_2' title="bbox 88 4048 1140 4200">
    <p class='ocr_par' dir='ltr' id='par_1_9' title="bbox 88 4048 1140 4200">
     <span class='ocr_line' id='line_1_36' title="bbox 116 4048 1140 4114; baseline -0.001 -16"><span class='ocrx_word' id='word_1_273' title='bbox 116 4048 131 4112; x_wconf 67' lang='lat' dir='ltr'>S</span> <span class='ocrx_word' id='word_1_274' title='bbox 143 4054 162 4100; x_wconf 87' lang='grc'>1.</span> <span class='ocrx_word' id='word_1_275' title='bbox 175 4055 209 4101; x_wconf 83' lang='grc'>11.</span> <span class='ocrx_word' id='word_1_276' title='bbox 219 4055 250 4104; x_wconf 76' lang='lat' dir='ltr'>C.</span> <span class='ocrx_word' id='word_1_277' title='bbox 261 4057 325 4114; x_wconf 74' lang='lat'>67⁰3</span> <span class='ocrx_word' id='word_1_278' title='bbox 341 4057 374 4102; x_wconf 74' lang='lat' dir='ltr'>A.</span> <span class='ocrx_word' id='word_1_279' title='bbox 386 4056 416 4103; x_wconf 84' lang='lat' dir='ltr'>C.</span> <span class='ocrx_word' id='word_1_280' title='bbox 431 4055 476 4102; x_wconf 76' lang='lat'>82.</span> <span class='ocrx_word' id='word_1_281' title='bbox 491 4079 526 4090; x_wconf 88' lang='lat'>-·</span> <span class='ocrx_word' id='word_1_282' title='bbox 538 4053 603 4102; x_wconf 74' lang='lat' dir='ltr'>vett.</span> <span class='ocrx_word' id='word_1_283' title='bbox 621 4055 659 4112; x_wconf 90' lang='lat' dir='ltr'>ll,</span> <span class='ocrx_word' id='word_1_284' title='bbox 675 4055 715 4100; x_wconf 81' lang='lat'>28.</span> <span class='ocrx_word' id='word_1_285' title='bbox 734 4079 769 4090; x_wconf 88' lang='lat'>—</span> <span class='ocrx_word' id='word_1_286' title='bbox 787 4052 839 4100; x_wconf 78' lang='lat' dir='ltr'>liv.</span> <span class='ocrx_word' id='word_1_287' title='bbox 858 4051 922 4113; x_wconf 78' lang='lat' dir='ltr'>Epir.</span> <span class='ocrx_word' id='word_1_288' title='bbox 936 4077 970 4086; x_wconf 86' lang='lat'>--</span> <span class='ocrx_word' id='word_1_289' title='bbox 986 4051 1092 4112; x_wconf 72' lang='lat' dir='ltr'>Appium</span> <span class='ocrx_word' id='word_1_290' title='bbox 1106 4077 1140 4086; x_wconf 88' lang='lat'>-·-</span> 
     </span>
     <span class='ocr_line' id='line_1_37' title="bbox 88 4127 484 4200; baseline 0.015 -22"><span class='ocrx_word' id='word_1_291' title='bbox 88 4127 141 4190; x_wconf 72' lang='lat' dir='ltr'>sn.</span> <span class='ocrx_word' id='word_1_292' title='bbox 151 4135 223 4182; x_wconf 76' lang='lat' dir='ltr'>Oros.</span> <span class='ocrx_word' id='word_1_293' title='bbox 229 4138 262 4196; x_wconf 77' lang='lat' dir='ltr'>V,</span> <span class='ocrx_word' id='word_1_294' title='bbox 274 4152 316 4184; x_wconf 84' lang='lat' dir='ltr'>ao.</span> <span class='ocrx_word' id='word_1_295' title='bbox 329 4163 363 4174; x_wconf 92' lang='lat'><em>-</em></span> <span class='ocrx_word' id='word_1_296' title='bbox 377 4137 484 4200; x_wconf 78' lang='lat' dir='ltr'>Appiam</span> 
     </span>
    </p>
   </div>
   <div class='ocr_carea' id='block_1_3' title="bbox 907 4248 963 4292">
    <p class='ocr_par' dir='ltr' id='par_1_10' title="bbox 907 4248 963 4292">
     <span class='ocr_line' id='line_1_38' title="bbox 907 4248 963 4292; baseline 0.018 -1"><span class='ocrx_word' id='word_1_297' title='bbox 907 4248 963 4292; x_wconf 81' lang='lat'>12.</span> 
     </span>
    </p>
   </div>
   <div class='ocr_carea' id='block_1_4' title="bbox 0 0 1442 4900">
    <p class='ocr_par' dir='ltr' id='par_1_11' title="bbox 0 0 1442 4900">
     <span class='ocr_line' id='line_1_39' title="bbox 0 0 1442 4900; baseline 0 1"><span class='ocrx_word' id='word_1_298' title='bbox 0 0 1442 4900; x_wconf 95' lang='lat' dir='ltr'> </span> 
     </span>
    </p>
   </div>
  </div>
 </body>
</html>
