2875 4900
331 394 383 462 IN
415 396 525 464 LOC.
552 396 645 465 LIB.
672 399 722 465 CI
756 400 976 469 LIVIANI.
1117 404 1193 499 407.

112 511 237 599 amnis)
256 513 421 579 Coraxicis
437 517 607 582 montibus
627 534 739 599 ortus,
756 520 799 583 ab
813 520 916 585 lben's
932 538 965 585 et
978 521 1111 587 Albanis
1127 526 1190 589 Ar-

111 612 254 675 meniam
270 612 404 697 dividit;
425 634 639 706 acceptoque,
656 636 693 683 ut
709 620 820 707 plures
843 622 1044 705 existimant,
1064 626 1188 707 Araxe,

112 708 287 777 duodecim
305 716 395 781 ostiis
411 717 445 781 in
463 742 551 783 mare
566 720 719 808 Caspium
736 720 891 787 decurrit.
909 724 1056 789 Difficilis
1075 741 1185 789 tamen

111 812 157 875 sic
173 836 309 903 quoque
330 821 483 885 transitus
500 822 582 903 luit3
604 844 793 910 quanquam
809 840 977 911 repertum
993 841 1027 889 et
1045 825 1185 908 vadum,

111 928 143 975 et
161 915 203 979 ab
222 916 316 982 boste
329 921 436 986 otium
453 938 538 1005 erat,
553 924 674 989 obvim
689 942 722 989 et
734 924 938 1014 rapiditatem
955 925 1111 992 llumiuis.
1128 927 1187 992 ld·
1296 1004 1300 1010 ¹

111 1015 199 1079 circo
219 1018 394 1109 Pompeius
412 1024 457 1087 ita
471 1022 633 1089 ordinavit
645 1048 780 1114 agmen,
799 1042 839 1089 ut
854 1028 982 1113 equites
997 1051 1113 1115 supra,
1128 1029 1185 1091 in·

110 1116 214 1181 serius
220 1118 368 1197 jumenta
384 1126 572 1206 sarcinaria,
589 1126 703 1189 inimo
716 1128 835 1193 milites
852 1130 1117 1195 transmitterent.
1130 1131 1184 1196 Sic

111 1236 268 1307 exceptus
279 1222 513 1312 fractusqueab
523 1226 688 1316 equitibus
698 1250 813 1292 cursus
820 1231 1184 1317 aquarum,molliorem

109 1318 212 1406 pediti
228 1324 400 1390 transitum
423 1326 536 1409 dabat3
556 1344 601 1411 et,
621 1328 755 1415 siquod
769 1329 957 1407 jumentum
973 1333 1005 1395 vi
1021 1330 1184 1395 fluctuum

107 1422 345 1510 corriperetur,
359 1428 465 1517 excipi
480 1428 589 1493 statim
602 1450 639 1493 ac
653 1429 816 1493 sublevari
827 1454 846 1494 a
857 1431 1006 1519 peditatu
1019 1448 1157 1520 poterat.

152 1524 307 1590 XXXIV.
324 1529 410 1593 Hinc
430 1527 472 1593 ad
491 1530 673 1618 Cambysen
692 1553 823 1595 amnem
839 1548 1051 1619 perventum,
1069 1532 1185 1619 quieto

106 1622 149 1685 ab
163 1622 314 1691 hostibus
331 1628 461 1712 itinere,
477 1629 537 1694 sed
553 1631 597 1694 ob
613 1646 730 1695 aestum
745 1633 900 1721 sitimque
917 1633 1058 1714 infesto,
1074 1656 1182 1719 quau·

106 1746 207 1811 quarn
221 1726 263 1791 ed
277 1728 348 1794 baec
362 1731 572 1795 incommoda
587 1732 736 1813 vitanda,
752 1749 854 1797 noctu
867 1732 1061 1821 plerumque
1078 1732 1181 1819 profi·

104 1824 314 1893 ciscebantur
331 1853 339 1895 :
360 1829 460 1895 duces
474 1832 583 1913 enim,
598 1855 704 1921 quum
720 1854 760 1895 ex
779 1832 914 1919 captivis
929 1847 1053 1911 esseut,
1072 1830 1113 1893 de
1129 1831 1184 1895 in·

103 1924 232 1993 dustria
256 1952 317 2018 per
336 1932 479 1997 difficilia
503 1934 574 1998 loca
599 1933 891 1999 circumducebant
911 1954 1040 2021 agmen.
1064 1933 1181 2018 Ipsum

103 2052 242 2119 quoque
259 2032 398 2118 llumen,
415 2034 506 2123 qnod
526 2034 749 2123 frigidissimas
770 2058 869 2125 aquas
888 2034 1038 2114 veheret,
1056 2032 1178 2098 dunno

101 2131 237 2214 majori,
251 2158 349 2222 quam
361 2137 493 2217 solatio,
510 2136 694 2201 sitientibus
708 2137 791 2217 fuit3
807 2155 841 2200 et
854 2136 966 2216 multi,
980 2158 1085 2222 quum
1098 2136 1185 2199 affe·-

101 2233 164 2297 tim
185 2258 223 2298 se
245 2236 513 2326 ingurg'tassent,
530 2236 565 2301 in
586 2237 721 2301 morbos
737 2236 934 2301 inciderunt.
955 2235 1056 2317 Inde,
1073 2257 1177 2322 quum

100 2333 216 2397 adbuc
232 2336 355 2402 hostile
366 2338 448 2403 nibil
464 2354 648 2427 appareret,
665 2360 725 2425 per
739 2336 975 2425 Cambysenam
990 2335 1033 2399 ad
1049 2337 1178 2401 Abanta

99 2435 244 2503 fluvium
260 2463 467 2528 processum,
481 2439 580 2520 nihil,
594 2455 711 2527 prmter
727 2462 861 2526 aquam,
879 2438 1045 2503 deferente
1061 2461 1175 2502 secum

99 2539 266 2621 exercitu,
278 2563 350 2628 quae
361 2540 474 2606 decem
486 2542 609 2604 utrium
625 2539 767 2604 millibus
778 2541 984 2628 portabatur;
998 2562 1074 2603 nam
1084 2538 1177 2604 arida

100 2639 159 2702 illa
174 2655 209 2702 et
224 2663 381 2728 aquarum
395 2645 490 2732 inops
503 2643 594 2730 regio
609 2658 659 2706 est
674 2665 682 2706 ε
698 2657 812 2706 catera
824 2641 966 2729 benigne
983 2639 1179 2729 praebeban-

100 2755 159 2802 tur
176 2739 218 2804 ab
235 2741 370 2824 ineolis,
386 2766 491 2832 eoque
504 2743 644 2808 vicissim
663 2742 770 2806 omnis
786 2741 827 2806 ab
840 2742 879 2807 iis
895 2742 1012 2821 injuria
1030 2741 1178 2806 abstine-

100 2841 213 2907 batur.
231 2844 303 2910 Hoc
315 2843 436 2910 flumen
457 2844 678 2935 transgressis,
700 2843 828 2908 Oroeses
844 2865 921 2910 cum
940 2843 1065 2931 ingenti
1082 2865 1183 2906 exer-s

100 2943 173 3004 citu
186 2941 299 3010 adesse
316 2948 498 3013 nuntiatur.
586 2953 588 2956 ’

147 3043 289 3110 XXXV.
311 3047 480 3138 Sexaginta
503 3048 602 3114 millia
626 3045 795 3134 peditum,
824 3042 997 3121 duodecim
1022 3045 1175 3131 equitum

98 3149 205 3212 fuisse
219 3147 407 3214 referuntur
420 3150 535 3214 Albani
554 3148 722 3236 Iberique,
740 3147 823 3211 male
834 3147 1027 3234 plerumque
1040 3143 1174 3224 armati,

98 3271 165 3314 nee
188 3247 252 3312 nisi
272 3247 414 3314 ferarum
437 3250 517 3314 tecti
537 3247 732 3338 tergoribus.
751 3248 856 3337 Igitur
876 3246 1053 3333 Pompeius
1065 3247 1171 3333 longa

97 3350 205 3438 magis
224 3336 357 3432 itinera,
378 3366 415 3415 et
434 3349 597 3416 difficilem
619 3348 927 3438 persequutionem,
949 3369 1047 3436 quam
1068 3347 1176 3412 aciem

97 3452 268 3533 bostium,
291 3452 424 3533 timens,
447 3461 485 3516 u't
506 3450 547 3515 ad
568 3473 711 3539 pugnam
734 3473 791 3514 eos
813 3450 963 3529 eliceret,
989 3449 1114 3536 equites
1134 3449 1169 3514 in

95 3577 234 3643 aequum
247 3554 358 3618 locum
369 3553 555 3642 praemittit3
568 3567 643 3639 post
654 3551 730 3614 illos
734 3551 827 3630 juxta
839 3549 953 3613 uallem
966 3549 1001 3614 iu
1013 3549 1171 3637 angustiis

96 3659 246 3722 locatum
268 3657 403 3720 militem
428 3655 550 3745 galeas,
573 3675 616 3717 ne
638 3653 766 3716 illarum
788 3652 914 3740 fulgore
935 3649 1171 3738 proderentur,

96 3771 197 3821 scuto
212 3773 341 3846 tegere,
355 3758 433 3820 etin
448 3779 554 3845 genua
567 3777 603 3820 se
618 3753 806 3835 demittere,
815 3752 926 3834 jubet.
935 3752 1079 3830 Oroeses,
1093 3753 1173 3816 solis

95 3857 268 3946 equitibus
277 3857 473 3946 conspectis,
485 3878 552 3945 quo
565 3878 683 3947 genere
694 3876 860 3919 armorum
874 3852 1080 3940 prevalebat,
1094 3873 1172 3915 con-

134 4069 153 4132 §
170 4069 295 4118 XXXIII.
310 4067 373 4116 run.
381 4069 431 4124 tl,
445 4082 461 4129 9
471 4077 495 4116 tt
508 4067 547 4114 13.
561 4091 596 4102 -
606 4063 669 4112 Plut.
680 4089 715 4100 -
726 4063 834 4128 Appiau.
848 4090 882 4099 -
896 4061 952 4110 Dio.
968 4088 1002 4098 -
1015 4060 1031 4124 S
1046 4061 1170 4140 XXXIV.

96 4151 163 4200 Plut.
177 4179 214 4190 ·-
224 4152 304 4201 strab.
313 4151 358 4200 lib.
367 4154 418 4211 xt,
428 4168 453 4216 p.
467 4151 527 4198 50¹.
537 4174 571 4188 -
585 4151 669 4197 From.
686 4171 718 4186 -
732 4146 793 4197 uio.
