2875 4900
322 361 393 432 300
496 364 566 430 JO.
591 363 935 434 FREINSHEMII
966 363 1209 430 SUPPLEM.

320 483 420 564 sidia,
442 498 476 547 et
492 483 675 570 frequentia
695 483 858 571 equestria
873 483 1067 564 certamina,
1084 482 1142 546 sed
1160 481 1248 546 nullo
1263 481 1365 544 eximio

314 585 357 647 in
370 584 557 648 alterutram
574 600 698 672 partem
715 598 900 664 momento,
918 583 1001 646 facta
1020 598 1107 661 sunt.

364 685 503 748 XXXII.
532 684 620 747 Dum
643 684 712 748 brec
735 707 754 747 a
776 683 964 748 Mithridate
985 699 1019 748 et
1040 683 1176 748 Lucullo
1206 695 1365 771 geruntur,

262 767 266 780 '
318 785 365 850 n.
378 788 473 850 com
487 785 665 875 proconsul
683 785 838 850 ennaea
856 785 1013 874 ninynae
1028 784 1140 848 nnn:
1160 781 1236 847 inde
1254 779 1365 844 ronse

319 888 416 952 maris
436 909 526 951 oram
547 888 656 976 legens
673 885 716 950 ad
737 885 924 971 Heracleam
949 885 1092 950 accessit.
1112 884 1163 949 Ibi
1184 883 1257 972 quia
1278 879 1366 969 pacati

319 989 401 1052 nihil
412 987 683 1076 respondebatur,
699 986 842 1052 adducto
857 986 898 1053 ad
912 985 1028 1050 moenia
1042 983 1202 1064 exercitu,
1217 1001 1366 1071 oppugna·

319 1089 442 1152 tionem
458 1103 582 1152 tentare
595 1110 664 1153 non
675 1110 793 1168 ausus,
806 1111 865 1176 per
875 1103 981 1175 partes
995 1085 1181 1150 Heracleam
1194 1081 1364 1158 assultabat,

318 1211 440 1277 paucos
455 1189 595 1256 subinde
610 1212 764 1257 romanos
781 1189 916 1270 milites,
932 1187 990 1254 sed
1001 1208 1157 1276 magnum
1167 1185 1365 1274 Bithynorum

319 1311 495 1354 numerum
506 1290 668 1355 moeuibus
678 1288 938 1355 admovensSed
947 1311 1050 1376 quum
1064 1288 1154 1352 inani
1162 1287 1291 1374 incepto
1299 1281 1365 1346 nihil

318 1404 435 1476 praeter
449 1391 585 1454 vulnera
599 1407 797 1480 reportaret,
817 1389 981 1456 testudine
996 1391 1128 1472 effecta,
1144 1386 1292 1453 adhibuit
1303 1383 1365 1447 arie

318 1505 404 1571 tem,
421 1507 454 1555 et
470 1492 605 1573 nurim,
622 1515 695 1580 quse
709 1492 863 1558 adversus
877 1492 942 1556 vim
961 1513 1029 1556 non
1047 1491 1104 1554 diu
1120 1490 1275 1555 duratura
1290 1483 1364 1552 ride·

317 1589 429 1673 batur,
446 1594 575 1681 pulsare
590 1593 744 1658 instituit.

359 1692 517 1757 XXXIII.
536 1692 600 1758 Sed
619 1694 678 1758 ubi
699 1694 799 1760 semel
821 1695 1007 1780 iterumque
1024 1712 1174 1781 percussa
1197 1689 1292 1753 turris
1310 1707 1362 1750 non

317 1791 417 1856 modo
440 1810 555 1882 preter
572 1796 762 1883 opinionem
783 1796 917 1876 restitit,
939 1793 1112 1858 sedetiam
1133 1791 1242 1856 arietis
1259 1786 1364 1879 perira-

316 1907 407 1958 ctum
428 1912 527 1984 caput
550 1913 618 1978 est3
642 1896 839 1960 Heracleotae
862 1895 952 1960 bono
973 1893 1100 1973 animo,
1123 1889 1299 1981 proconsul
1316 1885 1364 1948 ini·

315 1995 430 2080 quiore
445 2017 514 2060 esse
532 2012 711 2084 coeperunt.
726 1997 833 2084 Igitur
848 2019 952 2083 quum
965 1991 1123 2083 postridIe
1138 1991 1251 2055 denuo
1266 1991 1365 2052 frustra

314 2097 433 2160 turrim
451 2096 667 2176 verberasset,
686 2095 853 2158 machinas
869 2095 1021 2176 cremari,
1036 2092 1288 2156 architectorum
1304 2107 1366 2175 pre

314 2195 378 2260 cidi
392 2197 495 2286 capita
505 2196 618 2276 jussit3
634 2194 857 2283 praesidiisque
865 2194 957 2274 juxta
966 2217 1078 2258 muros
1090 2193 1291 2272 constitutis,
1305 2209 1365 2252 cun

316 2298 438 2378 majore
453 2313 544 2386 parte
553 2297 738 2384 copiarum,
753 2297 787 2360 in
800 2317 915 2384 campo
929 2296 1043 2383 Lycaeo
1059 2291 1226 2374 consedit,
1241 2293 1309 2355 loco
1321 2290 1366 2350 fer·

315 2398 382 2479 tili,
401 2397 443 2463 ad
457 2397 611 2463 alendum
630 2397 765 2461 militem
784 2397 941 2485 copioso:
957 2393 1045 2461 unde
1066 2416 1170 2484 quum
1194 2387 1366 2459 heracleoti-

315 2521 392 2563 cum
416 2522 531 2588 agrum
555 2521 688 2564 omnem
712 2514 901 2579 evastasset,
923 2498 1064 2579 obsessi,
1082 2497 1222 2585 permria
1245 2488 1365 2581 fatigati,

316 2599 428 2665 denuo
441 2601 690 2666 adCbersonesi
704 2600 843 2680 incolas,
862 2617 894 2664 et
906 2598 1168 2677 Theodosianos,
1188 2613 1221 2661 et
1237 2596 1291 2685 qui
1304 2594 1366 2656 Bos·

312 2724 433 2790 porum
448 2702 636 2767 accolebant
649 2703 795 2791 regulos,
817 2700 1004 2796 societatem
1018 2716 1052 2764 et
1063 2720 1232 2763 annonam
1245 2696 1365 2786 petitum

312 2802 493 2883 miserunt;
509 2817 542 2865 et
555 2802 672 2891 legatio
690 2801 825 2890 quidem
843 2802 918 2865 satis
935 2799 998 2865 fuit
1013 2800 1099 2865 felix.

354 2903 508 2968 XXXIV.
526 2904 687 2970 Caeterum
703 2902 884 2993 oppidanos
900 2918 933 2967 et
949 2902 1058 2967 hostes
1075 2901 1172 2979 loris,
1188 2918 1221 2966 et
1238 2902 1317 2963 intra
1329 2896 1366 2956 vi·

310 3027 399 3069 scera
419 3004 584 3069 crudelius
606 3002 793 3092 praesidiarii
816 3004 933 3067 milites
960 3002 1146 3092 angebant:
1169 3001 1227 3088 qui
1248 2996 1366 3066 eodem,

309 3127 379 3193 quo
395 3106 512 3195 vulgus
532 3104 667 3193 agebat,
682 3104 773 3169 rictu
789 3104 922 3169 minime
940 3102 1103 3179 contenti,
1118 3102 1273 3166 lautiores
1291 3097 1366 3161 cibos

310 3204 352 3268 ab
374 3207 484 3293 egenis
502 3222 536 3270 et
555 3206 709 3270 famelicis
732 3205 922 3270 hominibus
946 3205 979 3267 ri
1002 3226 1038 3267 ac
1062 3203 1255 3269 verberibus
1276 3214 1368 3265 extor-

311 3305 475 3391 quebant:
492 3328 600 3393 neque
612 3306 817 3369 Connacorix
832 3306 1002 3394 prefectus
1015 3305 1076 3369 ista
1091 3304 1282 3384 cohibebat;
1300 3296 1367 3387 quin

309 3402 363 3467 ille
377 3401 572 3469 deterrimus
583 3406 732 3481 omnium
746 3404 907 3495 gaudebat
920 3406 981 3470 hac
990 3405 1162 3487 violentia,
1179 3402 1368 3487 licentiaque

309 3526 446 3569 suorum
459 3506 688 3592 impunitatem
702 3504 882 3571 addiderat.

353 3604 490 3667 XXXV.
511 3606 589 3669 Haec
605 3605 708 3669 ferme
723 3604 774 3669 Itis
793 3606 984 3671 consulibus
1001 3606 1085 3671 bella
1106 3622 1195 3695 gesta
1211 3620 1297 3669 sunt.
1315 3601 1368 3662 nes

306 3702 449 3768 urbanas
470 3724 538 3766 non
555 3720 622 3768 tam
637 3705 775 3792 parvitas
791 3730 923 3788 earum,
940 3730 1038 3795 quam
1056 3708 1254 3796 scriptorum
1274 3722 1366 3793 penu-

306 3806 370 3889 ria,
386 3802 468 3868 tradi
486 3820 583 3871 vetat.
603 3808 765 3871 Caeterum
784 3808 893 3895 inopia
914 3810 1025 3873 Romae
1047 3808 1253 3888 laboratum,
1272 3798 1368 3893 piratis

305 3907 426 3988 maria,
445 3906 538 3993 pejus
554 3909 646 3971 omni
665 3924 874 3997 tempestate,
892 3910 1186 3998 praecludentibus3
1209 3925 1242 3975 et
1260 3900 1367 3989 judicia

346 4104 362 4165 s
374 4104 474 4152 XXXI.
485 4105 614 4154 Memnon.
