2875 4900
227 392 229 405 =
256 346 328 421 636
413 352 483 419 JO.
510 352 874 425 FREINSHEMH
906 352 1162 420 SUPPLEM.

256 494 356 559 quem
376 473 446 562 capi
469 494 565 561 posse
584 470 788 565 desperaret,
807 474 844 536 iu
862 495 1029 537 summum
1052 472 1167 538 odium
1189 496 1328 538 suomm

256 572 448 655 adduceret,
473 574 530 661 qui
549 592 684 664 propter
707 576 801 640 istius
821 572 991 663 perfidiam
1011 590 1077 639 tam
1094 574 1216 639 atrocis
1234 590 1329 663 pate-

201 727 205 735 .
256 690 382 741 rentur.
398 674 462 739 Sed
474 676 643 759 Gomium,
657 678 692 740 in
704 676 904 742 Britanniam
917 675 1115 765 fugientem,
1130 676 1328 764 insequutus

257 774 501 865 deprehendere
518 800 584 841 non
606 793 774 865 potuerat,
793 776 923 865 egregio
937 775 1081 840 hominis
1096 792 1169 841 estu
1183 775 1328 848 delusus.

256 879 341 943 Nam
354 880 381 943 is
395 902 498 967 quum
513 880 555 943 ad
567 881 735 944 Oceanum
747 880 899 960 veniens,
915 894 1051 943 ventum
1062 876 1196 967 quidem
1211 900 1329 942 semm-

258 978 358 1061 dum,
374 980 431 1047 sed
447 995 561 1045 aestum
575 978 796 1063 recedentem,
808 980 1001 1061 invenisset,
1016 980 1095 1043 etin
1109 978 1203 1043 siccis
1216 994 1331 1043 estus·

257 1080 316 1145 riis
333 1104 429 1145 naves
448 1082 623 1163 haererent,
638 1081 739 1170 pandi
755 1081 970 1147 nibilominus
982 1082 1053 1146 vela
1062 1080 1169 1160 jussit.

303 1183 395 1247 XIX.
409 1182 497 1270 Ergo
507 1183 614 1247 Cressa·
622 1206 754 1272 ,quum
767 1183 895 1248 eminus
909 1182 1068 1246 tumentia
1076 1196 1176 1246 rento
1187 1180 1332 1262 videret,

256 1284 323 1363 jam
341 1282 374 1345 in
397 1304 496 1346 cursu
507 1304 588 1350 esse
611 1298 746 1372 putans,
765 1306 808 1347 ne
832 1285 950 1348 frustra
967 1284 1087 1371 periret
1106 1282 1169 1346 sibi
1183 1298 1332 1371 tempus,

259 1382 400 1449 necessit.
418 1385 568 1449 Interea
560 1408 593 1449 ιιι
607 1386 817 1468 Pictonibus,
834 1385 967 1450 Duraeii
982 1399 1082 1473 atque
1094 1386 1258 1449 Dumnaci
1270 1384 1334 1449 dis·

257 1480 368 1551 cordia
391 1508 514 1551 novum
536 1487 660 1552 bellum
684 1504 806 1553 ortum.
831 1489 1010 1568 Duracius,
1041 1487 1100 1575 qui
1120 1508 1251 1575 semper
1276 1510 1333 1550 ro·

260 1608 428 1651 manarum
446 1588 589 1675 partium
606 1588 732 1671 fuerat,
755 1590 789 1653 iu
808 1588 931 1678 oppido
953 1588 1095 1653 Limono
1110 1586 1333 1653 obsidebatur

260 1688 364 1777 Igitur
379 1692 415 1755 C.
429 1691 586 1755 Caninius
599 1690 751 1773 Rebilus,
766 1690 912 1774 duabus,
930 1713 1011 1778 quas
1024 1690 1182 1770 habebat,
1195 1689 1333 1778 legioni·

260 1788 322 1855 bus
335 1790 501 1873 adductis,
513 1815 619 1881 quum
630 1791 672 1857 ad
682 1792 906 1857 dimicandum
917 1789 1006 1855 haud
1018 1792 1094 1855 setis
1105 1789 1215 1853 firmas
1224 1791 1333 1878 copias

261 1891 412 1975 haberet,
431 1894 561 1957 munito
574 1894 647 1958 loco
667 1892 825 1959 consedit.
841 1892 906 1958 Sed
921 1894 1129 1966 Dumnacus,
1147 1890 1261 1954 cestris
1276 1912 1334 1977 per

261 1992 386 2079 aliquot
401 1992 470 2057 dies
489 1994 609 2059 frustra
628 1994 845 2083 oppugnatis,
862 2016 967 2081 quum
982 1990 1118 2056 redisset
1133 1989 1175 2055 ad
1188 1989 1332 2055 obsidio·

262 2116 338 2157 nem
355 2095 501 2176 Limoni,
519 2096 639 2160 certior
660 2096 764 2161 factus
780 2095 821 2160 de
837 2094 981 2159 adventu
997 2095 1034 2158 C.
1051 2091 1142 2157 Fabii
1158 2091 1277 2181 legati,
1292 2115 1332 2155 ne

262 2194 395 2259 hincab
413 2196 606 2261 exercitibus
622 2197 782 2279 romanis,
798 2196 877 2260 inde
891 2197 933 2261 ab
950 2194 1090 2260 obsessis
1106 2192 1330 2274 invaderetur,

261 2294 400 2383 Ligerim
417 2297 529 2361 statuit
546 2298 655 2386 copias
673 2297 894 2362 transducere.

306 2396 381 2462 XX.
398 2396 462 2464 Sed
470 2398 536 2478 jam
550 2415 682 2487 pontem
695 2401 732 2464 C.
746 2398 865 2465 Fabius
876 2411 1106 2488 occupaverat3
1118 2395 1228 2484 isque,
1240 2397 1331 2484 equi·

264 2513 335 2562 tatu
352 2498 386 2561 in
405 2501 530 2564 nescios
550 2516 582 2564 et
598 2523 637 2564 ex
657 2500 774 2564 itinere
789 2501 890 2566 fessos
906 2499 1071 2581 immisso,
1088 2519 1240 2586 magnam
1252 2511 1331 2560 stra·

264 2621 338 2688 gem
366 2599 476 2664 edidit.
504 2601 683 2666 Cedentem
700 2601 1042 2667 deindeDumnacum
1068 2601 1265 2687 insequutus
1290 2599 1330 2662 ita

262 2699 461 2792 profligavit,
483 2719 520 2766 ut
542 2705 615 2791 plus
631 2726 730 2791 quam
750 2702 926 2768 duodecim
943 2703 1117 2766 bominum
1134 2701 1235 2764 millia
1255 2723 1330 2765 con·

264 2801 468 2886 ciderentur;
483 2807 688 2888 Dumnacus,
703 2806 858 2894 expulsus
870 2803 1006 2885 finibus,
1020 2801 1162 2867 nudatus
1176 2801 1330 2881 exercitu,

265 2927 393 2987 errans,
408 2905 611 2994 latitansque,
624 2907 658 2970 in
675 2923 833 2971 extremas
847 2907 1024 2972 Galliarum
1039 2920 1145 2994 partes
1160 2905 1332 2994 profugere
1407 2922 1408 2985 ζ

265 3023 446 3095 cogeretur.
470 3006 523 3073 Ad
542 3009 688 3096 quinque
711 3009 813 3074 ferme
833 3009 1008 3075 homiuum
1030 3005 1130 3070 millia
1150 3005 1192 3070 ad
1216 3007 1333 3094 Drape-

266 3121 333 3170 tem
349 3109 512 3174 Senonem
532 3132 572 3174 ex
593 3109 670 3200 iuga
692 3124 936 3191 convenerunt,
952 3130 1028 3174 cum
1045 3109 1166 3194 quibus
1183 3107 1239 3171 ille
1255 3107 1332 3170 Pro·

266 3208 404 3273 vinciam
426 3227 494 3274 crat
517 3211 694 3299 petiturus,
711 3227 879 3299 assumpto
894 3211 992 3275 etiam
1014 3210 1147 3273 Luterio
1165 3208 1332 3283 Cadurco,

266 3331 402 3374 summas
415 3311 557 3404 audaciae
568 3313 649 3379 viro.
660 3312 767 3401 igitur
779 3311 907 3376 romani
920 3311 1038 3391 duces,
1051 3308 1162 3373 divisis
1174 3309 1334 3398 partibus,

266 3412 302 3476 C.
327 3411 481 3477 Caninius
504 3414 537 3476 in
564 3414 768 3478 Provinciam
792 3411 978 3494 contendit,
999 3426 1038 3475 ut
1059 3411 1111 3474 his
1135 3424 1334 3488 cucumeres,

268 3513 304 3576 C.
329 3511 447 3575 Fabius
471 3513 505 3576 in
530 3514 689 3579 Carnutes
708 3514 914 3602 reliquasque
938 3512 1103 3593 civitates,
1125 3535 1198 3599 quae
1222 3511 1334 3575 auxilia
1407 3542 1408 3545 ¹

267 3613 439 3680 Dumnaco
455 3614 627 3696 miserant,
641 3617 802 3704 impetum
814 3615 903 3680 fecit.

313 3715 404 3780 XXI.
422 3717 527 3802 Atque
541 3717 620 3797 illae,
637 3717 761 3782 viribus
774 3717 903 3798 accisis,
917 3733 1042 3780 terrore
1055 3730 1170 3796 aucto,
1186 3714 1270 3779 datis
1282 3715 1336 3778 ob·

268 3815 392 3881 sidibus
406 3817 551 3882 celeriter
569 3817 602 3881 in
618 3816 818 3882 deditionem
833 3831 1005 3882 venerunt.
1023 3819 1067 3882 At
1084 3816 1208 3904 Drapes
1223 3831 1257 3878 et
1273 3814 1333 3876 Lu·

269 3919 369 3984 terius
389 3917 649 4002 Uxellodunum,
667 3921 702 3984 in
719 3905 875 3985 Caduicis
887 3919 1143 3984 munitissimum
1157 3916 1331 4007 oppidum,
1407 3952 1408 3969 ι

304 4115 320 4184 S
334 4121 659 4184 xvtn.,sronr.sun.11‚
672 4123 711 4173 rt.
725 4149 760 4161 -·
773 4121 877 4186 §XIX
890 4120 957 4183 llirt.
