<?xml version="1.0" encoding="UTF-8"?>
<!DOCTYPE html PUBLIC "-//W3C//DTD XHTML 1.0 Transitional//EN"
    "http://www.w3.org/TR/xhtml1/DTD/xhtml1-transitional.dtd">
<html xmlns="http://www.w3.org/1999/xhtml" xml:lang="en" lang="en">
 <head>
  <title>
</title>
<meta http-equiv="Content-Type" content="text/html;charset=utf-8" />
  <meta name='ocr-system' content='tesseract 3.04.00' />
  <meta name='ocr-capabilities' content='ocr_page ocr_carea ocr_par ocr_line ocrx_word'/>
</head>
<body>
  <div class='ocr_page' id='page_1' title='image "bibliothecaclas116lemagoog_0625.png"; bbox 0 0 2875 4900; ppageno 0'>
   <div class='ocr_carea' id='block_1_1' title="bbox 265 332 1147 411">
    <p class='ocr_par' dir='ltr' id='par_1_1' title="bbox 265 332 1147 411">
     <span class='ocr_line' id='line_1_1' title="bbox 265 332 1147 411; baseline 0.014 -12"><span class='ocrx_word' id='word_1_1' title='bbox 265 332 318 401; x_wconf 89' lang='lat' dir='ltr'>IN</span> <span class='ocrx_word' id='word_1_2' title='bbox 351 332 463 400; x_wconf 89' lang='lat' dir='ltr'><strong>LOC.</strong></span> <span class='ocrx_word' id='word_1_3' title='bbox 491 332 586 401; x_wconf 89' lang='lat' dir='ltr'>LlB.</span> <span class='ocrx_word' id='word_1_4' title='bbox 613 336 722 404; x_wconf 87' lang='lat' dir='ltr'>CVII</span> <span class='ocrx_word' id='word_1_5' title='bbox 751 337 964 407; x_wconf 81' lang='lat' dir='ltr'><strong>LIVIANI.</strong></span> <span class='ocrx_word' id='word_1_6' title='bbox 1077 339 1147 411; x_wconf 81' lang='lat'>615</span> 
     </span>
    </p>
   </div>
   <div class='ocr_carea' id='block_1_2' title="bbox 34 452 1158 3772">
    <p class='ocr_par' dir='ltr' id='par_1_2' title="bbox 70 452 1154 1855">
     <span class='ocr_line' id='line_1_2' title="bbox 87 452 1150 543; baseline 0.008 -26"><span class='ocrx_word' id='word_1_7' title='bbox 87 471 178 543; x_wconf 57' lang='lat' dir='ltr'>turos.</span> <span class='ocrx_word' id='word_1_8' title='bbox 198 454 244 515; x_wconf 71' lang='lat' dir='ltr'>Ea</span> <span class='ocrx_word' id='word_1_9' title='bbox 258 452 417 516; x_wconf 80' lang='lat' dir='ltr'>sententia</span> <span class='ocrx_word' id='word_1_10' title='bbox 432 476 534 539; x_wconf 89' lang='lat' dir='ltr'>quum</span> <span class='ocrx_word' id='word_1_11' title='bbox 551 469 584 517; x_wconf 87' lang='lat' dir='ltr'>et</span> <span class='ocrx_word' id='word_1_12' title='bbox 597 478 650 537; x_wconf 85' lang='lat' dir='ltr'>re,</span> <span class='ocrx_word' id='word_1_13' title='bbox 663 472 694 519; x_wconf 91' lang='lat' dir='ltr'>et</span> <span class='ocrx_word' id='word_1_14' title='bbox 707 456 751 520; x_wconf 95' lang='lat' dir='ltr'>ob</span> <span class='ocrx_word' id='word_1_15' title='bbox 766 470 949 541; x_wconf 80' lang='lat' dir='ltr'>auctorem,</span> <span class='ocrx_word' id='word_1_16' title='bbox 966 481 1050 524; x_wconf 82' lang='lat' dir='ltr'>nova</span> <span class='ocrx_word' id='word_1_17' title='bbox 1064 462 1150 525; x_wconf 88' lang='lat' dir='ltr'>vide·</span> 
     </span>
     <span class='ocr_line' id='line_1_3' title="bbox 89 552 1149 647; baseline 0.008 -31"><span class='ocrx_word' id='word_1_18' title='bbox 89 570 191 630; x_wconf 88' lang='lat' dir='ltr'>retur,</span> <span class='ocrx_word' id='word_1_19' title='bbox 209 552 301 641; x_wconf 87' lang='lat' dir='ltr'>quod</span> <span class='ocrx_word' id='word_1_20' title='bbox 319 554 468 647; x_wconf 79' lang='lat' dir='ltr'>Pompeii</span> <span class='ocrx_word' id='word_1_21' title='bbox 484 553 633 643; x_wconf 82' lang='lat' dir='ltr'>dignitati</span> <span class='ocrx_word' id='word_1_22' title='bbox 648 554 833 621; x_wconf 85' lang='lat' dir='ltr'>adversatus</span> <span class='ocrx_word' id='word_1_23' title='bbox 848 573 942 621; x_wconf 87' lang='lat' dir='ltr'>antea</span> <span class='ocrx_word' id='word_1_24' title='bbox 957 581 1084 647; x_wconf 82' lang='lat' dir='ltr'><strong>semper</strong></span> <span class='ocrx_word' id='word_1_25' title='bbox 1098 563 1149 625; x_wconf 88' lang='lat' dir='ltr'>Bi-</span> 
     </span>
     <span class='ocr_line' id='line_1_4' title="bbox 88 655 1150 751; baseline 0.009 -35"><span class='ocrx_word' id='word_1_26' title='bbox 88 655 180 717; x_wconf 89' lang='lat' dir='ltr'>bulus</span> <span class='ocrx_word' id='word_1_27' title='bbox 198 656 323 736; x_wconf 82' lang='lat' dir='ltr'>luerat,</span> <span class='ocrx_word' id='word_1_28' title='bbox 342 656 423 718; x_wconf 90' lang='lat' dir='ltr'>Cato</span> <span class='ocrx_word' id='word_1_29' title='bbox 441 657 634 739; x_wconf 77' lang='lat' dir='ltr'>exsurrexit,</span> <span class='ocrx_word' id='word_1_30' title='bbox 652 657 799 721; x_wconf 88' lang='lat' dir='ltr'>omnium</span> <span class='ocrx_word' id='word_1_31' title='bbox 818 659 972 746; x_wconf 90' lang='lat' dir='ltr'>opinione</span> <span class='ocrx_word' id='word_1_32' title='bbox 988 685 1150 751; x_wconf 80' lang='lat' dir='ltr'>repugna·</span> 
     </span>
     <span class='ocr_line' id='line_1_5' title="bbox 88 754 1151 848; baseline 0.007 -29"><span class='ocrx_word' id='word_1_33' title='bbox 88 773 197 836; x_wconf 87' lang='lat' dir='ltr'>turus,</span> <span class='ocrx_word' id='word_1_34' title='bbox 224 754 314 843; x_wconf 89' lang='lat' dir='ltr'>quod</span> <span class='ocrx_word' id='word_1_35' title='bbox 336 770 369 819; x_wconf 88' lang='lat' dir='ltr'>et</span> <span class='ocrx_word' id='word_1_36' title='bbox 398 771 491 821; x_wconf 85' lang='lat' dir='ltr'>antea</span> <span class='ocrx_word' id='word_1_37' title='bbox 520 757 712 846; x_wconf 88' lang='lat' dir='ltr'>Pompeium</span> <span class='ocrx_word' id='word_1_38' title='bbox 739 759 878 823; x_wconf 90' lang='lat' dir='ltr'>comitiis</span> <span class='ocrx_word' id='word_1_39' title='bbox 908 760 1151 848; x_wconf 72' lang='lat' dir='ltr'>praeficiendum</span> 
     </span>
     <span class='ocr_line' id='line_1_6' title="bbox 85 852 1149 952; baseline 0.008 -32"><span class='ocrx_word' id='word_1_40' title='bbox 85 858 291 939; x_wconf 86' lang='lat' dir='ltr'>jubentibus,</span> <span class='ocrx_word' id='word_1_41' title='bbox 311 880 375 921; x_wconf 82' lang='lat' dir='ltr'>non</span> <span class='ocrx_word' id='word_1_42' title='bbox 383 852 510 945; x_wconf 62' lang='lat' dir='ltr'>&#39;legibus</span> <span class='ocrx_word' id='word_1_43' title='bbox 525 860 559 921; x_wconf 78' lang='lat' dir='ltr'>t&#39;e</span> <span class='ocrx_word' id='word_1_44' title='bbox 572 859 738 947; x_wconf 85' lang='lat' dir='ltr'>Pompeio,</span> <span class='ocrx_word' id='word_1_45' title='bbox 756 859 812 924; x_wconf 86' lang='lat' dir='ltr'>sed</span> <span class='ocrx_word' id='word_1_46' title='bbox 831 860 977 950; x_wconf 80' lang='lat' dir='ltr'>Pompeio</span> <span class='ocrx_word' id='word_1_47' title='bbox 988 866 1022 926; x_wconf 84' lang='lat' dir='ltr'>in</span> <span class='ocrx_word' id='word_1_48' title='bbox 1032 864 1149 952; x_wconf 80' lang='lat' dir='ltr'>legibus</span> 
     </span>
     <span class='ocr_line' id='line_1_7' title="bbox 83 958 1147 1047; baseline 0.007 -25"><span class='ocrx_word' id='word_1_49' title='bbox 83 958 262 1046; x_wconf 54' lang='lat' dir='ltr'>praesteriam</span> <span class='ocrx_word' id='word_1_50' title='bbox 281 980 342 1021; x_wconf 87' lang='lat' dir='ltr'>esse</span> <span class='ocrx_word' id='word_1_51' title='bbox 356 972 513 1047; x_wconf 75' lang='lat' dir='ltr'>oportere,</span> <span class='ocrx_word' id='word_1_52' title='bbox 531 959 754 1047; x_wconf 79' lang='lat' dir='ltr'><strong>responderat.</strong></span> <span class='ocrx_word' id='word_1_53' title='bbox 770 961 834 1026; x_wconf 85' lang='lat' dir='ltr'>Sed</span> <span class='ocrx_word' id='word_1_54' title='bbox 854 962 923 1043; x_wconf 90' lang='lat' dir='ltr'>ille,</span> <span class='ocrx_word' id='word_1_55' title='bbox 944 966 1076 1046; x_wconf 77' lang='lat' dir='ltr'>«Hanc,</span> <span class='ocrx_word' id='word_1_56' title='bbox 1096 967 1147 1029; x_wconf 92' lang='lat' dir='ltr'>in-</span> 
     </span>
     <span class='ocr_line' id='line_1_8' title="bbox 88 1058 1150 1149; baseline 0.006 -26"><span class='ocrx_word' id='word_1_57' title='bbox 88 1060 197 1149; x_wconf 74' lang='lat' dir='ltr'>«quit,</span> <span class='ocrx_word' id='word_1_58' title='bbox 216 1058 412 1123; x_wconf 88' lang='lat' dir='ltr'>sententiam</span> <span class='ocrx_word' id='word_1_59' title='bbox 431 1082 603 1123; x_wconf 87' lang='lat' dir='ltr'>noueram</span> <span class='ocrx_word' id='word_1_60' title='bbox 619 1059 765 1125; x_wconf 90' lang='lat' dir='ltr'>dicturus</span> <span class='ocrx_word' id='word_1_61' title='bbox 779 1062 887 1149; x_wconf 74' lang='lat' dir='ltr'>prior,</span> <span class='ocrx_word' id='word_1_62' title='bbox 904 1062 961 1126; x_wconf 90' lang='lat' dir='ltr'>sed</span> <span class='ocrx_word' id='word_1_63' title='bbox 974 1063 1093 1128; x_wconf 78' lang='lat' dir='ltr'>dictam</span> <span class='ocrx_word' id='word_1_64' title='bbox 1109 1066 1150 1129; x_wconf 88' lang='lat' dir='ltr'>ab</span> 
     </span>
     <span class='ocr_line' id='line_1_9' title="bbox 70 1160 1150 1251; baseline 0.002 -26"><span class='ocrx_word' id='word_1_65' title='bbox 70 1161 170 1225; x_wconf 67' lang='lat' dir='ltr'>-nalio</span> <span class='ocrx_word' id='word_1_66' title='bbox 186 1183 324 1249; x_wconf 90' lang='lat' dir='ltr'>sequor,</span> <span class='ocrx_word' id='word_1_67' title='bbox 339 1176 371 1225; x_wconf 91' lang='lat' dir='ltr'>et</span> <span class='ocrx_word' id='word_1_68' title='bbox 384 1161 529 1251; x_wconf 90' lang='lat' dir='ltr'>approbo</span> <span class='ocrx_word' id='word_1_69' title='bbox 545 1184 552 1223; x_wconf 94' lang='lat'><strong>:</strong></span> <span class='ocrx_word' id='word_1_70' title='bbox 572 1160 751 1249; x_wconf 88' lang='lat' dir='ltr'>quemlibet</span> <span class='ocrx_word' id='word_1_71' title='bbox 763 1161 797 1224; x_wconf 92' lang='lat' dir='ltr'>in</span> <span class='ocrx_word' id='word_1_72' title='bbox 811 1161 899 1225; x_wconf 89' lang='lat' dir='ltr'>Urbe</span> <span class='ocrx_word' id='word_1_73' title='bbox 912 1163 1150 1250; x_wconf 83' lang='lat' dir='ltr'>magistratum,</span> 
     </span>
     <span class='ocr_line' id='line_1_10' title="bbox 90 1262 1154 1352; baseline 0.005 -26"><span class='ocrx_word' id='word_1_74' title='bbox 90 1286 207 1351; x_wconf 71' lang='lat' dir='ltr'>uquam</span> <span class='ocrx_word' id='word_1_75' title='bbox 225 1262 371 1344; x_wconf 88' lang='lat' dir='ltr'>nullum,</span> <span class='ocrx_word' id='word_1_76' title='bbox 391 1284 461 1327; x_wconf 86' lang='lat' dir='ltr'>esse</span> <span class='ocrx_word' id='word_1_77' title='bbox 483 1277 627 1352; x_wconf 79' lang='lat' dir='ltr'>praestat3</span> <span class='ocrx_word' id='word_1_78' title='bbox 652 1278 684 1325; x_wconf 87' lang='lat' dir='ltr'>et</span> <span class='ocrx_word' id='word_1_79' title='bbox 705 1262 897 1350; x_wconf 88' lang='lat' dir='ltr'>Pompeium</span> <span class='ocrx_word' id='word_1_80' title='bbox 920 1264 1068 1350; x_wconf 92' lang='lat' dir='ltr'>quolibet</span> <span class='ocrx_word' id='word_1_81' title='bbox 1090 1267 1154 1331; x_wconf 86' lang='lat' dir='ltr'>alio</span> 
     </span>
     <span class='ocr_line' id='line_1_11' title="bbox 89 1362 1153 1453; baseline 0.004 -26"><span class='ocrx_word' id='word_1_82' title='bbox 89 1366 230 1429; x_wconf 74' lang='lat' dir='ltr'>«rectius</span> <span class='ocrx_word' id='word_1_83' title='bbox 255 1388 393 1429; x_wconf 89' lang='lat' dir='ltr'>usurum</span> <span class='ocrx_word' id='word_1_84' title='bbox 415 1364 475 1429; x_wconf 90' lang='lat' dir='ltr'>hac</span> <span class='ocrx_word' id='word_1_85' title='bbox 499 1380 656 1453; x_wconf 80' lang='lat' dir='ltr'><strong>potestate</strong></span> <span class='ocrx_word' id='word_1_86' title='bbox 682 1362 813 1429; x_wconf 86' lang='lat' dir='ltr'>confido</span> <span class='ocrx_word' id='word_1_87' title='bbox 827 1395 851 1429; x_wconf 69' lang='grc' dir='ltr'>υ.</span> <span class='ocrx_word' id='word_1_88' title='bbox 882 1366 940 1428; x_wconf 88' lang='lat' dir='ltr'>His</span> <span class='ocrx_word' id='word_1_89' title='bbox 967 1368 1153 1431; x_wconf 86' lang='lat' dir='ltr'>auctoribus</span> 
     </span>
     <span class='ocr_line' id='line_1_12' title="bbox 90 1464 1153 1555; baseline 0.003 -27"><span class='ocrx_word' id='word_1_90' title='bbox 90 1466 201 1555; x_wconf 81' lang='lat' dir='ltr'>reliqui</span> <span class='ocrx_word' id='word_1_91' title='bbox 221 1466 333 1531; x_wconf 87' lang='lat' dir='ltr'>Patres</span> <span class='ocrx_word' id='word_1_92' title='bbox 354 1464 443 1529; x_wconf 88' lang='lat' dir='ltr'>haud</span> <span class='ocrx_word' id='word_1_93' title='bbox 464 1465 617 1553; x_wconf 85' lang='lat' dir='ltr'>gravatim</span> <span class='ocrx_word' id='word_1_94' title='bbox 639 1480 854 1529; x_wconf 87' lang='lat' dir='ltr'>annuerunt:</span> <span class='ocrx_word' id='word_1_95' title='bbox 878 1465 1049 1530; x_wconf 77' lang='lat' dir='ltr'>salubriter</span> <span class='ocrx_word' id='word_1_96' title='bbox 1070 1483 1153 1531; x_wconf 86' lang='lat' dir='ltr'>tem-</span> 
     </span>
     <span class='ocr_line' id='line_1_13' title="bbox 90 1564 1151 1656; baseline 0.004 -27"><span class='ocrx_word' id='word_1_97' title='bbox 90 1589 212 1651; x_wconf 87' lang='lat' dir='ltr'>perasse</span> <span class='ocrx_word' id='word_1_98' title='bbox 232 1565 311 1648; x_wconf 81' lang='lat' dir='ltr'>visi,</span> <span class='ocrx_word' id='word_1_99' title='bbox 339 1581 376 1629; x_wconf 88' lang='lat' dir='ltr'>ut</span> <span class='ocrx_word' id='word_1_100' title='bbox 397 1565 609 1655; x_wconf 84' lang='lat' dir='ltr'>praesentibus</span> <span class='ocrx_word' id='word_1_101' title='bbox 635 1564 822 1632; x_wconf 83' lang='lat' dir='ltr'>coercendis</span> <span class='ocrx_word' id='word_1_102' title='bbox 846 1565 951 1630; x_wconf 89' lang='lat' dir='ltr'>turbis</span> <span class='ocrx_word' id='word_1_103' title='bbox 976 1568 1151 1656; x_wconf 83' lang='lat' dir='ltr'>Pompeius</span> 
     </span>
     <span class='ocr_line' id='line_1_14' title="bbox 91 1664 1151 1754; baseline 0.005 -27"><span class='ocrx_word' id='word_1_104' title='bbox 91 1666 260 1754; x_wconf 86' lang='lat' dir='ltr'>imperium</span> <span class='ocrx_word' id='word_1_105' title='bbox 279 1666 367 1733; x_wconf 87' lang='lat' dir='ltr'>solus</span> <span class='ocrx_word' id='word_1_106' title='bbox 386 1666 536 1749; x_wconf 85' lang='lat' dir='ltr'>baberet,</span> <span class='ocrx_word' id='word_1_107' title='bbox 558 1683 711 1753; x_wconf 84' lang='lat' dir='ltr'>tanquam</span> <span class='ocrx_word' id='word_1_108' title='bbox 732 1664 889 1745; x_wconf 71' lang='lat' dir='ltr'>diamor,</span> <span class='ocrx_word' id='word_1_109' title='bbox 907 1666 1024 1731; x_wconf 85' lang='lat' dir='ltr'>rationi</span> <span class='ocrx_word' id='word_1_110' title='bbox 1042 1684 1151 1733; x_wconf 89' lang='lat' dir='ltr'>tamen</span> 
     </span>
     <span class='ocr_line' id='line_1_15' title="bbox 92 1765 891 1855; baseline 0.004 -28"><span class='ocrx_word' id='word_1_111' title='bbox 92 1765 277 1851; x_wconf 71' lang='lat' dir='ltr'>reddendae,</span> <span class='ocrx_word' id='word_1_112' title='bbox 297 1783 452 1855; x_wconf 87' lang='lat' dir='ltr'>tanquam</span> <span class='ocrx_word' id='word_1_113' title='bbox 469 1768 602 1848; x_wconf 87' lang='lat' dir='ltr'>consul,</span> <span class='ocrx_word' id='word_1_114' title='bbox 618 1783 702 1832; x_wconf 87' lang='lat' dir='ltr'>esset</span> <span class='ocrx_word' id='word_1_115' title='bbox 719 1766 891 1830; x_wconf 82' lang='lat' dir='ltr'>obnoxius.</span> 
     </span>
    </p>

    <p class='ocr_par' dir='ltr' id='par_1_3' title="bbox 70 1868 1156 2964">
     <span class='ocr_line' id='line_1_16' title="bbox 132 1868 1151 1956; baseline 0.003 -26"><span class='ocrx_word' id='word_1_116' title='bbox 132 1870 237 1934; x_wconf 93' lang='lat' dir='ltr'><strong>XXX.</strong></span> <span class='ocrx_word' id='word_1_117' title='bbox 255 1868 359 1933; x_wconf 89' lang='lat' dir='ltr'>Simul</span> <span class='ocrx_word' id='word_1_118' title='bbox 378 1869 527 1933; x_wconf 80' lang='lat' dir='ltr'>futurum</span> <span class='ocrx_word' id='word_1_119' title='bbox 547 1868 721 1950; x_wconf 85' lang='lat' dir='ltr'>rebantur,</span> <span class='ocrx_word' id='word_1_120' title='bbox 744 1884 782 1931; x_wconf 88' lang='lat' dir='ltr'>ut</span> <span class='ocrx_word' id='word_1_121' title='bbox 801 1891 820 1931; x_wconf 89' lang='lat' dir='ltr'>a</span> <span class='ocrx_word' id='word_1_122' title='bbox 841 1869 965 1931; x_wconf 82' lang='lat' dir='ltr'>Caesare</span> <span class='ocrx_word' id='word_1_123' title='bbox 981 1884 1015 1931; x_wconf 89' lang='lat' dir='ltr'>et</span> <span class='ocrx_word' id='word_1_124' title='bbox 1028 1871 1151 1956; x_wconf 88' lang='lat' dir='ltr'>populo</span> 
     </span>
     <span class='ocr_line' id='line_1_17' title="bbox 92 1967 1154 2056; baseline 0.004 -27"><span class='ocrx_word' id='word_1_125' title='bbox 92 1967 281 2056; x_wconf 88' lang='lat' dir='ltr'>Pompeium</span> <span class='ocrx_word' id='word_1_126' title='bbox 306 1969 547 2051; x_wconf 82' lang='lat' dir='ltr'>abstraherent,</span> <span class='ocrx_word' id='word_1_127' title='bbox 570 1969 699 2033; x_wconf 88' lang='lat' dir='ltr'>senatui·</span> <span class='ocrx_word' id='word_1_128' title='bbox 719 1991 753 2032; x_wconf 90' lang='lat' dir='ltr'>se</span> <span class='ocrx_word' id='word_1_129' title='bbox 776 1967 950 2049; x_wconf 88' lang='lat' dir='ltr'>daturum,</span> <span class='ocrx_word' id='word_1_130' title='bbox 972 1992 991 2031; x_wconf 91' lang='lat' dir='ltr'>a</span> <span class='ocrx_word' id='word_1_131' title='bbox 1013 1990 1080 2056; x_wconf 90' lang='lat' dir='ltr'>quo</span> <span class='ocrx_word' id='word_1_132' title='bbox 1105 1986 1154 2034; x_wconf 87' lang='lat' dir='ltr'>tot</span> 
     </span>
     <span class='ocr_line' id='line_1_18' title="bbox 70 2070 1154 2159; baseline 0.003 -28"><span class='ocrx_word' id='word_1_133' title='bbox 70 2088 220 2153; x_wconf 52' lang='lat' dir='ltr'>xornatus</span> <span class='ocrx_word' id='word_1_134' title='bbox 239 2074 332 2136; x_wconf 90' lang='lat' dir='ltr'>novis</span> <span class='ocrx_word' id='word_1_135' title='bbox 352 2072 533 2137; x_wconf 89' lang='lat' dir='ltr'>honoribus</span> <span class='ocrx_word' id='word_1_136' title='bbox 550 2088 642 2136; x_wconf 87' lang='lat' dir='ltr'>esset.</span> <span class='ocrx_word' id='word_1_137' title='bbox 661 2072 778 2159; x_wconf 76' lang='lat' dir='ltr'>Neque</span> <span class='ocrx_word' id='word_1_138' title='bbox 794 2070 1036 2159; x_wconf 86' lang='lat' dir='ltr'>tribuniplebis</span> <span class='ocrx_word' id='word_1_139' title='bbox 1056 2094 1154 2158; x_wconf 86' lang='lat' dir='ltr'>repu-</span> 
     </span>
     <span class='ocr_line' id='line_1_19' title="bbox 93 2171 1154 2260; baseline 0.002 -27"><span class='ocrx_word' id='word_1_140' title='bbox 93 2172 244 2259; x_wconf 77' lang='lat' dir='ltr'>gnabant,</span> <span class='ocrx_word' id='word_1_141' title='bbox 262 2173 332 2260; x_wconf 89' lang='lat' dir='ltr'>ipso</span> <span class='ocrx_word' id='word_1_142' title='bbox 351 2172 397 2237; x_wconf 91' lang='lat' dir='ltr'>sic</span> <span class='ocrx_word' id='word_1_143' title='bbox 413 2173 540 2236; x_wconf 88' lang='lat' dir='ltr'>volente</span> <span class='ocrx_word' id='word_1_144' title='bbox 557 2174 705 2237; x_wconf 86' lang='lat' dir='ltr'>Caesare:</span> <span class='ocrx_word' id='word_1_145' title='bbox 726 2193 801 2235; x_wconf 90' lang='lat' dir='ltr'>nam</span> <span class='ocrx_word' id='word_1_146' title='bbox 816 2194 892 2235; x_wconf 85' lang='lat' dir='ltr'>eum</span> <span class='ocrx_word' id='word_1_147' title='bbox 912 2171 1036 2235; x_wconf 85' lang='lat' dir='ltr'>tribuni</span> <span class='ocrx_word' id='word_1_148' title='bbox 1055 2172 1154 2235; x_wconf 90' lang='lat' dir='ltr'>colle-</span> 
     </span>
     <span class='ocr_line' id='line_1_20' title="bbox 93 2272 1153 2361; baseline 0.001 -26"><span class='ocrx_word' id='word_1_149' title='bbox 93 2293 160 2355; x_wconf 82' lang='lat' dir='ltr'>gam</span> <span class='ocrx_word' id='word_1_150' title='bbox 175 2273 332 2361; x_wconf 85' lang='lat' dir='ltr'>Pompeio</span> <span class='ocrx_word' id='word_1_151' title='bbox 344 2272 562 2336; x_wconf 88' lang='lat' dir='ltr'>destinarant:</span> <span class='ocrx_word' id='word_1_152' title='bbox 575 2272 678 2337; x_wconf 78' lang='lat' dir='ltr'>Caesar</span> <span class='ocrx_word' id='word_1_153' title='bbox 689 2272 730 2336; x_wconf 86' lang='lat' dir='ltr'>ad</span> <span class='ocrx_word' id='word_1_154' title='bbox 741 2272 900 2359; x_wconf 89' lang='lat' dir='ltr'>populum</span> <span class='ocrx_word' id='word_1_155' title='bbox 912 2273 988 2335; x_wconf 81' lang='lat' dir='ltr'>ferri</span> <span class='ocrx_word' id='word_1_156' title='bbox 999 2272 1153 2353; x_wconf 84' lang='lat' dir='ltr'>malebat,</span> 
     </span>
     <span class='ocr_line' id='line_1_21' title="bbox 94 2372 1152 2462; baseline 0.006 -31"><span class='ocrx_word' id='word_1_157' title='bbox 94 2386 126 2433; x_wconf 80' lang='lat' dir='ltr'>et</span> <span class='ocrx_word' id='word_1_158' title='bbox 142 2376 174 2434; x_wconf 81' lang='lat' dir='ltr'>ia</span> <span class='ocrx_word' id='word_1_159' title='bbox 198 2372 334 2437; x_wconf 81' lang='lat' dir='ltr'>secundo</span> <span class='ocrx_word' id='word_1_160' title='bbox 350 2373 485 2462; x_wconf 83' lang='lat' dir='ltr'>petendo</span> <span class='ocrx_word' id='word_1_161' title='bbox 510 2372 673 2437; x_wconf 83' lang='lat' dir='ltr'>consulatu</span> <span class='ocrx_word' id='word_1_162' title='bbox 684 2422 694 2454; x_wconf 92' lang='lat'>,</span> <span class='ocrx_word' id='word_1_163' title='bbox 718 2375 802 2436; x_wconf 81' lang='lat' dir='ltr'>ratio</span> <span class='ocrx_word' id='word_1_164' title='bbox 824 2373 957 2436; x_wconf 79' lang='lat' dir='ltr'>absentis</span> <span class='ocrx_word' id='word_1_165' title='bbox 979 2374 1152 2437; x_wconf 78' lang='lat' dir='ltr'>baberetur.</span> 
     </span>
     <span class='ocr_line' id='line_1_22' title="bbox 96 2473 1156 2563; baseline 0.006 -31"><span class='ocrx_word' id='word_1_166' title='bbox 96 2473 193 2562; x_wconf 79' lang='lat' dir='ltr'>igitur</span> <span class='ocrx_word' id='word_1_167' title='bbox 206 2475 489 2539; x_wconf 84' lang='lat' dir='ltr'>senatusconsulto</span> <span class='ocrx_word' id='word_1_168' title='bbox 503 2474 536 2537; x_wconf 93' lang='lat' dir='ltr'>in</span> <span class='ocrx_word' id='word_1_169' title='bbox 548 2475 740 2540; x_wconf 86' lang='lat' dir='ltr'>sententiam</span> <span class='ocrx_word' id='word_1_170' title='bbox 752 2474 857 2538; x_wconf 91' lang='lat' dir='ltr'>Bibuli</span> <span class='ocrx_word' id='word_1_171' title='bbox 871 2476 970 2555; x_wconf 84' lang='lat' dir='ltr'>facto,</span> <span class='ocrx_word' id='word_1_172' title='bbox 984 2498 1042 2563; x_wconf 90' lang='lat' dir='ltr'>per</span> <span class='ocrx_word' id='word_1_173' title='bbox 1055 2475 1156 2538; x_wconf 90' lang='lat' dir='ltr'>inter-</span> 
     </span>
     <span class='ocr_line' id='line_1_23' title="bbox 96 2575 1154 2664; baseline 0.005 -29"><span class='ocrx_word' id='word_1_174' title='bbox 96 2594 196 2662; x_wconf 76' lang='lat' dir='ltr'>regem</span> <span class='ocrx_word' id='word_1_175' title='bbox 210 2577 277 2640; x_wconf 92' lang='lat' dir='ltr'>Ser.</span> <span class='ocrx_word' id='word_1_176' title='bbox 295 2575 475 2664; x_wconf 90' lang='lat' dir='ltr'>Sulpicium</span> <span class='ocrx_word' id='word_1_177' title='bbox 489 2577 547 2638; x_wconf 91' lang='lat' dir='ltr'>Cn.</span> <span class='ocrx_word' id='word_1_178' title='bbox 564 2575 739 2664; x_wconf 89' lang='lat' dir='ltr'>Pompeius</span> <span class='ocrx_word' id='word_1_179' title='bbox 752 2576 885 2639; x_wconf 86' lang='lat' dir='ltr'>tertium</span> <span class='ocrx_word' id='word_1_180' title='bbox 898 2576 1013 2639; x_wconf 88' lang='lat' dir='ltr'>consul</span> <span class='ocrx_word' id='word_1_181' title='bbox 1028 2593 1154 2640; x_wconf 87' lang='lat' dir='ltr'>creatus</span> 
     </span>
     <span class='ocr_line' id='line_1_24' title="bbox 96 2673 1154 2757; baseline 0.008 -24"><span class='ocrx_word' id='word_1_182' title='bbox 96 2688 139 2734; x_wconf 82' lang='lat' dir='ltr'>est</span> <span class='ocrx_word' id='word_1_183' title='bbox 155 2676 263 2757; x_wconf 90' lang='lat' dir='ltr'>solus,</span> <span class='ocrx_word' id='word_1_184' title='bbox 282 2698 310 2740; x_wconf 91' lang='lat' dir='ltr'>a.</span> <span class='ocrx_word' id='word_1_185' title='bbox 332 2674 365 2739; x_wconf 92' lang='lat' dir='ltr'>d.</span> <span class='ocrx_word' id='word_1_186' title='bbox 384 2675 413 2738; x_wconf 88' lang='lat' dir='ltr'>V</span> <span class='ocrx_word' id='word_1_187' title='bbox 434 2673 494 2739; x_wconf 82' lang='lat' dir='ltr'>ltal.</span> <span class='ocrx_word' id='word_1_188' title='bbox 521 2677 648 2739; x_wconf 86' lang='lat' dir='ltr'>martias</span> <span class='ocrx_word' id='word_1_189' title='bbox 672 2699 782 2740; x_wconf 90' lang='lat' dir='ltr'>mense</span> <span class='ocrx_word' id='word_1_190' title='bbox 804 2676 1001 2757; x_wconf 90' lang='lat' dir='ltr'>intercalari,</span> <span class='ocrx_word' id='word_1_191' title='bbox 1022 2677 1083 2741; x_wconf 89' lang='lat' dir='ltr'>hac</span> <span class='ocrx_word' id='word_1_192' title='bbox 1098 2677 1154 2741; x_wconf 86' lang='lat' dir='ltr'>ad-</span> 
     </span>
     <span class='ocr_line' id='line_1_25' title="bbox 93 2772 1155 2864; baseline 0.006 -29"><span class='ocrx_word' id='word_1_193' title='bbox 93 2772 170 2848; x_wconf 84' lang='lat' dir='ltr'>jecta</span> <span class='ocrx_word' id='word_1_194' title='bbox 187 2775 395 2858; x_wconf 90' lang='lat' dir='ltr'>conditione,</span> <span class='ocrx_word' id='word_1_195' title='bbox 413 2777 565 2864; x_wconf 85' lang='lat' dir='ltr'>siquidem</span> <span class='ocrx_word' id='word_1_196' title='bbox 582 2775 736 2862; x_wconf 81' lang='lat' dir='ltr'>collegam</span> <span class='ocrx_word' id='word_1_197' title='bbox 754 2777 959 2858; x_wconf 64' lang='lat' dir='ltr'>(desideraret,</span> <span class='ocrx_word' id='word_1_198' title='bbox 976 2791 1013 2841; x_wconf 86' lang='lat' dir='ltr'>ut</span> <span class='ocrx_word' id='word_1_199' title='bbox 1028 2800 1084 2841; x_wconf 86' lang='lat' dir='ltr'>suo</span> <span class='ocrx_word' id='word_1_200' title='bbox 1100 2803 1155 2841; x_wconf 85' lang='lat' dir='ltr'>ar-</span> 
     </span>
     <span class='ocr_line' id='line_1_26' title="bbox 95 2874 853 2964; baseline 0.003 -26"><span class='ocrx_word' id='word_1_201' title='bbox 95 2874 206 2942; x_wconf 79' lang='lat' dir='ltr'>bitratu</span> <span class='ocrx_word' id='word_1_202' title='bbox 216 2929 226 2960; x_wconf 88' lang='lat'>,</span> <span class='ocrx_word' id='word_1_203' title='bbox 248 2877 329 2943; x_wconf 90' lang='lat' dir='ltr'>dum</span> <span class='ocrx_word' id='word_1_204' title='bbox 349 2902 390 2941; x_wconf 93' lang='lat' dir='ltr'>ne</span> <span class='ocrx_word' id='word_1_205' title='bbox 408 2879 492 2941; x_wconf 89' lang='lat' dir='ltr'>intra</span> <span class='ocrx_word' id='word_1_206' title='bbox 508 2878 678 2958; x_wconf 86' lang='lat' dir='ltr'>bimestre,</span> <span class='ocrx_word' id='word_1_207' title='bbox 696 2877 853 2964; x_wconf 77' lang='lat' dir='ltr'>allegere.</span> 
     </span>
    </p>

    <p class='ocr_par' dir='ltr' id='par_1_4' title="bbox 89 2977 1157 3268">
     <span class='ocr_line' id='line_1_27' title="bbox 135 2977 1155 3068; baseline 0.004 -30"><span class='ocrx_word' id='word_1_208' title='bbox 135 2977 259 3043; x_wconf 86' lang='lat' dir='ltr'><strong>XXXI.</strong></span> <span class='ocrx_word' id='word_1_209' title='bbox 279 2979 470 3066; x_wconf 87' lang='lat' dir='ltr'>Pompeius,</span> <span class='ocrx_word' id='word_1_210' title='bbox 491 2979 599 3043; x_wconf 87' lang='lat' dir='ltr'>statim</span> <span class='ocrx_word' id='word_1_211' title='bbox 621 2979 702 3041; x_wconf 91' lang='lat' dir='ltr'>inito</span> <span class='ocrx_word' id='word_1_212' title='bbox 724 2979 932 3066; x_wconf 84' lang='lat' dir='ltr'>magistratu,</span> <span class='ocrx_word' id='word_1_213' title='bbox 953 2979 1069 3041; x_wconf 73' lang='lat' dir='ltr'>Catoni</span> <span class='ocrx_word' id='word_1_214' title='bbox 1090 2980 1155 3068; x_wconf 84' lang='lat' dir='ltr'>egi-t</span> 
     </span>
     <span class='ocr_line' id='line_1_28' title="bbox 95 3067 1157 3166; baseline 0.006 -29"><span class='ocrx_word' id='word_1_215' title='bbox 95 3077 220 3160; x_wconf 83' lang='lat' dir='ltr'>gratias,</span> <span class='ocrx_word' id='word_1_216' title='bbox 243 3077 481 3164; x_wconf 86' lang='lat' dir='ltr'>consiliumque</span> <span class='ocrx_word' id='word_1_217' title='bbox 496 3079 564 3160; x_wconf 88' lang='lat' dir='ltr'>ejus</span> <span class='ocrx_word' id='word_1_218' title='bbox 581 3067 742 3166; x_wconf 79' lang='lat' dir='ltr'>expetivit.</span> <span class='ocrx_word' id='word_1_219' title='bbox 759 3078 834 3159; x_wconf 91' lang='lat' dir='ltr'>Ille,</span> <span class='ocrx_word' id='word_1_220' title='bbox 848 3101 912 3141; x_wconf 85' lang='lat' dir='ltr'>non</span> <span class='ocrx_word' id='word_1_221' title='bbox 927 3077 1110 3164; x_wconf 73' lang='lat' dir='ltr'>defidurmn</span> <span class='ocrx_word' id='word_1_222' title='bbox 1125 3105 1157 3143; x_wconf 91' lang='lat' dir='ltr'>se</span> 
     </span>
     <span class='ocr_line' id='line_1_29' title="bbox 89 3179 1155 3268; baseline 0.008 -30"><span class='ocrx_word' id='word_1_223' title='bbox 89 3181 204 3260; x_wconf 76' lang='lat' dir='ltr'>petenti</span> <span class='ocrx_word' id='word_1_224' title='bbox 211 3181 364 3268; x_wconf 80' lang='lat' dir='ltr'>privatim</span> <span class='ocrx_word' id='word_1_225' title='bbox 372 3229 382 3260; x_wconf 90' lang='lat'>,</span> <span class='ocrx_word' id='word_1_226' title='bbox 396 3179 586 3268; x_wconf 76' lang='lat' dir='ltr'>respondit,</span> <span class='ocrx_word' id='word_1_227' title='bbox 603 3179 734 3244; x_wconf 73' lang='lat' dir='ltr'>consilae</span> <span class='ocrx_word' id='word_1_228' title='bbox 750 3201 806 3242; x_wconf 85' lang='lat' dir='ltr'>suo</span> <span class='ocrx_word' id='word_1_229' title='bbox 812 3205 826 3260; x_wconf 88' lang='lat'>,·</span> <span class='ocrx_word' id='word_1_230' title='bbox 837 3179 964 3267; x_wconf 71' lang='lat' dir='ltr'>publtee</span> <span class='ocrx_word' id='word_1_231' title='bbox 981 3181 1076 3243; x_wconf 71' lang='grc' dir='ltr'><em>ετίαηι</em></span> <span class='ocrx_word' id='word_1_232' title='bbox 1091 3205 1155 3246; x_wconf 80' lang='lat' dir='ltr'>eon</span> 
     </span>
    </p>

    <p class='ocr_par' dir='ltr' id='par_1_5' title="bbox 34 3280 1158 3772">
     <span class='ocr_line' id='line_1_30' title="bbox 34 3280 1156 3369; baseline 0.005 -29"><span class='ocrx_word' id='word_1_233' title='bbox 34 3335 35 3340; x_wconf 73' lang='grc'>,</span> <span class='ocrx_word' id='word_1_234' title='bbox 91 3283 211 3360; x_wconf 80' lang='lat' dir='ltr'>petenti.</span> <span class='ocrx_word' id='word_1_235' title='bbox 234 3280 378 3344; x_wconf 86' lang='lat' dir='ltr'>Sederat</span> <span class='ocrx_word' id='word_1_236' title='bbox 394 3280 435 3344; x_wconf 89' lang='lat' dir='ltr'>ad</span> <span class='ocrx_word' id='word_1_237' title='bbox 451 3281 717 3368; x_wconf 87' lang='lat' dir='ltr'>componendum</span> <span class='ocrx_word' id='word_1_238' title='bbox 731 3281 914 3369; x_wconf 78' lang='lat' dir='ltr'>reipublicae</span> <span class='ocrx_word' id='word_1_239' title='bbox 930 3295 1050 3345; x_wconf 89' lang='lat' dir='ltr'>statum</span> <span class='ocrx_word' id='word_1_240' title='bbox 1064 3285 1156 3347; x_wconf 84' lang='lat' dir='ltr'>novis</span> 
     </span>
     <span class='ocr_line' id='line_1_31' title="bbox 97 3376 1154 3473; baseline 0.009 -34"><span class='ocrx_word' id='word_1_241' title='bbox 97 3376 215 3466; x_wconf 84' lang='lat' dir='ltr'>legibus</span> <span class='ocrx_word' id='word_1_242' title='bbox 235 3404 327 3473; x_wconf 88' lang='lat' dir='ltr'>opus.</span> <span class='ocrx_word' id='word_1_243' title='bbox 352 3382 456 3472; x_wconf 82' lang='lat' dir='ltr'>Igitur</span> <span class='ocrx_word' id='word_1_244' title='bbox 471 3383 503 3445; x_wconf 95' lang='lat' dir='ltr'>in</span> <span class='ocrx_word' id='word_1_245' title='bbox 521 3383 573 3446; x_wconf 89' lang='lat' dir='ltr'>his</span> <span class='ocrx_word' id='word_1_246' title='bbox 591 3383 698 3446; x_wconf 86' lang='lat' dir='ltr'>omnis</span> <span class='ocrx_word' id='word_1_247' title='bbox 716 3383 901 3448; x_wconf 87' lang='lat' dir='ltr'>consulatus</span> <span class='ocrx_word' id='word_1_248' title='bbox 920 3383 988 3463; x_wconf 83' lang='lat' dir='ltr'>ejus</span> <span class='ocrx_word' id='word_1_249' title='bbox 1007 3383 1054 3446; x_wconf 82' lang='lat' dir='ltr'>vis</span> <span class='ocrx_word' id='word_1_250' title='bbox 1074 3407 1154 3448; x_wconf 89' lang='lat' dir='ltr'>con·</span> 
     </span>
     <span class='ocr_line' id='line_1_32' title="bbox 97 3483 1158 3573; baseline 0.008 -34"><span class='ocrx_word' id='word_1_251' title='bbox 97 3498 218 3569; x_wconf 86' lang='lat' dir='ltr'>sumpta</span> <span class='ocrx_word' id='word_1_252' title='bbox 239 3500 296 3545; x_wconf 88' lang='lat' dir='ltr'>est.</span> <span class='ocrx_word' id='word_1_253' title='bbox 317 3483 394 3546; x_wconf 87' lang='lat' dir='ltr'>Post</span> <span class='ocrx_word' id='word_1_254' title='bbox 414 3483 498 3546; x_wconf 88' lang='lat' dir='ltr'>diem</span> <span class='ocrx_word' id='word_1_255' title='bbox 516 3485 647 3547; x_wconf 86' lang='lat' dir='ltr'>tertium</span> <span class='ocrx_word' id='word_1_256' title='bbox 665 3485 868 3573; x_wconf 82' lang='lat' dir='ltr'>magistratus</span> <span class='ocrx_word' id='word_1_257' title='bbox 884 3484 975 3565; x_wconf 89' lang='lat' dir='ltr'>initi,</span> <span class='ocrx_word' id='word_1_258' title='bbox 994 3508 1097 3572; x_wconf 90' lang='lat' dir='ltr'>quum</span> <span class='ocrx_word' id='word_1_259' title='bbox 1117 3485 1158 3548; x_wconf 88' lang='lat' dir='ltr'>de</span> 
     </span>
     <span class='ocr_line' id='line_1_33' title="bbox 97 3577 1158 3674; baseline 0.01 -35"><span class='ocrx_word' id='word_1_260' title='bbox 97 3577 215 3668; x_wconf 85' lang='lat' dir='ltr'>legibus</span> <span class='ocrx_word' id='word_1_261' title='bbox 230 3581 270 3647; x_wconf 88' lang='lat' dir='ltr'>ad</span> <span class='ocrx_word' id='word_1_262' title='bbox 287 3599 435 3647; x_wconf 83' lang='lat' dir='ltr'>senatum</span> <span class='ocrx_word' id='word_1_263' title='bbox 454 3578 767 3665; x_wconf 80' lang='lat' dir='ltr'>consul&#39;retulisset,</span> <span class='ocrx_word' id='word_1_264' title='bbox 780 3585 861 3648; x_wconf 83' lang='lat' dir='ltr'>duas</span> <span class='ocrx_word' id='word_1_265' title='bbox 876 3608 938 3647; x_wconf 86' lang='lat' dir='ltr'>esse</span> <span class='ocrx_word' id='word_1_266' title='bbox 946 3585 1158 3674; x_wconf 82' lang='lat' dir='ltr'>promulgau-</span> 
     </span>
     <span class='ocr_line' id='line_1_34' title="bbox 97 3679 1158 3772; baseline 0.007 -31"><span class='ocrx_word' id='word_1_267' title='bbox 97 3679 168 3762; x_wconf 86' lang='lat' dir='ltr'>das,</span> <span class='ocrx_word' id='word_1_268' title='bbox 186 3700 316 3748; x_wconf 87' lang='lat' dir='ltr'>senatus</span> <span class='ocrx_word' id='word_1_269' title='bbox 335 3684 482 3749; x_wconf 86' lang='lat' dir='ltr'>censuit:</span> <span class='ocrx_word' id='word_1_270' title='bbox 497 3683 632 3749; x_wconf 82' lang='lat' dir='ltr'>alteram</span> <span class='ocrx_word' id='word_1_271' title='bbox 647 3685 686 3748; x_wconf 89' lang='lat' dir='ltr'>de</span> <span class='ocrx_word' id='word_1_272' title='bbox 701 3686 755 3765; x_wconf 83' lang='lat' dir='ltr'>vi,</span> <span class='ocrx_word' id='word_1_273' title='bbox 768 3707 834 3772; x_wconf 83' lang='lat' dir='ltr'>qua</span> <span class='ocrx_word' id='word_1_274' title='bbox 853 3686 1039 3749; x_wconf 75' lang='lat' dir='ltr'>nominatim</span> <span class='ocrx_word' id='word_1_275' title='bbox 1057 3687 1158 3750; x_wconf 70' lang='lat' dir='ltr'>credes</span> 
     </span>
    </p>
   </div>
   <div class='ocr_carea' id='block_1_3' title="bbox 99 3901 1161 4139">
    <p class='ocr_par' dir='ltr' id='par_1_6' title="bbox 99 3901 1161 4139">
     <span class='ocr_line' id='line_1_35' title="bbox 129 3901 1156 3971; baseline 0.001 -19"><span class='ocrx_word' id='word_1_276' title='bbox 129 3901 144 3964; x_wconf 73' lang='lat' dir='ltr'>S</span> <span class='ocrx_word' id='word_1_277' title='bbox 162 3906 258 3953; x_wconf 87' lang='lat' dir='ltr'><strong>XXlX.</strong></span> <span class='ocrx_word' id='word_1_278' title='bbox 272 3905 380 3971; x_wconf 78' lang='lat' dir='ltr'>Appian.</span> <span class='ocrx_word' id='word_1_279' title='bbox 394 3931 429 3941; x_wconf 91' lang='lat'><em>-</em></span> <span class='ocrx_word' id='word_1_280' title='bbox 447 3904 504 3952; x_wconf 85' lang='lat' dir='ltr'>Dio.</span> <span class='ocrx_word' id='word_1_281' title='bbox 519 3933 554 3943; x_wconf 88' lang='lat'>—</span> <span class='ocrx_word' id='word_1_282' title='bbox 570 3904 586 3968; x_wconf 71' lang='lat' dir='ltr'>S</span> <span class='ocrx_word' id='word_1_283' title='bbox 605 3907 689 3952; x_wconf 79' lang='lat' dir='ltr'><strong>XXX.</strong></span> <span class='ocrx_word' id='word_1_284' title='bbox 700 3906 765 3952; x_wconf 79' lang='lat' dir='ltr'>Vell.</span> <span class='ocrx_word' id='word_1_285' title='bbox 780 3908 821 3963; x_wconf 89' lang='lat'>11,</span> <span class='ocrx_word' id='word_1_286' title='bbox 836 3914 877 3965; x_wconf 66' lang='lat'>47.</span> <span class='ocrx_word' id='word_1_287' title='bbox 892 3933 926 3940; x_wconf 96' lang='lat'>-</span> <span class='ocrx_word' id='word_1_288' title='bbox 944 3907 1045 3953; x_wconf 85' lang='lat' dir='ltr'>Sueten.</span> <span class='ocrx_word' id='word_1_289' title='bbox 1056 3906 1083 3951; x_wconf 87' lang='lat' dir='ltr'>iu</span> <span class='ocrx_word' id='word_1_290' title='bbox 1095 3905 1156 3953; x_wconf 77' lang='lat' dir='ltr'>Caro.</span> 
     </span>
     <span class='ocr_line' id='line_1_36' title="bbox 99 3988 1161 4054; baseline 0.004 -22"><span class='ocrx_word' id='word_1_291' title='bbox 99 4003 148 4049; x_wconf 80' lang='lat' dir='ltr'>cap.</span> <span class='ocrx_word' id='word_1_292' title='bbox 159 3990 201 4036; x_wconf 72' lang='lat' dir='ltr'>ao.</span> <span class='ocrx_word' id='word_1_293' title='bbox 214 4018 247 4025; x_wconf 91' lang='lat'>—</span> <span class='ocrx_word' id='word_1_294' title='bbox 264 3992 355 4037; x_wconf 75' lang='lat' dir='ltr'>Ancon</span> <span class='ocrx_word' id='word_1_295' title='bbox 369 4016 405 4037; x_wconf 65' lang='lat'>-,</span> <span class='ocrx_word' id='word_1_296' title='bbox 417 3989 539 4038; x_wconf 79' lang='lat' dir='ltr'>Plutarch.</span> <span class='ocrx_word' id='word_1_297' title='bbox 551 3988 576 4036; x_wconf 90' lang='lat' dir='ltr'>in</span> <span class='ocrx_word' id='word_1_298' title='bbox 591 3991 677 4054; x_wconf 85' lang='lat' dir='ltr'>Pomp.</span> <span class='ocrx_word' id='word_1_299' title='bbox 687 4001 712 4037; x_wconf 85' lang='lat' dir='ltr'>et</span> <span class='ocrx_word' id='word_1_300' title='bbox 725 3990 778 4037; x_wconf 83' lang='lat' dir='ltr'>Cat.</span> <span class='ocrx_word' id='word_1_301' title='bbox 788 4016 823 4024; x_wconf 82' lang='lat'>-</span> <span class='ocrx_word' id='word_1_302' title='bbox 834 3990 886 4036; x_wconf 86' lang='lat' dir='ltr'>Liv.</span> <span class='ocrx_word' id='word_1_303' title='bbox 901 3989 967 4054; x_wconf 84' lang='lat' dir='ltr'>Epit.</span> <span class='ocrx_word' id='word_1_304' title='bbox 983 4018 1016 4026; x_wconf 90' lang='lat'>-</span> <span class='ocrx_word' id='word_1_305' title='bbox 1027 3989 1081 4037; x_wconf 78' lang='lat' dir='ltr'>vn.</span> <span class='ocrx_word' id='word_1_306' title='bbox 1089 3990 1161 4036; x_wconf 77' lang='lat' dir='ltr'>Mu.</span> 
     </span>
     <span class='ocr_line' id='line_1_37' title="bbox 99 4069 939 4139; baseline 0.005 -25"><span class='ocrx_word' id='word_1_307' title='bbox 99 4069 169 4130; x_wconf 77' lang='lat' dir='ltr'>Vlll,</span> <span class='ocrx_word' id='word_1_308' title='bbox 184 4074 220 4120; x_wconf 81' lang='lat'>15.</span> <span class='ocrx_word' id='word_1_309' title='bbox 237 4102 271 4111; x_wconf 89' lang='lat'>—</span> <span class='ocrx_word' id='word_1_310' title='bbox 288 4073 415 4139; x_wconf 65' lang='lat' dir='ltr'><strong>§XXXX</strong></span> <span class='ocrx_word' id='word_1_311' title='bbox 428 4076 520 4120; x_wconf 79' lang='lat' dir='ltr'>Ascon.</span> <span class='ocrx_word' id='word_1_312' title='bbox 531 4073 635 4121; x_wconf 81' lang='lat' dir='ltr'>-Velt</span> <span class='ocrx_word' id='word_1_313' title='bbox 648 4100 682 4111; x_wconf 90' lang='lat'>-</span> <span class='ocrx_word' id='word_1_314' title='bbox 693 4071 746 4121; x_wconf 88' lang='lat' dir='ltr'>Cic.</span> <span class='ocrx_word' id='word_1_315' title='bbox 757 4071 864 4138; x_wconf 79' lang='lat' dir='ltr'>Philipp.</span> <span class='ocrx_word' id='word_1_316' title='bbox 877 4075 903 4129; x_wconf 89' lang='lat' dir='ltr'>l,</span> <span class='ocrx_word' id='word_1_317' title='bbox 916 4088 939 4132; x_wconf 78' lang='lat'>7.</span> 
     </span>
    </p>
   </div>
   <div class='ocr_carea' id='block_1_4' title="bbox 0 0 1459 4900">
    <p class='ocr_par' dir='ltr' id='par_1_7' title="bbox 0 0 1459 4900">
     <span class='ocr_line' id='line_1_38' title="bbox 0 0 1459 4900; baseline 0 0"><span class='ocrx_word' id='word_1_318' title='bbox 0 0 1459 4900; x_wconf 95' lang='lat' dir='ltr'> </span> 
     </span>
    </p>
   </div>
  </div>
 </body>
</html>
