2875 4900
266 350 336 436 364
445 354 879 426 sorauleHElrll
909 356 1152 426 SUPPLEM.

264 496 340 536 cum
353 474 445 537 omni
457 473 655 562 supellectile
669 477 897 558 concrematis,
914 499 954 540 ex
966 475 1089 565 oppido
1102 475 1258 565 profugit.
1269 477 1330 540 1110'

264 573 383 638 deinde
398 575 545 642 similiter
560 575 689 658 dedito,
711 577 849 664 Lyctus,
873 591 906 641 et
925 575 987 640 bac
1010 591 1152 664 recepta,
1168 576 1328 664 pleraeque

264 675 332 738 aliae
353 676 497 740 civitates
520 692 552 740 et
571 677 699 740 castella
719 677 754 739 in
777 676 874 742 fidem
894 693 1064 740 venerunt.
1083 675 1146 740 Sed
1168 675 1201 738 in
1221 676 1328 740 Asiam

264 777 474 865 Pontumque
487 778 575 841 missi
590 801 609 840 a
622 794 737 842 senatu
753 779 944 868 populoque
959 801 1095 842 romano
1107 777 1219 842 decem
1236 779 1329 868 legati

261 877 356 964 (quia
372 878 568 946 debellatum
583 901 659 943 cum
673 878 860 944 Mithridate
873 881 1027 944 Lucullus
1042 878 1229 967 scripserat)
1244 894 1331 967 post·
1363 958 1365 968 .

263 1001 361 1066 quam
386 981 420 1042 in
440 995 542 1044 castra
559 997 735 1062 venerunt,
758 1003 808 1046 res
826 996 1018 1069 repererunt
1035 979 1196 1062 turbatas,
1214 996 1249 1044 et
1268 979 1329 1042 im-

265 1096 445 1166 peratorem
459 1103 526 1167 pras
541 1081 682 1144 militum
696 1081 868 1146 insolentia
883 1104 924 1146 ne
938 1081 988 1144 sui
1003 1079 1135 1168 quidem
1150 1094 1329 1167 potentem.

307 1181 351 1244 11.
368 1181 452 1245 Nam
470 1181 530 1262 illi,
546 1196 718 1271 postquam
733 1199 840 1264 testas,
857 1183 891 1248 in
909 1205 1006 1270 quam
1024 1182 1241 1269 promiserant
1257 1204 1330 1269 ope·

264 1304 330 1361 ras,
347 1283 492 1364 transiit,
509 1284 646 1372 sumptis
662 1284 775 1366 armis,
792 1284 976 1370 strictisque
992 1282 1103 1372 gladiis
1121 1283 1241 1372 egressi
1255 1305 1330 1370 pro-

263 1398 422 1446 vocarunt
434 1383 563 1448 hostem
571 1376 585 1466 3¹
595 1401 628 1448 et
640 1401 814 1473 postquam
828 1384 1035 1472 comparebat
1047 1405 1160 1464 nemo,
1172 1381 1233 1446 diu
1246 1383 1328 1446 eninr

264 1499 338 1546 ante
350 1484 403 1547 ille
415 1507 449 1548 se
458 1502 638 1574 receperat,
652 1487 818 1575 impletam
833 1486 941 1551 testati
956 1484 1068 1564 fidem,
1087 1506 1185 1572 quam
1196 1484 1330 1548 Lucullo

264 1583 446 1667 dedissent,
463 1603 578 1674 praeter
596 1587 750 1676 exiguum
767 1589 908 1676 aliquem
925 1607 1120 1664 numerum,
1139 1599 1244 1648 castra
1259 1585 1328 1648 reli·

263 1703 415 1773 querunt.
431 1689 605 1770 Lucullus,
620 1688 710 1775 quod
724 1689 816 1752 aliter
829 1688 979 1752 sefacere
995 1707 1063 1748 non
1077 1706 1171 1772 posse
1184 1684 1328 1766 videbat,

262 1789 436 1852 valerianas
458 1790 602 1880 legiones
623 1788 767 1870 dimisit,
791 1805 982 1853 caeterorum
1001 1786 1142 1862 militum
1160 1785 1252 1872 quod
1268 1799 1330 1850 erat

264 1888 500 1972 turbulentius,
524 1890 693 1955 Glabrioni
719 1889 871 1972 tradidit3
895 1889 992 1970 alios,
1016 1887 1135 1974 quibus
1160 1887 1245 1950 nihil
1267 1903 1330 1950 erat

109 2045 115 2052 .
189 2016 193 2030 ’
263 1987 364 2070 domi,
373 1989 464 2077 quod
475 1991 621 2080 neglecto
631 1990 803 2078 plebiscito
812 1990 1026 2070 adimeretur,
1039 1989 1205 2076 aliquanto
1214 1989 1331 2076 aequio-

264 2113 314 2154 res
332 2093 394 2155 sub
408 2093 507 2181 signis
522 2092 695 2162 continuit.

306 2192 364 2256 Ill.
379 2193 504 2256 Eodem
522 2216 610 2256 anno
625 2195 737 2257 Rornae
754 2195 789 2258 L.
802 2195 939 2258 Roscius
953 2193 1042 2258 Otho
1059 2193 1214 2257 tribunus
1232 2192 1329 2280 plebis

264 2292 367 2381 legem
384 2293 475 2375 tulit,
492 2307 529 2357 ut
541 2295 693 2382 equalibus
705 2297 844 2358 romanas
858 2298 891 2358 in
905 2295 1028 2360 theatro
1040 2295 1281 2382 quatuordecim
1292 2293 1331 2354 ab

263 2394 420 2458 orcloestra
434 2397 534 2459 citiori
540 2396 663 2482 gradus
674 2398 915 2483 assignarentur
918 2421 932 2477 ,·
946 2410 1076 2485 excepto
1088 2411 1213 2475 tamen,
1230 2396 1330 2484 siquis

262 2508 363 2561 artam
383 2496 540 2561 ludicram
563 2502 764 2578 exercuisset,
790 2512 848 2563 aut
867 2522 924 2563 suo
934 2498 1120 2587 Ι[οντιιιιαενετ
1141 2490 1224 2562 vz'tio
1243 2496 1330 2559 deco·

262 2600 377 2678 sisset,
401 2617 437 2662 ut
455 2602 603 2665 nrinorem
621 2601 860 2689 quadringentis
880 2624 945 2665 rem
965 2600 1104 2663 baberet.
1122 2598 1199 2661 Fuit
1216 2600 1267 2661 illa
1284 2598 1330 2660 lex

263 2698 442 2787 gratissima
457 2701 621 2787 plerisque
637 2701 805 2788 equitum,
820 2700 913 2779 cujus
930 2699 1053 2765 ordinis
1069 2699 1264 2787 dignitatem
1280 2696 1331 2761 ad·

263 2800 418 2889 augebat3
435 2802 558 2889 populo
572 2802 711 2889 graviter
724 2801 850 2864 lerente
860 2800 1034 2864 discrimen
1048 2798 1147 2879 sedis,
1163 2822 1268 2886 quum
1282 2820 1332 2861 an·

264 2916 313 2964 tea
328 2901 513 2989 promiscue
532 2901 626 2988 plebs
641 2903 832 2989 equitesque
851 2890 1058 2989 spectassent.
1079 2902 1115 2963 A.
1127 2899 1259 2964 Gabinii
1276 2898 1330 2962 tri·

264 3004 347 3071 buni
362 3004 465 3091 plebis
482 3003 532 3067 lex
547 3001 589 3067 de
604 3003 740 3091 piratico
757 3004 857 3086 bello,
874 2999 1153 3091 quemadmodum
1173 3001 1329 3081 majorum

261 3126 371 3168 rerum
388 3104 528 3168 habebat
542 3103 728 3185 molimina,
746 3104 919 3169 sollicitum
936 3120 1085 3168 senatum
1104 3103 1233 3167 habuit.

305 3205 361 3267 lv.
380 3204 463 3267 Sane
483 3227 550 3268 nou
570 3220 661 3271 erant
678 3206 800 3293 exiguae
823 3228 945 3286 causae,
971 3227 1030 3269 our
1047 3204 1089 3271 ad
1105 3205 1229 3269 bellum
1248 3198 1331 3267 istud

262 3304 398 3368 summis
414 3305 538 3369 viribus
555 3304 790 3392 capessendum
807 3306 972 3393 properari
989 3321 1165 3392 oporteret.
1180 3305 1231 3367 lta
1248 3303 1331 3369 enim

262 3406 439 3493 piratarum
452 3406 631 3470 invaluerat
641 3406 733 3494 quasi
742 3406 891 3493 quaedam
903 3406 1099 3494 respublica,
1112 3420 1150 3469 ut
1157 3404 1225 3485 jam
1240 3400 1330 3467 multi
1346 3470 1348 3475 ,

262 3506 387 3594 magnis
402 3507 519 3593 opibus
533 3524 566 3571 et
581 3508 668 3572 claro
681 3528 799 3595 genere
813 3507 891 3588 viri,
907 3506 947 3571 ad
962 3506 1027 3569 hoc
1042 3504 1228 3595 prudentiae
1241 3500 1331 3568 laude

263 3608 419 3688 celebres,
435 3609 568 3672 nomina
582 3607 727 3671 societati
741 3606 865 3672 darent.
885 3609 989 3696 Igitur
1004 3606 1119 3671 classes
1135 3601 1331 3693 praedatoria

297 3800 314 3865 s
326 3803 347 3847 1.
361 3804 395 3851 U.
408 3803 436 3851 C.
446 3802 513 3860 6853
526 3802 557 3849 A.
567 3800 597 3849 C.
610 3799 838 3863 67.-1,iv.apit.
853 3826 889 3836 -
905 3798 970 3847 l'lor.
985 3798 1036 3853 ΙΙΙ,
1053 3811 1079 3855 7.
1096 3820 1132 3831 --
1151 3794 1259 3858 Appiam
1271 3788 1332 3854 apud

264 3885 333 3941 l'ulv.
347 3885 429 3934 Ursin.
456 3910 491 3922 -
510 3882 634 3932 Plutarch.
649 3882 677 3929 in
696 3883 813 3941 Lucullo,
830 3900 883 3947 cap.
905 3882 945 3943 73.
973 3907 1008 3916 —
1023 3878 1085 3937 Dio,
1104 3876 1149 3926 lib.
1161 3876 1285 3923 xxxvl.
1299 3894 1333 3908 -

263 3967 279 4033 s
292 3970 326 4015 ΙΙ.
337 3968 391 4017 cic.
405 3984 451 4033 pro
464 3968 518 4030 lege
531 3966 618 4015 Manil.
628 3982 682 4029 cap.
693 3982 719 4028 9.
736 3994 769 4003 -
786 3968 893 4031 Appian.
905 3962 1019 4011 Mithrid.
1029 3987 1065 3998 -
1077 3958 1093 4025 §
1107 3962 1152 4008 111.
1160 3958 1225 4007 Vell.
1240 3960 1276 4015 ll,
1293 3955 1330 4001 32.

263 4078 299 4089 -
320 4052 373 4105 Lir.
392 4053 459 4116 Epit.
476 4078 511 4087 —
529 4052 586 4099 Dio.
606 4077 641 4086 -
659 4049 712 4097 Cic.
729 4050 793 4097 Phil.
805 4053 842 4107 11,
862 4050 907 4105 18,
931 4059 955 4096 et
973 4060 1019 4113 pro
1033 4044 1158 4103 Murena,
1184 4058 1238 4105 cap.
1252 4053 1331 4106 ¹9·‘“

263 4136 348 4201 Labor.
362 4135 429 4205 apud
442 4134 555 4184 Macrob.
569 4138 619 4184 Sat.
632 4134 705 4195 11‚7.
