2875 4900
224 399 282 468 IN
313 397 429 466 LOC.
456 395 556 466 LIB.
584 399 734 468 LXXX
764 400 991 484 Ltvllttl.
1093 401 1142 499 69

76 521 258 602 littoribus,
275 521 391 586 Cinnae
405 519 498 599 jussu
515 521 700 610 premissus
716 543 793 590 rum
809 522 977 610 equitibus
990 525 1143 589 Censori·

79 645 134 688 nus
157 623 286 688 invasit.
313 622 365 687 Ibi
391 645 525 711 quoque
550 623 672 692 hortati
694 622 736 690 sd
758 622 870 712 fingam
897 623 992 688 amici
1019 647 1142 712 equum

76 724 258 790 obtulerant
277 745 286 787 t
304 723 376 804 ille,
401 745 444 789 ne
465 723 597 812 'surgere
616 723 750 812 quidem
771 723 945 813 dignatus,
970 747 1085 792 neoem
1107 728 1142 792 in

77 825 139 912 ipsa
154 824 263 890 curuli
276 824 483 912 exspectavit.

114 925 250 990 XXVII.
274 927 313 988 ln
340 925 417 990 sinu
440 925 626 1014 interempti
649 926 783 991 tabellas
807 941 950 1015 repertas
972 947 1042 991 esse
1063 949 1150 992 cum·

77 1027 171 1115 signis
189 1024 418 1096 Chalduornm
435 1025 563 1108 ferunt,
580 1025 697 1090 illustri
710 1027 754 1092 ad
768 1027 973 1116 coarguenda
985 1028 1064 1092 artis
1076 1029 1145 1094 ina·

74 1128 122 1190 nia
139 1125 350 1194 documento.
367 1128 476 1214 Caput
491 1126 671 1191 uerticibus
687 1127 866 1195 abscissum
885 1129 1087 1193 Censorium
1099 1127 1142 1194 ad

75 1227 210 1292 Cinnam
225 1227 350 1308 attulit,
366 1249 386 1290 u
401 1249 468 1314 quo
488 1229 625 1292 missum
644 1229 679 1292 In
692 1230 811 1307 Rostra
828 1243 896 1311 est,
911 1245 966 1312 ut,
983 1251 1051 1317 quo
1066 1230 1143 1294 loco

73 1343 165 1416 eaput
185 1341 366 1416 spectatum
383 1328 421 1393 P.
431 1327 563 1417 Sulpicii
586 1329 688 1410 foret,
709 1347 961 1419 proponeretur.
975 1333 1064 1400 'I'um
1081 1331 1141 1396 ‹le-

73 1451 160 1493 mmn
184 1427 297 1492 revelli
321 1443 406 1492 terra
428 1445 526 1516 eaput
550 1429 714 1516 potuisse,
737 1430 829 1517 quod
851 1431 941 1496 nulla
965 1447 1143 1521 nppurento

72 1551 164 1594 causa
187 1551 228 1592 ex
251 1528 425 1592 slmulacro
447 1529 609 1616 Apollinis
634 1530 812 1618 abruptum
838 1531 897 1596 diu
917 1549 994 1599 ante
1015 1534 1140 1614 fuerat,

71 1632 198 1710 ferunt3
213 1629 342 1718 expleto
355 1629 477 1696 seilicet
489 1646 611 1700 eventu
624 1629 783 1726 prodigii,
799 1631 891 1720 quod
905 1631 948 1700 ad
962 1655 1061 1701 suum
1074 1635 1144 1698 exi.

70 1733 148 1795 tium
166 1730 331 1818 pertinere
348 1731 503 1795 Octavius
519 1731 588 1819 ipse
602 1729 805 1820 predixerat.

109 1833 266 1898 XXVIII.
284 1832 489 1898 Consultatio
505 1831 626 1904 deiude
638 1831 764 1898 ducum
777 1832 902 1913 tenuit,
921 1832 1138 1919 quemadmo-

69 1933 144 1999 dum
158 1933 296 1998 vietoria
309 1947 497 2016 uterentur,
514 1957 693 2022 pacemque
705 1934 881 2002 firmarent.
895 1933 960 1998 Pru
973 1956 1036 1998 suo
1047 1934 1137 2022 quis·

69 2059 130 2124 qne
146 2036 283 2125 ingenio
296 2035 469 2116 oensebat3
487 2035 545 2100 sed
559 2055 658 2108 nemo
673 2035 870 2107 vellentne
886 2036 929 2116 Q.
940 2034 1137 2115 Sertorium,

68 2139 114 2202 rel
133 2136 257 2202 servitia
277 2138 313 2205 G.
328 2136 469 2202 Marium
490 2135 680 2225 adequabat
693 2159 702 2201 ε
717 2136 776 2203 sed
796 2137 850 2201 ille
867 2157 929 2203 nen
946 2136 1140 2204 auctoritate

68 2261 120 2326 prr
135 2253 207 2302 erat
218 2237 344 2319 lilerio,
367 2253 418 2319 et,
439 2237 603 2327 quidquid
619 2237 727 2304 dicere
741 2253 885 2327 poterat,
903 2238 971 2318 jam
990 2258 1010 2305 s
1031 2237 1136 2302 Mario

69 2361 139 2404 mm
157 2360 294 2404 assensu
309 2354 502 2408 enteromm
518 2338 650 2404 ridebat
667 2356 863 2429 occupatum
881 2361 890 2404 ε
908 2361 985 2404 narn
1002 2354 1136 2428 rogatus

70 2439 262 2507 sententiam
278 2439 419 2523 Marius,
437 2456 477 2505 ut
488 2457 558 2507 erat
572 2441 658 2507 inter
672 2442 754 2513 iram
769 2441 910 2511 tolerate
928 2442 1085 2525 formum,
1102 2455 1137 2507 et

69 2542 207 2607 letitiam
221 2542 418 2625 emendata,
434 2566 550 2631 parurn
565 2544 665 2611 animi
679 2566 833 2631 compos,
848 2544 894 2607 ita
906 2543 1022 2632 erepit:

107 2645 233 2709 XXIX.
253 2643 444 2731 ·siquidem
459 2667 497 2718 eu
511 2644 554 2715 de
571 2667 607 2709 re
618 2644 820 2723 deliberatis,
836 2645 873 2709 L.
882 2643 987 2708 Cinna
1000 2643 1135 2722 consul,

72 2744 261 2832 mutemque
272 2759 454 2827 senatores,
469 2746 630 2834 legatique
641 2762 674 2809 et
686 2745 844 2833 prefecti,
858 2742 1135 2832 quemadmodum

69 2845 119 2907 εἰη
142 2845 333 2933 praesentia,
350 2844 441 2933 quod
458 2845 574 2921 vultis,
597 2845 789 2929 obtineatis,
813 2868 885 2917 mea
901 2845 1061 2911 sententia
1081 2864 1133 2908 res

68 2967 154 3009 «non
176 2944 327 3034 indiget:
347 2968 423 3011 narn
445 2946 643 3011 acerbissimi
665 2947 765 3035 paulo
785 2962 861 3013 ante
880 2945 1005 3011 inimici
1018 2944 1133 3021 vestri,

68 3044 174 3109 «ultro
194 3044 289 3113 vobis
310 3044 452 3113 reditum
470 3048 504 3113 in
520 3046 675 3134 patriam,
694 3046 836 3113 reditum
851 3046 893 3113 ad
912 3047 1074 3127 honores,
1091 3045 1135 3110 ad

65 3146 271 3227 «nonum,
287 3146 467 3235 principem
482 3146 659 3217 incivitate
674 3148 802 3227 locum,
816 3148 945 3234 legum,
957 3143 1001 3209 de
1012 3144 1134 3233 quibus

64 3245 287 3311 decertatum
299 3262 363 3329 est,
374 3246 548 3329 lstinnern,
560 3264 593 3319 et
603 3248 663 3313 alia
675 3248 742 3313 hoe
752 3268 856 3337 genus
868 3246 1043 3315 liberaliter
1054 3246 1134 3313 offe·

62 3363 174 3411 «runt.
198 3348 255 3413 Sin
277 3368 374 3429 vern,
396 3370 464 3411 non
482 3348 563 3436 quid
583 3348 629 3413 illi
649 3348 744 3415 vobis
760 3348 919 3429 offerant,
941 3347 1131 3429 intuemini,

62 3448 140 3513 ·sed
155 3448 224 3513 lsoc
239 3448 365 3537 potius,
383 3447 661 3537 quemadmodum
677 3448 791 3531 adea,
806 3471 880 3537 quie
894 3446 1031 3537 cupiatis
1045 3448 1131 3513 obti-

61 3572 182 3632 ·nere,
198 3549 282 3614 nihil
301 3550 344 3617 sit
365 3550 496 3622 illorum
514 3572 678 3619 consensu
694 3566 753 3615 ant
766 3548 926 3622 beneficio
943 3572 1046 3639 opum
1062 3574 1131 3615 ma·

61 3672 230 3740 ·gnopere
250 3652 406 3719 interesse
420 3652 578 3734 arbitror,
595 3668 650 3733 ut,
666 3673 740 3739 que
758 3673 812 3722 tue
828 3651 928 3732 hujus
945 3650 1131 3739 reipublice

61 3774 151 3815 ·non
169 3751 305 3834 rudem,
319 3752 378 3819 sed
399 3768 492 3819 etate
510 3775 548 3817 ac
569 3774 632 3817 usu
648 3752 735 3817 inter
753 3753 894 3841 primos,
911 3773 964 3817 res
981 3752 1059 3838 ipse
1073 3750 1132 3816 do·

61 3870 245 3936 «ruerunt,
257 3853 322 3919 hoc
341 3870 488 3943 tempore
503 3876 570 3921 non
588 3852 802 3919 dissimulem.

97 4066 113 4129 S
124 4069 222 4119 XXVI.
229 4068 294 4119 Vell.
306 4096 342 4107 --
351 4069 417 4119 I'lut.
426 4098 460 4106 -
471 4070 536 4118 I'lor.
549 4071 601 4127 111,
611 4085 653 4117 ar.
665 4097 700 4109 -
709 4070 764 4119 Vel.
779 4071 847 4136 Max.
859 4068 966 4127 1,6.-
976 4066 1027 4115 tut.
1036 4065 1128 4131 Obseq.

66 4174 97 4183 -
110 4148 127 4213 5
138 4152 246 4201 XXVII.
260 4151 367 4202 Diodor.
380 4152 466 4217 llelog.
480 4152 524 4203 lsst.
536 4154 682 4205 XXXVIII.
694 4182 731 4191 -
741 4156 807 4225 Aug.
819 4153 850 4205 ds
861 4151 917 4201 Cir.
930 4148 989 4208 net,
1004 4150 1057 4209 111,
1067 4165 1110 4211 ²⁷·
