2875 4900
239 391 295 456 IN
325 387 441 455 LOC.
468 389 567 454 LIB.
595 387 772 452 LXXIX
798 385 1027 453 LIVIANI.
1122 381 1167 453 55

101 507 300 572 ·eonoordin
312 507 485 592 stabilique
499 505 619 569 liedere
632 503 897 591 conjunguntur?
908 504 1029 568 Murius
1041 506 1091 568 his
1102 526 1171 568 cor·

15 677 16 692 ,
101 632 185 696 apus
209 631 306 672 suum
332 609 535 695 salutemque
560 606 687 686 credet,
713 629 732 668 a
757 605 878 692 quibus
905 607 1055 694 proximo
1081 629 1169 670 anno

15 711 16 720 ’
100 709 226 772 «hostis
240 709 403 790 judicatus
425 709 496 772 est?
515 731 554 772 an
572 708 618 770 illi
635 729 765 770 causam
782 729 892 786 suam,
907 708 1096 794 Urbemque
1114 723 1170 770 aut

102 811 303 874 «exercitum
322 811 527 874 committent
546 811 672 888 Mario,
695 808 789 888 cujus
811 809 999 872 imitabilem
1021 809 1169 872 animum

102 936 191 977 «non
206 914 372 1001 ignorant,
389 912 512 976 receuti
531 912 673 992 offensa,
691 910 773 975 nihil
789 910 877 974 aliud
890 933 989 997 quem
1009 910 1168 974 ultionem

102 1013 296 1078 meditari?
311 1013 439 1081 Scilicet
456 1013 515 1076 Cn.
528 1013 680 1076 Octavius
698 1035 736 1076 es
750 1011 795 1076 de
808 1034 843 1075 re
860 1010 902 1076 ed
918 1028 1068 1076 senatum
1085 1011 1169 1074 rese·

106 1131 197 1194 «ret,
213 1130 280 1177 uun
296 1114 460 1179 eminente
475 1114 510 1176 in
526 1113 682 1176 sullanam
700 1113 875 1178 factionem
889 1113 1015 1191 studio,
1030 1129 1069 1176 nt
1083 1113 1171 1176 dele·

101 1231 198 1278 «ctus
213 1216 253 1280 ab
269 1216 357 1280 Sullu
372 1215 485 1295 fuerit,
501 1237 599 1302 quem
612 1231 740 1296 tecum,
754 1215 789 1277 L.
798 1215 920 1295 Cinna,
938 1215 1040 1278 immo
1056 1231 1170 1278 contra

102 1337 158 1384 «te
176 1321 346 1384 consulem
369 1318 510 1383 faceret?
528 1320 713 1382 Decernent
729 1339 807 1381 vero
826 1333 897 1380 tum
915 1318 986 1399 alii,
1005 1334 1077 1380 tum
1092 1338 1171 1378 vero

102 1420 334 1508 -cupidissime
359 1421 400 1501 Q.
416 1419 567 1498 Catulus,
588 1435 664 1506 post
685 1419 900 1482 intercessum
924 1417 1070 1480 cimbrici
1094 1414 1171 1480 belli

23 1549 28 1564 ·
101 1522 227 1586 «decus
243 1543 373 1608 semper
386 1519 563 1608 obliquus?

146 1623 233 1686 XLI.
258 1621 426 1702 «Quintus
447 1635 556 1684 autem
575 1619 743 1698 Metellus,
770 1635 804 1681 et
820 1621 880 1682 Cn.
897 1618 1090 1705 Pompeius,
1113 1616 1171 1703 qui

102 1722 186 1786 «soli
205 1745 295 1785 nunc
312 1722 417 1800 justos
435 1721 596 1784 exereitus
614 1719 755 1800 habent,
776 1719 866 1782 hunc
885 1720 974 1782 enise
997 1718 1170 1805 recipient,

102 1821 377 1909 *jurabuntquei
399 1823 450 1886 ille
475 1837 683 1909 paternarum
711 1821 954 1884 inimicitiarum
977 1822 1094 1899 heres,
1118 1819 1172 1882 hic

103 1939 191 1986 «tam
210 1922 348 2011 cupidus
361 1923 593 2010 imperiorum,
610 1938 648 1984 ut
663 1921 817 1984 tmditum
832 1921 958 1985 consuli
975 1921 1171 1998 exercitum,

102 2055 115 2076 ·
127 2047 208 2088 nece
225 2023 312 2086 illius
326 2039 472 2110 repetere
486 2045 554 2086 non
571 2022 613 2086 sit
631 2023 770 2102 verinis,
791 2021 915 2085 nedum
931 2021 985 2084 ille
1001 2021 1099 2108 recipi
1117 2045 1173 2084 ex·

103 2126 233 2190 «sulem
254 2125 356 2205 sinat,
381 2147 458 2188 eum
480 2125 659 2212 precipue,
677 2145 775 2211 quem
792 2124 827 2186 in
847 2122 932 2213 hunc
949 2123 1115 2185 fortunam
1133 2143 1173 2185 ex

103 2225 227 2290 animia
252 2223 429 2312 cupiditate
455 2224 619 2312 privinciae
646 2242 678 2288 et
707 2225 865 2288 exercitus
891 2223 1042 2288 incidisse
1073 2223 1171 2286 norit.

104 2329 256 2416 «Nempe
274 2330 301 2393 si
317 2328 486 2392 decretum
499 2328 540 2392 nb
558 2343 672 2392 senatu
692 2328 815 2392 bellum
832 2327 1087 2392 mithridaticum
1102 2325 1173 2390 adi-

105 2452 218 2493 ·mere
233 2431 269 2495 L.
280 2430 375 2493 Sullae
392 2427 513 2493 Marius
522 2429 643 2510 voluit,
659 2444 692 2493 et
702 2427 941 2518 propemodum
954 2429 1078 2517 potuit3
1093 2426 1174 2516 quid

103 2531 288 2620 «Pompeio
300 2530 495 2618 relinquitur
508 2531 593 2619 spei,
604 2553 700 2618 equo
711 2552 779 2594 uon
790 2529 892 2594 modo
902 2546 1047 2594 retentus
1060 2547 1174 2593 contm

105 2634 331 2700 avoluntatem
345 2634 478 2697 Petrum
493 2633 670 2713 exercitus,
689 2631 746 2697 sed
762 2632 857 2695 etiam
872 2631 989 2695 missus
1001 2631 1042 2694 ab
1058 2646 1175 2693 senatu

106 2764 119 2787 ι
128 2734 247 2797 consul
262 2734 388 2798 occisus
400 2732 471 2797 est?
482 2733 656 2797 Enimvero
672 2732 742 2796 hec
750 2734 801 2796 vel
817 2734 977 2821 praecipun
990 2733 1085 2795 nobis
1098 2754 1174 2794 ceu·

106 2835 173 2899 ‹tio
195 2856 267 2898 esse
289 2832 402 2913 debet,
423 2856 466 2895 ne
486 2834 672 2915 hominem,
692 2850 742 2898 tot
764 2850 862 2921 atque
884 2834 981 2897 tantis
997 2831 1173 2895 inimicitiis

106 2936 307 3015 -obrutum,
325 2936 369 2999 ita
385 2935 657 3021 complectamur,
672 2953 710 2999 ut
727 2935 761 2998 in
779 2957 839 2997 nos
856 2951 1005 3023 expetere
1020 2932 1094 2995 odia
1112 2933 1173 3019 ipsi

105 3036 238 3101 ·debita
252 3038 388 3124 possint.

150 3138 253 3201 XLII.
269 3135 740 3218 ‹Mrrltilrauddubienostms‚
754 3135 916 3199 autetiam
927 3149 1060 3197 neutras
1069 3149 1174 3221 partes

107 3239 356 3326 -sequentium,
373 3236 431 3301 ubi
452 3236 542 3300 hunc
559 3237 732 3301 nobiscum
751 3258 820 3299 esse
837 3235 989 3312 audient,
1008 3232 1085 3297 odio
1104 3256 1173 3299 me·

106 3356 206 3404 «tuve
230 3340 317 3403 illius
342 3341 377 3403 in
402 3338 533 3401 adverse
559 3355 661 3402 castra
685 3338 910 3416 conjicientur.
936 3337 1040 3424 Igitur
1068 3336 1174 3400 modis

108 3442 288 3506 -omnibus
304 3442 336 3505 id
353 3440 514 3529 aspernari
532 3462 569 3503 nc
582 3440 713 3519 rejicere
730 3440 901 3503 consilium
918 3438 1093 3517 dehemus,
1107 3461 1174 3524 quo

108 3544 228 3607 «nobis
245 3560 278 3606 et
287 3542 450 3607 difficilius
464 3541 588 3605 bellum
603 3540 677 3621 lint,
692 3558 725 3604 et
737 3540 929 3605 invidiosior
937 3540 1080 3605 victorin.
1092 3542 1174 3602 Nam

107 3646 204 3725 -ille,
225 3646 284 3708 ubi
303 3646 435 3707 fortuna
458 3666 516 3706 nos
538 3644 716 3724 adjuverit,
735 3642 897 3707 vindicare
915 3642 1052 3729 privatas
1072 3639 1176 3701 inimi·

109 3748 222 3809 ⁸«citius
237 3746 467 3810 communibus
486 3746 582 3809 armis
601 3746 708 3826 volet;
729 3762 761 3808 et
780 3768 877 3831 supra
895 3760 1042 3806 naturam
1060 3762 1174 3803 saevam
1273 3764 1277 3771 ·

106 3866 229 3936 «atque
247 3848 506 3938 sanguinarium,
523 3846 734 3911 contumelias
748 3869 821 3910 suas
835 3861 869 3909 et
883 3843 1025 3932 pericula
1042 3862 1175 3925 nuperae

107 3951 216 4039 «luga
237 3950 270 4012 in
296 3948 468 4013 consilium
487 3946 662 4013 adhibebit.
685 3948 841 4011 Nondum
864 3947 932 4008 haec
956 3958 1024 4007 emt
1044 3961 1175 4027 passus,

110 4072 236 4137 *quum
253 4050 298 4113 ob
314 4050 463 4115 tribunos
477 4050 517 4112 nb
536 4050 678 4113 exercitu
699 4049 875 4137 lapidatos,
893 4063 1079 4131 quanquam
1101 4054 1175 4102 ante

108 4182 121 4203 ι
131 4154 218 4216 fores
235 4151 323 4215 ultor
337 4166 438 4231 esset,
456 4153 575 4216 inultus
589 4152 731 4240 insignes
749 4152 833 4213 viros
847 4162 979 4234 propter
995 4142 1168 4205 amicitiam
