2875 4900
229 450 230 455 t
293 400 347 471 us
380 397 960 471 Loc.L1ss.crln1vmu1.
1061 386 1167 503 ’449
1252 494 1260 507 I

89 516 186 613 taque
195 522 367 615 largitione
376 536 425 586 est
436 544 534 603 usus,
548 536 586 585 ut
597 522 710 602 matri,
723 520 975 588 descendentem
984 524 1026 589 ad
1036 530 1168 595 comitia

89 651 164 692 cum
189 626 340 715 lacrymis
364 624 547 704 osculanti,
572 623 833 712 magnitudinem
855 624 927 689 teris
949 626 1046 691 alieni
1069 652 1167 720 repu-

89 726 210 809 tando,
227 726 364 791 dixerit:
382 756 395 781 α
406 724 530 806 Hodie,
550 740 671 805 mater,
688 740 746 789 aut
766 725 955 814 pontificem
972 729 1106 795 habebis
1129 731 1168 797 li·

88 830 214 909 -lium,
232 842 288 891 aut
304 827 450 891 exsulem
463 856 487 890 ι.
504 825 650 914 Ideoque
667 826 752 891 duos
772 843 837 891 tam
855 845 1006 916 potentes
1020 832 1108 897 viros
1123 834 1169 899 ita

88 930 275 1017 superavit,
300 944 339 992 ut
365 927 458 1017 plura
488 928 522 992 in
551 950 666 991 eorum
693 928 846 993 tribubus
872 932 1045 1021 suffragiu,
1069 957 1168 1022 quam

89 1048 229 1119 uterque
243 1031 276 1095 in
291 1029 447 1094 omnibus
460 1030 570 1094 ferret.
587 1030 664 1093 Piso
680 1028 782 1118 igitur
796 1045 830 1093 et
843 1032 995 1114 Catulus,
1012 1032 1063 1098 his
1076 1034 1183 1100 odio?

88 1156 162 1197 rum
188 1132 312 1213 causis,
330 1154 434 1219 quum
458 1132 624 1219 impellere
648 1131 818 1195 consulem
842 1133 1081 1220 nequivissent,
1105 1137 1168 1202 cir·

87 1230 278 1297 cumeundo
295 1248 424 1313 tamen,
448 1248 482 1296 et
502 1232 593 1296 velut
616 1254 655 1295 ex
671 1230 842 1296 Volturcio
860 1248 918 1298 aut
936 1236 1169 1329 Allobrogibus

24 1359 27 1371 ·
86 1334 198 1398 audita
212 1332 416 1416 differendo,
432 1349 559 1397 tantum
574 1332 619 1396 illi
634 1328 764 1397 invidiae
778 1332 978 1418 conflarunt,
991 1355 1029 1403 ut
1042 1340 1168 1428 equites

86 1435 217 1499 romani
245 1434 379 1523 quidam
409 1458 449 1499 ex
479 1456 520 1499 eo
548 1456 707 1516 numero,
737 1435 793 1522 qui
822 1436 946 1503 circum
977 1441 1169 1507 Concordiae

86 1536 192 1603 edem
208 1553 350 1603 armatus
367 1538 492 1618 stabat,
509 1552 666 1624 tanquam
685 1535 774 1601 hosti
792 1537 924 1624 publico
942 1540 1055 1629 gladiis
1071 1545 1169 1609 mini·

86 1654 248 1705 tarentur.

128 1742 253 1807 XCIX.
277 1741 329 1807 Ibi
350 1741 452 1805 Curio
477 1740 599 1805 dicitur
623 1763 700 1805 eum
718 1739 836 1806 texisse
852 1756 927 1831 toga
942 1765 1020 1826 sua,
1036 1762 1070 1811 et
1085 1771 1167 1813 con·

85 1846 159 1925 sul,
183 1844 390 1909 intuentibus
410 1844 445 1907 in
469 1866 545 1909 eum
569 1843 755 1930 equitibus,
770 1841 925 1907 abnuisse
946 1844 1087 1929 oedem3
1102 1851 1169 1914 sire

83 1942 242 2011 credebat
259 1946 491 2027 innocentcm3
509 1946 576 2009 sive
594 1946 647 2010 ille
665 1948 847 2033 potentiam
870 1945 1015 2013 hominis
1041 1969 1168 2018 metue-

84 2047 162 2130 bat,
186 2070 229 2113 ne
248 2071 345 2113 causa
367 2049 465 2128 hujus
490 2063 522 2112 et
546 2063 738 2113 caeterorum
762 2048 880 2127 mixta,
899 2050 1011 2136 potius
1034 2052 1106 2117 illos
1124 2056 1168 2119 ob

82 2152 246 2215 Caesarem
266 2165 409 2215 seruaret
430 2149 592 2238 populus,
619 2172 717 2236 quam
738 2172 814 2213 cum
832 2149 894 2213 illis
910 2152 1045 2217 interire
1063 2156 1169 2223 cm.

83 2276 156 2319 rem
173 2268 350 2341 pateretur.
370 2252 517 2315 Territus
533 2267 642 2315 tamen
659 2252 784 2331 Caesar,
801 2274 843 2315 an
862 2268 901 2316 ut
919 2253 1075 2321 invidiam
1090 2283 1169 2325 con·

83 2352 179 2420 llaret
204 2353 364 2433 inimicis,
388 2352 423 2415 in
446 2352 611 2439 reliquum
633 2351 711 2415 anni
733 2367 864 2439 tempus
887 2355 977 2418 curia
997 2357 1166 2426 abstinuit.

83 2459 178 2524 Inter
187 2456 259 2520 baec
275 2454 382 2519 liberti
394 2469 428 2519 et
439 2453 571 2519 clientes
588 2451 851 2535 conjuratorum,
866 2456 995 2520 servitia
1008 2474 1042 2524 et
1054 2459 1166 2527 faecem

81 2557 176 2648 vulgi
197 2555 464 2637 commovebant,
486 2571 524 2620 ut
543 2555 576 2618 ri
599 2553 777 2621 Lentulum
793 2569 826 2616 et
842 2571 975 2620 caeteros
992 2560 1166 2648 eriperent.

82 2662 162 2744 Qua
176 2682 212 2724 re
229 2659 379 2748 cognita,
397 2657 531 2738 consul,
549 2655 643 2736 cujus
661 2653 862 2742 diligentiam
877 2655 960 2722 nibil
974 2659 1166 2749 effugiebat,

82 2777 191 2829 noctu
204 2761 402 2849 Capitolium
414 2761 590 2848 forumque
602 2755 759 2847 presidiis
771 2774 926 2846 occupat;
938 2759 1054 2848 ipsein
1066 2762 1167 2830 domo

81 2861 258 2944 cujusdam
274 2861 369 2926 amici
384 2859 553 2949 praesentia
569 2858 729 2926 insomnis
745 2881 783 2923 ac
795 2859 953 2924 sollicitus
968 2863 1080 2927 animo
1094 2865 1165 2928 rol·
1238 2870 1248 2880 “
1267 2855 1278 2880 ’

80 2965 199 3030 rebat:
218 2985 293 3028 nam
310 2985 403 3027 suam
419 2961 556 3027 domum
571 2961 692 3026 intrare
705 2961 862 3050 religione
875 2963 1059 3047 vetabatur,
1074 2967 1166 3054 quod

81 3067 124 3132 ibi
151 3081 228 3130 tum
252 3064 405 3129 Terentia
425 3087 509 3129 uxor
526 3087 603 3128 cum
620 3061 805 3144 Vestalibus
822 3085 951 3128 sacrum
970 3066 1069 3130 Bonoe
1088 3069 1165 3134 Deo

79 3165 278 3232 celebrabat.
297 3166 432 3232 Detecto
448 3164 674 3246 conjuratione
689 3164 878 3244 laenbatur3
892 3165 950 3230 sed
969 3167 1163 3236 nobilissimi

80 3266 281 3357 deprehensi
291 3267 376 3332 cives
387 3267 568 3357 angebant,
581 3266 609 3332 si
621 3266 830 3348 tollerentur,
846 3265 1002 3332 invidiam
1016 3269 1096 3353 sibi,
1112 3273 1163 3345 sin

80 3371 250 3452 virerent,
268 3370 455 3460 reipublice
471 3369 654 3458 periculum
666 3368 806 3433 allaturi.

124 3474 165 3538 C.
191 3473 262 3538 Sub
279 3487 382 3538 ortam
399 3472 506 3537 lucem
523 3471 641 3560 (nonae
657 3469 847 3536 decembres
861 3473 973 3560 erant)
989 3473 1163 3542 confirma·

79 3591 131 3640 tus
146 3573 319 3666 prodigio,
336 3590 370 3638 et
387 3575 505 3638 nuntio
523 3573 702 3638 Vestalium
715 3574 855 3636 insistere
866 3573 1056 3653 jubentium
1068 3581 1165 3642 coasi-

78 3675 129 3742 Iit's
137 3725 149 3758 ,
167 3699 320 3766 maguum
335 3680 365 3740 si
379 3675 485 3742 buzen
497 3675 545 3740 nd
554 3675 694 3764 gloriam
703 3672 961 3763 praefersntsdus‚
975 3679 1064 3766 quod
1077 3680 1167 3744 donzi

76 3779 145 3867 qius
158 3779 245 3842 inter
255 3775 504 3866 sacnficandwn
517 3801 561 3842 ea:
561 3775 689 3866 favilla
704 3792 735 3842 et
747 3779 848 3841 cinere
859 3777 1163 3866 luculentoflamma

72 3893 292 3970 proruperat;
314 3882 477 3970 populum
497 3890 701 3948 sacramento
725 3902 784 3968 per
805 3897 960 3968 praetores
975 3879 1093 3971 adigit,
1110 3883 1166 3947 ubi

110 4087 129 4155 5
140 4088 262 4140 xcvus
271 4091 372 4139 δυοῖσι.
383 4091 411 4138 in
424 4090 486 4140 Ces.
497 4105 551 4154 cap.
564 4091 604 4141 13.
620 4115 656 4130 -·
667 4088 733 4138 Plut.
749 4115 785 4126 -
798 4086 897 4138 Sallust.
911 4115 947 4125 —
957 4087 974 4152 5
986 4088 1081 4138 XCIX.
1094 4089 1159 4138 l’lut.

74 4201 112 4212 -
126 4173 184 4225 cte.
196 4201 233 4211 -·
246 4174 305 4224 Dio.
316 4202 351 4212 —-
365 4173 461 4224 Sallust.

206 4271 249 4339 Χ.
918 4287 965 4360 29
