2875 4900
277 411 347 484 328
450 413 892 483 10.FRE1N511EM11
923 409 1170 482 SUPPLEM.

275 535 431 620 traditur,
454 535 652 624 Triptolemi·
669 533 765 600 lilius.
789 533 939 600 Civitates
955 531 1053 598 etiam
1073 532 1190 596 multas
1206 549 1340 620 nupera

275 637 415 726 Tigrane
429 635 588 718 domitas,
607 659 712 723 quum
736 634 902 724 adipsum
921 634 1003 698 clam
1026 632 1189 730 misissent
1207 633 1339 722 legatos,

276 738 311 800 in
333 736 503 826 presentia
520 737 687 824 quiescere
702 735 816 818 jussit,
838 751 877 798 ut
893 733 1078 800 advenienti
1098 734 1234 798 Lucullo
1248 756 1282 798 se
1297 757 1342 797 re·

276 854 443 902 servarent
462 859 471 902 :
488 858 666 927 graecarum
683 835 771 901 enim
794 837 928 901 urbium
950 837 1082 924 spiritus
1102 835 1283 899 armenium
1291 835 1353 916 ju!

275 960 354 1027 gum
364 936 619 1026 haudquaquam
627 937 737 1002 animo
746 958 842 1026 aequo
851 938 1068 1026 patiebantur.
1079 937 1121 1000 Et
1131 959 1230 1026 super
1239 936 1341 1000 omnia

275 1039 379 1103 inrisa
400 1053 469 1103 erat
489 1038 700 1124 intolerabilis
721 1039 874 1129 superbia
893 1039 1060 1128 Tigranis,
1076 1039 1134 1127 qui
1152 1039 1282 1103 fortuna
1301 1039 1342 1102 in·

277 1137 374 1231 ssatus
384 1187 393 1219 ,
415 1161 524 1226 neque
546 1138 732 1226 cupiditatis
754 1161 821 1204 sure
842 1139 963 1218 linem,
986 1161 1096 1228 neque
1117 1139 1342 1230 magnitudinis

277 1239 415 1304 modurn
432 1240 623 1328 reperiebat.

323 1342 396 1406 VII.
419 1342 503 1406 Nam
521 1364 541 1405 a
563 1340 783 1407 mediocribus
806 1342 906 1407 initiis
922 1341 1109 1430 profectus,
1127 1341 1341 1432 annisviginti

276 1443 424 1530 quinque
439 1442 557 1507 multas
572 1452 685 1532 gentes
698 1442 881 1508 domuerat.
899 1443 1192 1532 Mesopotamiam,
1208 1431 1341 1532 Syriam,

277 1543 454 1608 Phoenicen
483 1559 706 1632 occupaverat.
732 1543 869 1608 Parthos
891 1543 1039 1634 gravius,
1060 1566 1159 1633 quarn
1178 1544 1340 1632 quisquam

277 1661 353 1708 ante
367 1667 445 1708 eum
461 1645 560 1728 alius,
574 1662 764 1728 vexaverat,
778 1645 905 1710 infinita
916 1666 1019 1734 prope
1034 1647 1132 1710 millia
1144 1647 1339 1723 Graecorum,

277 1769 298 1810 e
311 1747 419 1812 Cilicia
432 1747 701 1837 Cappadociaque
716 1747 928 1830 abactorum,
944 1748 978 1812 in
997 1747 1235 1836 Mesopotamia
1251 1747 1342 1812 collo·

279 1864 383 1930 caret,
397 1839 535 1912 scenitis
556 1849 653 1914 etiarn
672 1849 818 1913 Arabum
840 1848 1014 1914 transferre
1034 1848 1127 1914 sedes
1148 1850 1184 1914 iu
1207 1847 1340 1914 locasilri

279 1950 439 2038 placentia
461 1951 590 2015 coactis.
620 1951 678 2016 His
699 1952 798 2016 rebus
821 1951 866 2015 ita
889 1968 957 2016 erat
978 1953 1100 2030 elatus,
1121 1967 1159 2016 ut
1180 1953 1299 2017 multos
1313 1950 1340 2014 in

282 2051 679 2139 quotidianoministerio
704 2073 797 2140 reges
821 2052 978 2118 haberet:
996 2075 1138 2140 quorum
1162 2068 1302 2141 quatuor
1319 2048 1341 2111 si

281 2173 368 2239 equo
387 2153 580 2234 veheretur,
595 2153 688 2232 juxta
704 2151 901 2217 incedebant
917 2152 1061 2242 pedites3
1085 2154 1112 2218 si
1128 2175 1282 2242 responsa
1302 2151 1340 2214 le·

281 2255 362 2341 gatis
375 2255 522 2342 gentium
536 2252 704 2334 redderet,
713 2253 872 2320 consertis
885 2253 1073 2344 pectinatim
1087 2255 1241 2318 manibus
1250 2251 1342 2318 adsta·

282 2354 362 2417 bant
376 2354 476 2419 taciti.
758 2395 761 2407 ·
1165 2431 1168 2440 .

326 2455 415 2527 vm.
426 2454 517 2520 Nihil
527 2456 588 2521 hac
596 2479 693 2522 scena
705 2457 915 2545 perturbatus
922 2459 1057 2549 Appius,
1066 2480 1171 2547 quum
1180 2458 1222 2523 ad
1231 2454 1341 2522 edenda

282 2553 434 2619 mandata
444 2554 479 2618 in
492 2573 704 2646 conspectum
719 2559 878 2641 venisset,
897 2590 910 2617 α
922 2560 958 2625 L.
973 2561 1143 2643 Lucullus,
1154 2560 1279 2650 inquit,
1292 2578 1342 2646 po·

281 2655 375 2743 «puli
390 2657 517 2721 romani
536 2658 729 2747 imperator,
758 2660 977 2725 Mithridatem
996 2660 1040 2724 ob
1055 2661 1175 2727 multas
1194 2676 1227 2727 et
1243 2676 1342 2750 graves

283 2788 296 2811 ι
307 2758 440 2837 injurias
453 2758 543 2839 justo
556 2760 677 2848 pioque
693 2760 781 2824 bello
799 2761 937 2851 petitum
951 2784 1053 2853 regno
1067 2785 1128 2829 suo
1143 2762 1282 2851 expulit,
1294 2778 1342 2823 rex

283 2860 463 2948 «Tigranes
476 2881 484 2923 t
499 2882 597 2947 quem
611 2860 712 2951 igitur
730 2862 970 2929 nobishostem
983 2885 1044 2928 sua
1061 2864 1268 2952 improbitas,
1284 2880 1342 2925 ser·

284 2994 297 3017 ι
307 2984 385 3025 vum
405 2962 540 3026 victoria
555 2978 589 3026 et
602 2961 707 3027 virtus
725 2980 836 3037 nostra
852 2965 945 3047 fecit,
959 2988 1054 3046 eum,
1073 2988 1212 3054 quoquo
1229 2964 1301 3053 Iuga
1314 2978 1343 3021 se

284 3064 485 3152 «proripuit,
499 3064 573 3144 jure
586 3065 733 3153 gentium
750 3066 961 3154 reposcimus.
980 3064 1056 3130 Non
1072 3065 1282 3145 arbitramur,
1296 3078 1341 3137 te,

285 3179 348 3229 -ut
369 3164 559 3247 hominem,
579 3164 686 3234 donec
705 3166 825 3256 opibus
847 3182 881 3232 et
904 3168 1036 3232 fortuna
1054 3164 1183 3248 lloruit,
1202 3162 1344 3231 omnibus

285 3297 296 3319 ·
309 3265 460 3353 iniquum
476 3290 517 3331 ac
534 3290 681 3358 gravem,
699 3268 837 3351 tuearis,
854 3290 929 3333 curn
945 3269 1030 3332 victo
1045 3283 1078 3332 et
1090 3268 1202 3333 exsule
1213 3284 1344 3331 commu·

248 3435 251 3445 ,
285 3401 298 3422 ιι
310 3368 361 3430 nia
379 3360 504 3434 'habere
522 3371 585 3435 fata
602 3371 684 3434 velle
696 3392 705 3434 ε
718 3393 780 3436 nec
791 3370 880 3434 enim
898 3370 1048 3459 ignoras,
1064 3368 1212 3433 eamdem
1226 3384 1342 3432 causam

286 3490 382 3532 «esse
399 3491 533 3551 eorum,
546 3471 603 3559 qui
617 3471 749 3559 fugiunt
762 3471 876 3552 heros,
891 3487 924 3535 et
939 3472 996 3559 qui
1012 3470 1166 3561 fugitivos
1184 3468 1342 3557 recipiunt.

285 3570 443 3635 «Etiamsi
463 3586 495 3635 te
516 3596 583 3661 prae
605 3572 716 3637 multis
734 3572 867 3664 regibus
891 3573 1037 3663 potentia
1051 3572 1158 3637 valere
1175 3572 1263 3652 scio,
1285 3587 1344 3633 non

286 3686 420 3735 «tamen
439 3673 558 3762 opinor
572 3688 639 3735 tam
655 3673 717 3736 levi
730 3673 772 3737 de
788 3696 884 3739 causa
899 3674 1063 3739 facturum
1078 3695 1147 3739 esse
1159 3671 1343 3761 quidquam,

285 3797 376 3861 aquo
388 3774 430 3839 de
444 3775 498 3840 illa
511 3772 665 3839 dimicare
681 3776 817 3865 cogaris.
834 3774 968 3859 Quanto
986 3775 1078 3864 plura
1092 3773 1252 3863 possides,
1264 3784 1344 3835 tanto

282 3874 434 3965 «gravius
448 3874 682 3964 periclitabere.

318 4097 334 4163 5
349 4098 395 4146 vt.
407 4098 517 4163 Appiam
530 4124 566 4135 -
579 4096 683 4162 Jotepb.
697 4097 776 4155 x111,
789 4104 832 4151 ut.
845 4124 881 4135 —
895 4097 1018 4147 Plutarch.
1031 4096 1057 4145 iu
1071 4076 1187 4155 Lucullo,
1202 4110 1256 4159 cap.
1268 4098 1305 4145 la.
1315 4110 1343 4124 -

283 4180 360 4227 strab
376 4180 423 4229 lib.
432 4182 508 4239 ur,
526 4198 552 4246 p.
568 4190 627 4242 747.
638 4206 671 4219 ·-
685 4179 769 4245 §VIL
783 4180 886 4248 Eutrop.
901 4176 944 4229 lib.
952 4182 996 4229 Vl.
1009 4208 1044 4219 -
1058 4178 1180 4229 Plutarch.
