2875 4900
154 421 214 503 1⁸0,
234 429 428 505 FREINS.
450 430 591 521 SUPP,
609 430 664 500 IN
691 432 803 501 LOC.
826 430 920 499 LIB.
944 432 1022 501 XC.
1055 428 1125 502 213

91 549 256 632 domueris,
267 564 372 615 morte
383 548 485 639 ipsius
503 550 600 637 plane
609 549 774 615 exstincta.
788 548 924 615 Morbus
939 550 1048 639 igitur,
1057 572 1125 637 quo

90 649 162 715 Solle
171 650 280 737 periit,
301 648 436 715 minime
460 650 643 715 communis
658 650 735 731 eti,
756 648 813 715 sed
832 648 1001 739 singularis
1016 650 1125 730 euius·

90 748 151 814 dun
166 750 310 815 feditatis
322 765 420 838 atque
432 750 581 838 supplicii
593 750 672 831 luit,
688 749 939 817 exuberantibus
950 750 1126 839 pediculis,

38 885 39 894 κ
90 866 135 930 ut,
152 852 204 938 qui
218 866 268 917 tot
283 850 382 918 millio
402 850 521 916 civium
537 851 732 941 cognatique
752 851 916 939 sanguinis
936 852 1126 933 bominum,
1172 878 1179 891 ·

90 951 221 1017 uenditis
232 952 427 1017 cruciatibus
439 952 644 1040 peremisset,
661 949 806 1030 ejusdem
819 966 927 1033 ¹ortus,
939 953 1028 1017 reiut
1043 953 1126 1017 inte·

89 1050 160 1115 stino
173 1052 271 1133 bello,
283 1052 410 1133 abillo,
426 1074 524 1139 quem
539 1066 734 1141 genuerant,
750 1050 1018 1117 animalculorum
1034 1074 1121 1117 exer·

90 1150 144 1215 dtu
154 1150 377 1240 diriperentur.
560 1166 565 1182 ‘

89 1300 91 1305 ·
121 1253 159 1319 ΙΙ.
179 1255 234 1319 Est
245 1254 334 1319 enim
346 1252 493 1342 prolecto
506 1253 614 1333 Deus,
633 1252 691 1340 qui
707 1272 875 1340 nunquam
890 1252 1024 1340 impune
1037 1274 1127 1339 sper·

88 1354 177 1435 nintr,
192 1370 224 1419 et
242 1354 319 1421 licet
336 1353 516 1419 acerbiores
533 1374 644 1441 poenas
659 1352 693 1416 in
708 1350 798 1417 eliud
814 1374 918 1419 evum
931 1352 1128 1432 justissimus

83 1454 168 1532 judex
176 1454 369 1543 seposuerit,
382 1453 473 1541 quod
481 1446 605 1517 includi
613 1453 780 1541 presentis
786 1453 940 1541 angustiis
947 1468 1126 1541 nequesnt;

86 1574 155 1640 sepe
174 1569 280 1619 tamen
297 1554 481 1627 viventibus
497 1554 653 1642 proponit
664 1551 839 1641 spectanda
853 1552 1026 1619 noxiorum
1039 1567 1126 1617 unm

84 1655 242 1743 supplicia,
253 1669 311 1735 ut,
329 1654 358 1719 si
375 1654 456 1718 nibil
471 1652 622 1741 deinceps
639 1650 819 1717 timendum
831 1651 933 1732 foret,
947 1652 998 1715 vel
1011 1651 1062 1715 bis
1073 1650 1127 1715 de-

84 1752 184 1818 berent
199 1778 218 1819 a
233 1753 399 1843 peccando
415 1753 580 1819 deterreri.
593 1752 812 1821 Dissimubrit
827 1767 935 1817 tamen
949 1767 1128 1839 utcumque

84 1854 147 1917 mali
168 1876 301 1921 sensum
320 1854 386 1934 jam
410 1876 477 1917 non
498 1854 574 1918 felix
597 1854 704 1936 Sulla,
725 1866 758 1917 et
774 1874 841 1943 quo
859 1868 1006 1917 evocaret
1023 1874 1042 1915 a
1060 1867 1124 1917 tam

85 1954 155 2019 tristi
167 1956 361 2045 cogitatione
379 1956 543 2036 animum,
563 1956 598 2019 in
614 1954 774 2043 quaslibet
790 1954 1017 2043 occupationes
1034 1952 1126 2017 ineu·

83 2053 153 2119 buit.

119 2154 173 2217 lll.
196 2154 328 2242 Quippe
349 2153 476 2219 decimo
497 2171 573 2219 ante
593 2175 760 2221 excessum
783 2154 852 2237 die,
875 2154 1124 2219 Puteolanorum

81 2249 324 2319 dissensionibus
339 2254 544 2343 compositis,
565 2254 652 2345 leges
673 2255 816 2343 scripsit,
836 2254 955 2343 quibus
976 2254 1126 2343 deinceps

33 2405 34 2434 ,
82 2366 245 2420 uterentur.
267 2356 387 2419 Rerum
408 2376 542 2429 suerum
564 2354 798 2443 componendis
819 2355 1064 2420 Commentariis
1077 2354 1126 2419 bi·

81 2451 154 2534 duo,
167 2457 357 2544 priusquam
372 2455 564 2538 decederet,
578 2479 711 2545 opernm
728 2473 893 2544 postremo
911 2455 1126 2538 dedit„alteri
1153 2505 1155 2510 .

80 2567 109 2616 et
119 2555 266 2634 vicesimo
278 2556 362 2621 libro
374 2558 589 2622 immortuus:
602 2558 636 2622 in
647 2581 688 2624 eo
697 2557 862 2624 ehatdoeos
874 2559 935 2624 sibi
944 2557 1126 2646 prsedixisse

78 2656 232 2738 ,cambam
247 2657 308 2722 ubi
326 2658 427 2746 gloria
443 2656 597 2722 invidiam
611 2658 755 2739 vicisset,
769 2658 802 2722 in
816 2680 946 2722 summo
963 2656 1041 2724 flore
1056 2656 1125 2722 feli-

80 2753 170 2820 citatis
189 2780 259 2824 esse
282 2758 472 2824 obiturum:
489 2759 650 2846 itemque,
670 2760 834 2824 somnium
854 2760 1013 2848 preterita
1030 2775 1125 2822 nocte

81 2851 132 2916 sibi
146 2857 311 2940 oblatum,
325 2881 383 2946 per
397 2857 486 2946 quod
502 2858 637 2924 filiolum
649 2881 765 2936 suum,
779 2876 853 2927 onte
864 2859 1024 2924 Metellum
1037 2881 1125 2942 moc-

82 2966 181 3040 tuum,
198 2959 311 3024 videre
323 2959 417 3025 ,visus
438 2974 540 3040 esset,
562 2959 774 3047 appellantem
796 2983 853 3042 se,
872 2961 1126 3046 jubentemque,

81 3057 154 3122 cutis
175 3059 323 3140 omissis,
341 3061 389 3124 ire
407 3082 518 3125 secum
533 3059 575 3124 nd
590 3075 744 3142 matrem,
760 3059 817 3124 ubi
837 3083 912 3124 cnm
924 3082 961 3124 es
972 3059 1006 3124 in
1018 3058 1125 3147 quiete

82 3169 109 3218 et
123 3158 187 3223 otio
202 3159 347 3249 degeret

117 3258 166 3322 IV.
182 3260 359 3342 Postridie,
372 3285 476 3348 quum
489 3261 523 3327 id
536 3262 701 3328 somnium
709 3261 819 3326 etnicis
834 3276 1021 3341 enarrasset,
1033 3276 1126 3327 testa·

82 3358 169 3423 menti
187 3360 314 3426 tabulas
334 3363 475 3426 confecit
497 3362 742 3450 obsignaritque
757 3383 765 3425 :
781 3383 858 3426 mox
879 3360 941 3424 sub
961 3381 1125 3449 vesperum

83 3461 235 3542 nuntiato,
253 3461 414 3526 Granium
430 3461 623 3550 quemdam,
638 3462 817 3550 puteclnnae
835 3459 1018 3550 reipublice
1032 3459 1123 3526 debi-

83 3567 191 3641 lemm,
206 3577 350 3628 mortem
366 3563 434 3641 ejus
447 3580 645 3650 exspectare,
663 3586 704 3629 ne
721 3563 874 3642 solverem
888 3562 989 3628 accito
1001 3561 1127 3638 bomini

82 3654 110 3716 in
122 3661 305 3728 cubiutlum
322 3686 340 3728 a
359 3663 502 3745 famulis,
520 3665 700 3751 intorqueri
717 3663 847 3746 buces,
859 3685 925 3730 non
945 3663 1015 3728 sine
1030 3663 1126 3728 rebe-

82 3763 171 3826 uenti
183 3764 326 3828 clamore
343 3780 377 3829 et
396 3765 540 3853 corporis
549 3765 721 3844 jactatione
738 3764 842 3846 jussit.
857 3764 908 3830 Ab
922 3763 981 3828 bac
996 3778 1127 3830 conten·

110 3987 198 4051 §ttt
211 3995 241 4043 C·
256 3997 323 4054 6763
336 3997 405 4045 ΜΞ.
419 3997 461 4056 2⁸.
477 4021 511 4033 ·-
529 3990 1125 4058 sutaettne1‚1.-ttv.8ptt.-tr1='u·

82 4067 127 4116 tis.
138 4072 179 4122 tit.
190 4077 210 4122 1.
220 4078 340 4126 -Tseic
351 4079 415 4127 Anu.
428 4077 471 4126 lib.
482 4079 502 4126 1.
513 4107 546 4115 -
559 4078 683 4127 Plutarch.
695 4080 721 4126 in
734 4077 815 4136 Sulls,
827 4093 882 4142 esp.
891 4091 933 4136 μ.
949 4103 984 4114 -
997 4073 1113 4124 Pllnal‘ll
1121 4107 1145 4138 s,

83 4151 117 4200 13·
128 4181 161 4192 -
172 4155 189 4222 s
202 4161 234 4207 ll.
248 4159 372 4210 Plutarch.
385 4189 417 4200 -
433 4159 505 4226 §lll-
518 4162 579 4211 l’lin.
589 4189 622 4200 -
634 4161 758 4212 rtuumt.
777 4189 809 4200 -
823 4161 938 4226 Appbns·
