2875 4900
281 363 353 444 llo
456 361 525 427 JO.
551 358 895 428 FREINSHEMII
925 359 1170 455 sUPPLEM.

280 482 420 545 vicissim
431 482 538 545 exciso
549 478 590 544 ad
596 479 766 567 Neapolim
778 497 900 561 monte,
911 502 1000 544 mare
1009 479 1198 563 admissum,
1206 454 1331 571 Magnus

281 581 457 669 Pompeius
471 579 560 644 haud
576 580 713 644 infacete
727 580 872 645 Xerxem
886 596 1032 667 togatum
1045 584 1222 671 appellavit.
1236 586 1333 670 Atque

281 702 319 745 ea
341 704 392 745 ras
413 683 508 747 etiarn
525 683 736 745 incitamento
754 682 933 761 conjuratis
953 682 1031 765 luit,
1048 683 1236 772 deplorante
1251 708 1334 749 suam

281 804 485 871 suorumque
502 798 723 871 paupertatem
745 784 902 866 Catilina,
924 782 1006 848 dum
1024 785 1077 848 alii
1097 807 1228 850 sursum
1249 784 1335 849 deor-

281 906 421 972 sumque
439 884 586 949 rexando
607 906 685 981 opes
706 906 797 966 suas,
819 884 949 949 vincere
969 901 1078 949 tamen
1099 902 1133 950 et
1155 907 1337 951 comunem

284 986 468 1073 nequirent.

328 1086 507 1151 LXXVllI.
520 1084 584 1149 Sed
595 1102 734 1174 augente
742 1087 864 1151 horum
875 1088 1039 1169 amentia,
1047 1088 1144 1151 simul
1154 1089 1265 1177 augeri
1272 1109 1340 1151 eon-

282 1187 364 1255 sulis
386 1202 420 1250 et
444 1186 574 1250 Patrum
597 1187 712 1275 vigiliae
735 1203 912 1275 coeperunt.
935 1188 1005 1251 lam
1030 1190 1339 1253 senatusconsultum

287 1289 409 1353 facturn
437 1304 505 1351 erat
528 1288 649 1353 ultimoe
673 1288 894 1354 necessitatis:
912 1288 1029 1354 darent
1047 1312 1175 1378 operam
1194 1291 1338 1370 eonsules,

286 1412 326 1453 ne
340 1386 422 1478 quid
436 1389 617 1453 detrimenti
632 1390 806 1479 respublica
814 1402 992 1478 pateretur.
1003 1389 1082 1455 Post
1096 1412 1220 1478 paucos
1232 1390 1340 1455 deinde

286 1489 354 1555 dies
379 1492 414 1555 L.
429 1492 544 1556 Senius
568 1507 699 1558 senator
719 1493 825 1556 literas
843 1492 877 1554 in
901 1508 1016 1556 senatu
1036 1492 1199 1575 recitarit,
1221 1492 1340 1558 Foesulis

285 1590 410 1668 allatas,
426 1591 459 1653 in
477 1592 596 1679 quibus
609 1594 767 1681 scriptum
778 1609 864 1673 erat,
884 1591 919 1656 C.
931 1592 1092 1657 Manlium
1099 1641 1109 1674 ,
1123 1597 1181 1682 qui
1190 1596 1247 1662 sub
1257 1594 1341 1659 Sulla

286 1692 583 1774 mansetudine,
603 1694 786 1759 bellatorem
801 1696 986 1782 impugnem,
998 1707 1168 1783 postquam
1182 1697 1266 1760 male
1272 1719 1341 1785 par

288 1808 337 1859 tas
358 1792 489 1859 divitias
499 1796 592 1885 pejus
612 1796 708 1858 etiam
730 1795 922 1876 decessisset,
947 1795 1127 1861 antediem
1144 1810 1271 1860 uatum
1291 1795 1343 1859 lto·

287 1895 398 1959 landas
425 1897 600 1961 rmvambres
627 1919 721 1960 arata
749 1898 863 1983 cepisse
891 1918 962 1959 eum
988 1918 1108 1984 magna
1135 1895 1340 1963 nmltitudine.

285 1996 434 2086 Trepidis
452 1996 528 2061 inde
543 1997 642 2086 vulgo
664 1994 837 2078 omnibus,
854 2012 894 2060 ut
909 1996 992 2061 solet
1010 1998 1043 2059 in
1063 1997 1118 2061 tali
1137 2020 1190 2078 re,
1204 1996 1342 2085 prodigis

288 2099 548 2163 nuntiabantur:
562 2097 686 2187 ingenti
706 2114 801 2163 motu
821 2109 968 2184 quassata
986 2099 1100 2179 tellus,
1116 2098 1342 2186 spoletumque

287 2215 394 2264 totum
408 2220 603 2264 concussum
619 2214 704 2280 erat,
719 2214 753 2263 et
766 2196 915 2286 quadam
932 2214 1124 2263 corruerant
1140 2221 1148 2263 ε
1165 2200 1279 2263 crebra
1291 2198 1344 2261 iul

287 2302 375 2365 ruina
393 2299 592 2380 ceciderant,
610 2299 731 2388 quibus
750 2298 884 2372 demea
901 2301 1070 2387 pleraque,
1087 2315 1121 2364 et
1132 2302 1342 2391 Vargunteius

289 2402 452 2490 Pompeiis
475 2423 590 2466 sereno
609 2402 686 2466 caelo
705 2401 904 2466 exanimatus
921 2400 1055 2467 fuerat:
1074 2402 1162 2467 trabs
1177 2402 1294 2468 ardens
1309 2400 1342 2465 ab

288 2526 406 2569 occasu
420 2501 462 2568 ad
479 2503 591 2568 caelum
610 2504 686 2572 ferri
701 2503 787 2584 visa3
804 2503 980 2591 multisque
997 2504 1076 2568 locis
1094 2521 1220 2593 spectra
1242 2503 1342 2568 homi·

290 2627 372 2669 num
390 2621 613 2693 apparuerant.
672 2649 674 2654 ,

334 2707 483 2772 LXXIX.
502 2708 603 2771 Erant
619 2723 653 2772 et
668 2707 726 2796 qui
739 2707 851 2771 salutis
866 2707 1039 2797 augurium
1052 2707 1114 2772 rite
1126 2706 1250 2772 iactum
1262 2727 1345 2794 nega·

290 2825 380 2892 rent,
398 2807 489 2896 quod
504 2831 543 2871 eo
557 2824 705 2896 tempore
718 2807 865 2872 infausta
875 2829 948 2872 ares
961 2808 1036 2872 visre
1052 2806 1256 2872 dicebantur.
1266 2807 1345 2871 Non·

290 2911 399 2974 nullos
410 2908 562 2974 Claudius
574 2931 678 2999 augur
690 2925 850 2989 moverat,
864 2909 991 2973 consuli
1003 2909 1127 2975 bellum
1138 2907 1344 2973 domesticum

292 3013 382 3076 triste
399 3034 437 3076 ac
453 3011 676 3074 turbulentum
693 3007 908 3097 praedicendo.
926 3010 1040 3097 Itaque
1056 3025 1143 3074 certa
1158 3010 1282 3073 incerta
1297 3027 1344 3069 ru·

293 3113 440 3176 moribus
463 3111 674 3202 adaugentes,
697 3108 1002 3194 conventusfaetos,
1026 3132 1121 3174 arnus
1139 3119 1343 3198 comportata,

290 3214 399 3280 servile
414 3213 574 3277 bellismia
583 3212 705 3301 Apulia
718 3225 749 3275 et
758 3210 877 3301 Capuae
884 3225 1004 3276 motam
1012 3213 1243 3299 loquebantur.
1253 3210 1345 3276 Multa

293 3315 337 3379 ob
353 3315 410 3378 has
424 3337 474 3378 res
493 3313 622 3378 decreta
639 3315 674 3378 in
689 3329 803 3378 senatu
819 3315 911 3380 facta.
929 3314 970 3395 Q.
982 3313 1122 3378 Marcius
1137 3315 1223 3395 Rex,
1243 3314 1283 3394 Q.
1291 3311 1346 3376 Me·

293 3415 387 3479 tellus
397 3416 561 3496 Creticus,
575 3416 633 3503 qui
643 3413 709 3479 duo
723 3416 932 3502 imperatores
944 3412 1052 3477 adhuc
1063 3414 1106 3478 ad
1114 3414 1239 3478 Urbem
1251 3423 1344 3485 erant,
1390 3418 1391 3425 ’

293 3513 441 3602 impediti
453 3517 493 3579 ab
507 3516 712 3596 adversariis,
726 3538 768 3579 ne
780 3514 1034 3602 triumpharent,
1051 3514 1104 3578 ille
1115 3514 1269 3594 Faesulas,
1286 3510 1346 3575 Me·

294 3619 389 3694 tellus
409 3619 443 3681 in
466 3618 615 3706 Apuliam
639 3619 687 3680 ire
705 3617 796 3696 jussi.
821 3617 976 3680 Praetores
1001 3617 1043 3699 Q.
1059 3616 1236 3705 Pompeius
1250 3610 1345 3679 Rufu

327 3877 485 3944 sexum.
499 3843 565 3931 rili.
575 3900 610 3912 -
622 3873 704 3924 nicol.
718 3875 830 3922 osma
841 3874 908 3938 apua
919 3873 1011 3923 suen.
1023 3873 1128 3931 ruer,
1137 3870 1183 3921 an.
1199 3867 1301 3916 -reu
1313 3864 1345 3919 11.

294 3963 336 4011 33⁸.
354 3987 390 3999 -
409 3959 472 4009 Plio.
485 3959 538 4018 11,
554 3957 596 4015 54.
614 3985 649 3994 -
665 3957 764 4008 Sallust.
784 3957 856 4007 Catil.
874 3973 928 4022 cap.
948 3973 989 4006 ao.
1011 3985 1048 3994 -—
1065 3955 1238 4021 §mvnt
1257 3948 1343 3999 Stllwl·

292 4061 346 4110 etp.
357 4061 401 4109 ²9·
414 4071 450 4082 -
461 4043 518 4092 Dio.
531 4037 566 4080 -'-
579 4042 631 4092 ele.
642 4041 668 4090 in
681 4041 754 4092 Catil.
767 4043 793 4102 Ι,
808 4058 837 4100 r,
851 4051 876 4089 et
892 4041 919 4088 in
932 4040 1043 4102 utone,
1056 4042 1107 4098 111,
1125 4035 1252 4088 s.-tol.
1262 4031 1343 4099 ΟΜ

293 4153 328 4166 —·
339 4127 404 4176 Plut.
