2875 4900
218 400 274 469 IN
303 400 415 469 LOC.
443 399 538 467 LlB.
564 400 764 469 LXXXIV
792 401 1000 471 lelsltt.
1075 408 1144 499 149

82 522 204 583 atlseris
223 518 470 585 simillnsdiuem
489 520 519 583 ei
540 520 640 585 tribui
660 520 792 608 quidam
815 521 1057 605 existimarunt3
1078 548 1140 614 ego

81 624 198 685 tactum
211 643 289 685 reor
303 619 395 702 ideo,
414 618 505 708 quod
519 620 574 685 tali
591 619 710 709 ligura,
724 636 759 685 et
770 622 874 710 ignito
885 623 981 688 vultu
992 623 1055 689 fuit
1065 647 1141 691 con·

80 738 217 809 spectus.
236 722 281 785 Et
294 719 336 784 ad
354 721 444 786 hunc
459 721 562 785 ferme
584 722 721 787 modum
740 745 893 811 apparere
911 723 947 787 in
970 727 1139 791 nocturnis

80 846 227 911 sagarum
245 822 344 913 orgiis
360 821 561 903 damonem,
584 822 996 913 eoncordi'propemodum
1014 826 1142 891 confes

79 926 166 989 ¹sione
181 924 335 989 omnium
353 923 513 990 firmnmr.
652 968 656 980 ·

117 1026 261 1089 XXVII.
280 1026 350 1090 Neo
367 1024 552 1091 mirandum
571 1025 688 1107 fuerit,
706 1025 752 1101 si,
769 1048 843 1113 quas
857 1042 1082 1093 memormtur
1096 1028 1137 1091 ab

77 1127 226 1215 Antiqrris
246 1124 288 1189 de
299 1125 489 1215 Satyrorum
505 1126 674 1191 nocturnis
691 1125 836 1207 leuibus,
853 1125 1020 1214 tripudiis,
1036 1127 1139 1193 anti·

76 1229 153 1309 bus,
167 1226 213 1291 ad
230 1226 335 1291 simile
351 1224 518 1315 quoddam
533 1224 684 1291 diabolici
700 1224 770 1291 ludi
782 1244 1008 1294 commentum
1018 1228 1138 1293 refera-

76 1353 168 1395 mus:
185 1350 265 1394 nam
284 1326 359 1392 talia
370 1327 481 1391 multis
501 1326 581 1391 locis
593 1325 698 1391 audiri
716 1328 882 1409 feruntur,
899 1342 933 1391 et
946 1328 981 1391 in
997 1326 1137 1414 Iopensi

74 1452 202 1510 memo,
230 1450 306 1515 quse
326 1428 360 1491 in
383 1426 508 1495 ditione
527 1442 595 1491 erat
610 1428 846 1507 Tartareum,
868 1449 971 1514 quum
994 1427 1033 1493 iis
1058 1428 1136 1492 locis

75 1532 203 1595 umus
222 1528 355 1593 Paullus
373 1529 519 1593 Venetus
541 1527 683 1618 degeret.
704 1529 744 1591 ln
768 1550 914 1603 summa,
936 1528 964 1591 si
987 1527 1079 1615 quod
1098 1550 1135 1593 ee

74 1628 176 1719 figura
194 1644 361 1717 apertum
383 1628 426 1693 sit
447 1628 580 1709 animal,
604 1644 827 1693 monstrosum
838 1628 961 1710 ,fidum
984 1628 1136 1716 idemque

75 1730 208 1795 radonis
222 1741 267 1793 'ac
285 1729 444 1793 sermonis
466 1728 599 1793 humani
623 1750 737 1817 expers
758 1727 968 1807 crediderim-3
985 1728 1043 1792 ubi
1058 1751 1135 1793 vero

73 1832 212 1919 loquelae
224 1830 397 1895 intervenit
411 1852 505 1911 usus,
521 1844 645 1919 spectra
661 1830 830 1917 larvasque
843 1830 919 1895 mali
932 1828 1097 1895 demonis.
1222 1840 1225 1846 '

113 1931 273 1997 XXVIII.
295 1931 340 1995 Ut
365 1930 424 1995 ista
445 1930 513 1995 sint
538 1953 578 1995 ex
605 1929 723 1995 eodem
750 1952 869 2019 genere
893 1928 1136 2017 prodigiorum

73 2058 138 2121 quo
162 2031 256 2121 apud
276 2031 455 2097 Samhulon
475 2032 626 2119 parthicae
645 2030 779 2097 <litionis
797 2046 946 2096 montem
962 2030 1133 2097 Herculem

73 2133 204 2213 venari,
229 2132 387 2197 Achillem
409 2132 538 2197 lielenae
568 2131 777 2197 matrimonio
806 2133 978 2211 junctum,
1006 2130 1132 2193 [eumn

18 2226 19 2255 ³
72 2234 217 2297 incolere
235 2232 377 2297 Tarsricse
397 2231 591 2297 Chersonesi
614 2234 770 2311 insulam,
790 2229 1007 2317 eumdemque
1028 2252 1135 2317 oppu-

71 2350 186 2421 gnatas
199 2332 244 2397 ab
258 2332 406 2397 Alarioho
420 2332 563 2397 'Athenas
581 2330 783 2413 delendisse,
799 2330 958 2395 creditum
972 2345 1030 2393 est.
1040 2333 1134 2413 Quos

72 2457 148 2498 vero
162 2432 261 2498 ludos
277 2449 439 2521 spectrum
451 2430 568 2516 edidit,
580 2430 671 2520 qnod
681 2432 744 2498 sub
758 2433 863 2498 forma
873 2431 984 2522 Magni
997 2431 1134 2498 Alexan-

17 2589 18 2608 ,
72 2533 122 2598 dri
132 2557 212 2600 carm
227 2535 461 2600 bacchabundo
472 2535 600 2624 agmine
611 2555 670 2622 per
684 2534 793 2601 Asiam
804 2535 956 2615 incessit,
971 2535 1135 2624 longoque
1229 2567 1236 2580 ·

75 2651 147 2720 post
162 2651 312 2722 ternpore
327 2633 499 2722 disparuit,
516 2635 726 2724 Heliogabalo
738 2635 1017 2722 imperantelNeo
1029 2636 1071 2699 ab
1085 2636 1137 2699 his

73 2733 253 2814 abludunt,
269 2757 341 2822 que
355 2734 398 2799 de
411 2735 521 2824 graecis
539 2735 693 2800 heroibus
708 2735 939 2815 Philostratus,
955 2735 997 2800 de
1013 2737 1135 2798 Arturo

75 2837 236 2910 Britanni,
251 2834 292 2900 de
303 2836 494 2900 valdemaro
506 2836 607 2916 Dani,
620 2836 781 2923 multique
795 2836 849 2900 alii
862 2835 904 2900 do
915 2837 982 2900 suis
995 2836 1135 2922 quisque

76 2937 185 3025 populi
200 2937 332 3016 jactam.
853 2981 856 2988 -

116 3037 241 3100 XXlX.
263 3035 342 3117 Sed,
366 3037 493 3101 omissis
515 3036 579 3101 hoc
602 3057 705 3126 genus
724 3029 913 3126 prestigiis,
935 3036 977 3100 ad
996 3037 1136 3116 Sullam,

78 3135 163 3202 nude
175 3136 404 3217 discessimus,
419 3151 627 3202 revertamur.
645 3139 677 3202 Is
697 3159 776 3225 ergo
794 3154 909 3201 contra
925 3159 1004 3200 suos
1023 3136 1136 3202 adrer-

77 3237 176 3301 sarios
191 3235 459 3319 transmissurus,
477 3238 600 3302 ceteris
616 3239 718 3302 l'erme
733 3235 810 3300 satis
832 3234 971 3317 fidebat3
989 3237 1052 3302 hoc
1068 3259 1137 3301 nno

77 3341 271 3429 angebatur,
289 3340 379 3427 quod
394 3339 542 3420 trajectos
562 3341 597 3404 in
614 3339 740 3405 Italiam
758 3337 895 3420 milites,
917 3338 976 3404 ubi
995 3340 1135 3427 patrium

77 3441 181 3504 solum
191 3438 429 3529 propexissent,
446 3463 487 3505 ne
498 3439 633 3505 desertis
647 3439 746 3528 signis
757 3438 994 3521 dilaberentur,
1012 3457 1136 3508 metue·

77 3541 148 3622 bat;
167 3558 239 3623 aut,
255 3540 347 3630 quod
362 3541 497 3606 solenne
509 3541 660 3606 civilibus
675 3540 768 3606 bellis
781 3555 849 3622 est,
864 3540 1025 3606 hostiliter
1040 3565 1135 3608 vexa·

79 3657 149 3706 rent
159 3641 293 3709 ltaliam.
306 3643 466 3706 Ceterum
478 3641 533 3706 hic
546 3643 642 3706 etiam
654 3641 781 3706 ferente
793 3639 925 3710 fortuna
937 3665 1033 3724 tuus,
1049 3643 1139 3708 ultro

79 3743 250 3807 offerentes
270 3742 483 3823 jurejurando
508 3742 696 3822 adstrinxit,
721 3763 884 3808 numeros
902 3741 999 3830 apud
1020 3745 1137 3828 signo,

80 3864 174 3932 neque
196 3841 339 3907 molestos
357 3846 505 3932 cruiprtum
527 3859 639 3933 monte
655 3863 713 3906 sua
727 3841 817 3928 fors.
843 3844 933 3926 Quin
951 3859 985 3908 et
1001 3843 1138 3929 pecunia

112 4007 234 4072 §mn
248 4007 369 4058 lIarodot
380 4011 419 4068 ll,
438 4011 481 4064 46.
496 4035 527 4044 -
545 4011 612 4058 Serv.
626 4006 657 4056 ad
666 4007 736 4072 Virg.
750 4009 803 4056 Sel.
814 4010 852 4066 ll,
869 4009 912 4056 31.
928 4033 965 4044 --
983 4005 1000 4070 s
1017 4005 1139 4054 xxvnr.

83 4091 134 4140 th.
148 4094 214 4139 Anu.
227 4093 292 4149 XII,
307 4093 348 4139 13.
361 4118 396 4128 -··
408 4093 509 4140 pausans
518 4090 561 4140 lib.
572 4094 618 4140 Ill·
629 4091 734 4140 -Plin
745 4093 791 4150 IV,
806 4107 845 4138 η.
859 4117 894 4127 --
907 4091 996 4138 zosim.
1010 4088 1140 4140 bhv.-

83 4171 197 4238 XiphIlin.
206 4173 335 4240 llelittgah.
347 4201 382 4212 ·-
390 4173 515 4224 Plutarch.
524 4175 550 4223 in
560 4174 640 4236 Sulla,
650 4191 703 4240 cap.
716 4175 801 4222 ⁵1.-
811 4165 924 4237 sigiberti
