2875 4900
208 346 261 418 IN
293 347 409 418 LOC.
436 348 534 418 LlB.
563 346 777 420 LXXVIII
805 348 1024 423 LIVIANI.
1110 348 1155 421 25

102 471 253 536 revertenti
263 469 464 537 Stmtonicea
477 485 588 558 portas
603 469 734 551 clausit,
747 491 818 534 non
831 468 985 560 ignobilis
995 470 1095 536 Cariae
1109 474 1156 538 ci·

102 574 175 637 vitas.
186 573 287 663 Igitur
300 587 376 660 post
388 571 590 636 deditionem
600 570 776 661 pecuniam
792 571 900 662 exegit
912 571 954 635 ab
966 572 1157 661 oppidanis,

100 673 329 762 praesidiumque
347 673 514 763 Imposuit.
540 675 630 738 Dum
646 672 681 736 iu
704 672 757 736 his
777 672 934 738 curandis
954 692 1154 762 occupatur,

100 773 170 838 lorte
184 775 322 866 puellam
343 774 479 864 egregiae
494 775 607 838 formu
624 772 846 863 conspicatus,
859 774 1016 839 Monimae
1032 798 1155 842 nomen

100 890 170 958 etat,
183 875 431 964 Philopoemems
442 873 560 942 Milesii
575 874 665 958 filiae,
681 898 799 941 aureos
812 877 842 942 ci
854 876 1046 964 quindecim
1056 879 1156 944 millia

100 976 174 1041 douo
186 977 289 1059 misit,
303 977 519 1042 concubitum
538 977 673 1069 virginis
688 993 853 1066 expetens.

134 1078 167 1144 V.
190 1079 252 1144 sed
275 1080 327 1144 illa
343 1079 535 1169 pudicitiam
559 1079 679 1144 divitiis
701 1095 943 1168 anteponente,
967 1103 1072 1170 quum
1096 1105 1178 1154 nec.

99 1203 265 1272 expugnare
282 1180 447 1246 blanditiis
469 1183 617 1246 animum
638 1180 708 1260 ejus
726 1195 855 1268 posset,
876 1203 984 1269 neque
1005 1183 1073 1247 vim
1098 1182 1157 1248 ad·

99 1282 193 1347 hibere
209 1283 327 1366 vellet,
345 1306 385 1348 eo
403 1299 609 1374 postremum
634 1281 797 1348 adductus
818 1298 885 1364 est,
899 1301 938 1348 ut
955 1284 1058 1364 justas
1080 1308 1156 1350 cum

97 1407 126 1448 ea
137 1387 259 1474 nuptias
272 1385 496 1467 contraheret,
508 1385 675 1473 missoque
687 1383 886 1468 diademate,
900 1389 1158 1475 repnlmmappel·

97 1484 172 1550 laret.
184 1486 260 1552 Haec
270 1507 331 1576 per
343 1486 450 1552 otium
462 1487 581 1578 agendi
595 1505 727 1576 tempus
740 1488 808 1578 regi
828 1510 971 1552 romauae
985 1488 1075 1554 urbis
1089 1489 1157 1553 dis·

96 1586 198 1654 cordia
220 1587 366 1672 dabant,
390 1588 510 1678 quibus
531 1589 719 1680 prohibitus
737 1589 826 1656 Sulla
843 1605 1007 1655 maturare
1025 1591 1158 1680 expedi·

97 1689 205 1756 tionem
223 1693 427 1780 nequiverat.
451 1691 516 1758 Sed
538 1708 572 1759 et
592 1692 792 1758 'nummariae
818 1692 866 1757 rei
890 1691 1062 1758 difficultas
1088 1716 1156 1758 non

94 1813 215 1878 parvum
240 1793 409 1863 festinanti
437 1794 711 1886 impedimentum
742 1817 777 1859 se
798 1793 993 1876 objecerat:
1027 1811 1156 1859 tautum

94 1891 198 1981 iuopia
214 1917 286 1959 uno
307 1895 453 1961 intestini
468 1895 545 1961 belli
561 1896 696 1961 biennio
714 1896 869 1960 effectum
884 1895 972 1960 crat!

128 1994 182 2059 VI.
212 1997 331 2084 Neque
350 1995 485 2062 deerant
503 1999 641 2064 omnino
662 1999 826 2088 pecuniae,
847 1997 906 2063 sed
926 2020 1049 2088 paucos
1072 1999 1157 2062 inuu

93 2095 171 2162 sinus
193 2096 443 2164 condebantur:
466 2121 550 2188 quos
571 2101 657 2166 inter
676 2101 738 2166 Cn.
749 2099 926 2190 Pompeius
946 2099 1083 2182 Strabo,
1099 2099 1157 2187 qui

92 2199 240 2264 Ascttlum
263 2201 354 2266 omni
378 2200 535 2266 refertum
554 2202 723 2292 opulentia
743 2219 890 2293 ceperat,
910 2201 952 2266 de
970 2201 1068 2267 tantis
1086 2225 1156 2266 ma-

91 2301 188 2366 nubiis
202 2303 237 2366 in
254 2302 405 2367 aerenum
418 2301 574 2388 intulerat
591 2297 691 2368 nihil:
710 2303 848 2368 bellator
862 2301 1077 2384 fortissimus,
1095 2302 1155 2367 sed

90 2405 209 2470 avaritia
220 2404 438 2493 inexplebilis.
451 2405 556 2497 igitur
569 2406 657 2489 loca,
671 2429 744 2495 quae
763 2407 796 2470 iu
816 2405 990 2471 circumitu
1006 2405 1158 2494 Capitolii

89 2506 304 2572 sacerdotibus
322 2523 355 2572 et
367 2508 464 2575 sacris
477 2508 572 2589 jama
583 2506 701 2573 Numae
713 2507 918 2596 temporibus
929 2522 1023 2571 erant
1034 2506 1155 2588 dicata,

89 2606 222 2687 subjecta
235 2608 357 2691 hastae,
376 2625 409 2673 et
417 2609 549 2699 publice
565 2608 731 2674 divendita
744 2624 833 2675 suut.
842 2609 923 2673 Auri
939 2607 1016 2673 inde
1029 2608 1158 2673 redacta

88 2707 176 2773 millia
194 2710 355 2775 librarum
379 2733 516 2777 novem:
538 2734 575 2777 ea
593 2711 661 2775 sola
680 2726 808 2775 tantum
825 2708 866 2774 ad
882 2710 1006 2775 bellum
1026 2709 1157 2799 profici-

87 2812 180 2875 scenti
195 2811 238 2877 de
253 2811 387 2902 publico
401 2812 475 2877 data
483 2812 628 2901 'pecunia
647 2828 705 2877 est.

124 2910 194 2978 VII.
213 2916 345 2978 Interea
361 2912 566 2979 Mithridates
588 2914 739 3003 pluribus
765 2912 1002 2980 exaedificandis
1020 2912 1164 2976 navibus·

86 3034 210 3099 operam
238 3012 357 3097 dabat,
375 3038 443 3103 quo
464 3014 631 3099 Rhodios,
654 3038 748 3104 quae,
772 3014 895 3079 caeteris
911 3011 1156 3095 deficientibus,

85 3130 135 3177 aut
149 3116 181 3179 vi
197 3116 387 3198 abstractis,
408 3117 476 3181 sola
493 3117 604 3181 civitas
623 3118 771 3199 asiatica,
783 3132 901 3206 praeter
916 3115 1084 3205 Magnetas
1107 3116 1156 3181 Si·

86 3216 145 3305 pyli
156 3219 303 3299 accolas,
315 3216 349 3283 in
363 3216 427 3283 lide
441 3240 575 3283 romana
592 3220 730 3300 mansit,
744 3218 787 3284 ad
801 3218 998 3307 obsequium
1012 3234 1155 3307 cogeret.

84 3318 218 3409 Cognito
243 3319 382 3402 deinde,
401 3321 677 3403 cives'romanos,
693 3344 838 3409 quorum
865 3320 982 3411 ingens
1005 3338 1074 3390 erat
1093 3344 1153 3411 per

85 3420 183 3485 Asiam
211 3420 404 3511 negotiandi
425 3422 527 3511 gratia
548 3421 714 3511 dispersus
736 3444 912 3498 numerus,
929 3422 1048 3510 passim
1069 3421 1157 3511 apud

84 3522 175 3589 urbes
193 3522 366 3589 destinatis
392 3524 459 3589 suis
479 3523 716 3613 impedimento
741 3545 811 3588 esse
833 3523 963 3605 conari,
982 3524 1156 3589 consilium

84 3624 162 3711 cepit
189 3622 423 3689 crudelissimae
446 3625 646 3707 calliditatis,
664 3626 747 3690 clam
764 3626 864 3691 misso
888 3624 930 3689 ad
950 3626 1157 3715 magIstratus

85 3722 226 3790 locorum
244 3712 368 3808 edicto,
381 3729 432 3791 uti
443 3728 491 3790 ad
503 3727 587 3791 dt'em
601 3730 808 3815 trigesimum,
820 3740 992 3815 postquam
1007 3726 1095 3792 datoe
1111 3749 1157 3789 ece

83 3824 181 3893 litem
193 3842 305 3908 essent,
315 3842 471 3916 quotquot
481 3832 514 3892 iu
527 3832 589 3893 suis
602 3831 718 3918 quique
732 3828 859 3892 urbibus
870 3828 1020 3890 heberent
1031 3829 1159 3889 romoni
1166 3908 1169 3911 ἢ
1222 3847 1224 3850 ·

112 4031 127 4096 s
141 4032 185 4078 tv,
202 4032 310 4095 Eutrop.
319 4056 352 4066 —-
364 4028 474 4096 Appisn.
490 4058 523 4069 -
537 4032 616 4082 Strab.
632 4032 674 4083 lib.
687 3992 758 4091 xli,
772 4050 798 4097 p.
810 4032 869 4082 660.
883 4058 917 4068 -
927 4030 992 4077 Plut·
1004 4033 1030 4077 ln
1040 4031 1161 4085 Lucullo«

83 4128 130 4177 up.
145 4116 188 4163 36.
202 4142 241 4152 -
259 4112 275 4178 5
287 4114 332 4163 vl.
347 4115 419 4163 Oros.
430 4118 461 4175 V,
480 4118 519 4163 18.
531 4144 566 4153 -
575 4116 641 4167 l‘lut.
653 4116 679 4167 in
690 4118 779 4182 Pomp.
788 4134 842 4181 cup.
856 4133 877 4165 1.
888 4143 923 4153 -
933 4115 1043 4183 Appias.
