2875 4900
294 337 348 406 ru
378 336 708 406 too.t1n.cv
740 337 956 405 ervum.
1093 340 1163 439 575

97 460 166 525 dam
184 457 424 548 navigationem
442 472 561 545 putans
584 456 675 544 (nam
696 456 766 521 dies
787 455 976 543 aequinoctii
997 457 1162 548 suberat),

97 576 241 650 prompte
250 560 379 625 veniam
391 558 629 648 praeteritorum
642 556 743 623 dedit.
755 555 918 622 Obsidum
931 561 1163 626 tantummodo

97 683 266 727 numerum
278 659 473 750 duplicavit,
486 675 664 748 praecepto,
681 659 765 723 utin
778 658 1003 723 continentem
1017 660 1079 725 sibi
1088 664 1165 727 mit·

97 779 246 829 terentur.
258 764 307 827 lta
322 784 427 850 quum
446 759 611 826 discedere
625 762 748 843 Caesar,
762 761 909 825 Britanni
929 758 1093 828 dimittere
1106 765 1164 830 ad·

97 886 186 929 venas
201 878 380 951 cuperent,
396 862 442 927 illi
459 862 602 927 multum
616 862 794 950 imperare,
811 861 931 926 borum
949 863 984 926 in
1001 880 1162 953 potestate

95 966 248 1054 relinqui,
272 981 434 1053 quatenus
459 962 649 1045 obedirent,
666 962 851 1043 videretur,
872 962 962 1027 baud
984 986 1161 1053 operosum

94 1066 326 1156 componendae
339 1066 427 1155 pacis
446 1065 616 1155 negotium
633 1064 707 1128 fuit.

134 1168 200 1233 Lx.
218 1170 344 1249 Cesar,
359 1168 393 1231 in
407 1167 545 1232 Galliam
559 1187 743 1256 regressus,
761 1188 867 1253 quum
883 1164 990 1229 obiter
998 1166 1162 1251 Morinos,
1243 1166 1259 1179 ‘

93 1270 247 1357 aquibus
273 1268 412 1334 trecenti
434 1268 571 1350 milites,
594 1266 652 1354 qui
674 1267 709 1329 in
727 1288 769 1331 eo
792 1266 887 1331 litore
908 1268 1045 1354 expositi
1061 1285 1164 1335 eastra

94 1392 147 1435 sua
164 1370 373 1459 repetebant,
390 1369 571 1459 oppugnati
586 1368 736 1451 fuerant,
758 1390 818 1458 per
839 1370 879 1433 T.
899 1369 1079 1439 Labienum
1102 1370 1164 1436 do·

94 1474 242 1556 muisset,
259 1496 317 1562 per
340 1472 383 1555 Q.
397 1471 579 1553 Titurium,
597 1470 633 1535 L.
648 1472 779 1535 Cottam
794 1470 919 1559 legatos
934 1470 1164 1561 Menapiorum

93 1590 241 1639 vastasset
256 1574 362 1656 culta,
380 1573 415 1639 in
435 1573 540 1663 Belgis
563 1572 701 1637 hiberna
721 1572 890 1661 legionum
913 1574 1095 1639 constituit.
1113 1574 1163 1639 Eo

92 1675 160 1739 duae
175 1676 315 1741 omnino
337 1676 568 1741 Britannorum
585 1674 729 1739 civitates
745 1672 908 1737 miserunt
927 1672 1074 1757 obsides3
1089 1675 1165 1741 reli·

93 1798 161 1862 quae
184 1776 219 1841 id
246 1776 351 1841 lacere
374 1776 598 1866 neglexerunt.
621 1778 744 1855 Caesar,
766 1773 818 1837 his
841 1779 956 1863 gestis,
975 1798 1163 1864 quanquam

92 1899 193 1965 opcrae
206 1879 354 1967 pretium
371 1877 460 1942 aliud
476 1878 599 1941 factum
616 1898 684 1940 non
697 1890 782 1955 erat,
801 1896 899 1963 quam
913 1875 1004 1962 quod
1019 1875 1061 1940 ad
1075 1876 1166 1966 igno·

92 1992 134 2040 tas
149 1980 242 2066 prius
260 1980 426 2069 regiones,
445 1978 588 2067 ipsisque
602 1976 822 2041 domitoribus
839 1975 946 2057 orbis,
961 1993 1001 2040 ut
1016 1976 1164 2043 sereban·
1214 2002 1217 2008 ·

92 2093 159 2162 tur,
175 2081 311 2145 Herculi
324 2080 535 2168 Bacchoque,
553 2094 586 2143 et
600 2078 723 2143 caeteris
736 2078 891 2142 heroibus
907 2079 1060 2160 intactas,
1074 2102 1163 2145 arma

91 2201 221 2246 romana
234 2197 465 2271 pervaserant,
483 2180 524 2245 de
540 2179 639 2245 rebus
655 2180 724 2244 suis
735 2179 923 2269 magnifice,
939 2181 1048 2245 verbis
1060 2182 1163 2246 extol·

90 2282 171 2365 lens,
191 2284 234 2349 ad
253 2300 403 2349 senatum
420 2282 558 2371 scripsit.

130 2384 216 2452 LXI.
228 2386 345 2468 Quum
357 2384 516 2470 adversae,
526 2398 564 2449 ut
575 2398 651 2448 ante
661 2384 851 2465 retulimus,
863 2385 1031 2451 sententiae
1040 2386 1166 2476 aliquot

90 2485 244 2571 luissent,
263 2486 379 2552 studiis
395 2503 428 2550 et
445 2485 630 2551 adulatione
646 2485 809 2572 plurium,
825 2484 1021 2573 supplicatio
1036 2483 1164 2550 dierum
1205 2483 1214 2496 ’

88 2589 200 2679 viginti
219 2613 239 2654 a
262 2605 377 2654 senatu
393 2587 522 2652 decreta
539 2601 598 2650 est.
618 2585 708 2648 Dum
723 2585 792 2650 baec
807 2608 826 2648 a
844 2587 969 2650 Caesare
985 2602 1163 2674 geruntur,

91 2691 129 2772 Q.
141 2693 297 2758 Metellus
314 2691 424 2780 Nepos
440 2690 474 2752 in
491 2687 646 2777 Hispania
663 2689 805 2776 populos
825 2688 951 2774 aliquot
965 2686 1068 2770 fudit,
1086 2688 1164 2776 qui,

88 2794 217 2858 vaccoeis
239 2791 402 2873 ducibus,
426 2789 637 2855 rebellionem
655 2803 895 2876 coeptaverant:
911 2787 1054 2853 necdum
1072 2805 1166 2854 eraut

88 2894 161 2958 satis
185 2894 229 2960 ad
256 2893 381 2956 bellum
406 2892 519 2980 parati.
544 2891 589 2954 Ea
611 2912 662 2954 res
684 2889 806 2977 Nepoti
823 2888 976 2978 patefecit
996 2889 1102 2971 viam,
1126 2906 1166 2954 ut

89 2996 205 3060 multas
226 2990 388 3059 obeundo
413 2992 580 3074 nationes,
603 2991 746 3079 aliquem
772 3011 948 3054 numerum
969 2989 1165 3078 ignobilium

88 3096 292 3184 oppidorum
308 3095 343 3158 in
360 3092 561 3160 deditionem
577 3092 747 3180 acciperet.
763 3090 827 3155 Sed
842 3091 901 3154 ubi
913 3090 1064 3156 Cluuiam
1077 3091 1166 3156 obsi·

88 3195 162 3264 dere
175 3219 353 3290 aggressus
366 3211 431 3280 est,
447 3194 585 3260 validam
599 3193 735 3275 urbem,
748 3192 920 3281 Hispanis,
934 3214 1011 3256 cum
1023 3192 1166 3258 maximo

89 3303 235 3367 exercitu
259 3297 584 3387 supervenientibus,
607 3297 716 3386 praelio
740 3296 845 3384 impm
867 3295 974 3361 cessit.
999 3295 1042 3360 Et
1060 3319 1166 3384 quan·

87 3425 185 3490 quam
200 3402 340 3472 meliore
354 3399 464 3464 denuo
481 3398 614 3464 fortuna
627 3397 864 3486 depugnasset;
878 3395 922 3460 ob
936 3395 1069 3460 nimiam
1082 3397 1168 3462 mul·

88 3503 268 3570 titudinem
285 3501 431 3568 hostium
450 3500 560 3588 (quod
577 3501 615 3565 iis
630 3499 834 3588 temporibus
845 3498 1001 3587 Hispania
1018 3498 1167 3588 gentium

86 3608 240 3672 omnium
254 3607 353 3694 longe
369 3603 620 3692 populosissima
635 3603 720 3688 erat)
735 3601 811 3666 satis
825 3600 979 3689 deinceps
993 3600 1126 3682 habuit,
1139 3601 1167 3664 si

85 3729 118 3772 se
137 3725 171 3776 et
191 3707 376 3774 exercitum
392 3719 544 3793 praestare
563 3703 688 3769 salvum
707 3718 826 3790 posset.

127 3811 235 3876 Lxll.
250 3809 328 3873 Haec
340 3807 374 3870 in
384 3806 475 3870 Urbe
487 3805 597 3870 audita
608 3805 756 3886 fuerant,
768 3826 873 3893 quum
885 3803 1034 3869 nondum
1046 3819 1167 3868 ornatae

118 4032 134 4096 s
148 4035 206 4081 tx.
224 4031 287 4080 Dio.
300 4057 335 4067 —-
351 4029 366 4092 S
385 4031 452 4078 LXI.
467 4032 529 4079 Cres.
548 4057 584 4066 -
597 4028 661 4078 Plut.
674 4029 700 4076 in
709 4029 771 4077 em.
782 4057 816 4066 -
831 4029 890 4076 Dio.
905 4055 940 4065 —
951 4028 1003 4076 Cir.
1015 4026 1048 4074 de
1061 4029 1167 4093 Hamsp.

83 4119 158 4184 Hesp.
175 4133 236 4182 cap.
257 4132 283 4176 9.
