<?xml version="1.0" encoding="UTF-8"?>
<!DOCTYPE html PUBLIC "-//W3C//DTD XHTML 1.0 Transitional//EN"
    "http://www.w3.org/TR/xhtml1/DTD/xhtml1-transitional.dtd">
<html xmlns="http://www.w3.org/1999/xhtml" xml:lang="en" lang="en">
 <head>
  <title>
</title>
<meta http-equiv="Content-Type" content="text/html;charset=utf-8" />
  <meta name='ocr-system' content='tesseract 3.04.00' />
  <meta name='ocr-capabilities' content='ocr_page ocr_carea ocr_par ocr_line ocrx_word'/>
</head>
<body>
  <div class='ocr_page' id='page_1' title='image "bibliothecaclas116lemagoog_0432.png"; bbox 0 0 2875 4900; ppageno 0'>
   <div class='ocr_carea' id='block_1_1' title="bbox 278 384 1354 3938">
    <p class='ocr_par' dir='ltr' id='par_1_1' title="bbox 280 384 1165 469">
     <span class='ocr_line' id='line_1_1' title="bbox 280 384 1165 469; baseline -0.001 -16"><span class='ocrx_word' id='word_1_1' title='bbox 280 387 348 469; x_wconf 73' lang='lat' dir='ltr'>dau</span> <span class='ocrx_word' id='word_1_2' title='bbox 455 386 473 451; x_wconf 86' lang='lat' dir='ltr'>J</span> <span class='ocrx_word' id='word_1_3' title='bbox 480 389 523 453; x_wconf 86' lang='grc' dir='ltr'>Ο.</span> <span class='ocrx_word' id='word_1_4' title='bbox 550 384 889 453; x_wconf 80' lang='lat' dir='ltr'><strong>FREINSHEMH</strong></span> <span class='ocrx_word' id='word_1_5' title='bbox 920 385 1165 455; x_wconf 81' lang='lat' dir='ltr'><strong>SUPPLEM.</strong></span> 
     </span>
    </p>

    <p class='ocr_par' dir='ltr' id='par_1_2' title="bbox 278 502 1350 1503">
     <span class='ocr_line' id='line_1_2' title="bbox 278 502 1349 596; baseline 0.002 -27"><span class='ocrx_word' id='word_1_6' title='bbox 278 505 420 593; x_wconf 71' lang='lat' dir='ltr'>quentia</span> <span class='ocrx_word' id='word_1_7' title='bbox 434 502 602 592; x_wconf 80' lang='lat' dir='ltr'>praesidio,</span> <span class='ocrx_word' id='word_1_8' title='bbox 618 518 650 567; x_wconf 92' lang='lat' dir='ltr'>et</span> <span class='ocrx_word' id='word_1_9' title='bbox 662 502 848 592; x_wconf 79' lang='lat' dir='ltr'>integritate</span> <span class='ocrx_word' id='word_1_10' title='bbox 859 526 990 569; x_wconf 85' lang='lat' dir='ltr'>morum</span> <span class='ocrx_word' id='word_1_11' title='bbox 1005 505 1038 569; x_wconf 91' lang='lat' dir='ltr'>in</span> <span class='ocrx_word' id='word_1_12' title='bbox 1055 506 1089 572; x_wconf 90' lang='lat' dir='ltr'>id</span> <span class='ocrx_word' id='word_1_13' title='bbox 1103 507 1267 596; x_wconf 78' lang='lat' dir='ltr'>fastigium</span> <span class='ocrx_word' id='word_1_14' title='bbox 1281 524 1349 573; x_wconf 87' lang='lat' dir='ltr'>erat</span> 
     </span>
     <span class='ocr_line' id='line_1_3' title="bbox 279 606 1348 696; baseline 0.003 -26"><span class='ocrx_word' id='word_1_15' title='bbox 279 608 406 688; x_wconf 86' lang='lat' dir='ltr'>enisus,</span> <span class='ocrx_word' id='word_1_16' title='bbox 418 622 457 671; x_wconf 90' lang='lat' dir='ltr'>ut</span> <span class='ocrx_word' id='word_1_17' title='bbox 469 606 594 671; x_wconf 86' lang='lat' dir='ltr'>meliori</span> <span class='ocrx_word' id='word_1_18' title='bbox 606 628 679 695; x_wconf 87' lang='lat' dir='ltr'>spe,</span> <span class='ocrx_word' id='word_1_19' title='bbox 693 628 795 693; x_wconf 90' lang='lat' dir='ltr'>quam</span> <span class='ocrx_word' id='word_1_20' title='bbox 807 621 998 672; x_wconf 83' lang='lat' dir='ltr'>caeterorum</span> <span class='ocrx_word' id='word_1_21' title='bbox 1009 607 1201 695; x_wconf 87' lang='lat' dir='ltr'>quisquam,</span> <span class='ocrx_word' id='word_1_22' title='bbox 1214 625 1348 696; x_wconf 82' lang='lat' dir='ltr'>peteret.</span> 
     </span>
     <span class='ocr_line' id='line_1_4' title="bbox 280 707 1350 798; baseline 0 -25"><span class='ocrx_word' id='word_1_23' title='bbox 280 710 490 797; x_wconf 78' lang='lat' dir='ltr'><strong>Quapropter</strong></span> <span class='ocrx_word' id='word_1_24' title='bbox 506 708 667 791; x_wconf 75' lang='lat' dir='ltr'>Antonius</span> <span class='ocrx_word' id='word_1_25' title='bbox 689 722 723 771; x_wconf 88' lang='lat' dir='ltr'>et</span> <span class='ocrx_word' id='word_1_26' title='bbox 741 707 894 787; x_wconf 82' lang='lat' dir='ltr'>Catilina,</span> <span class='ocrx_word' id='word_1_27' title='bbox 914 708 1044 795; x_wconf 83' lang='lat' dir='ltr'>pessimi</span> <span class='ocrx_word' id='word_1_28' title='bbox 1063 710 1214 775; x_wconf 89' lang='lat' dir='ltr'>omnium</span> <span class='ocrx_word' id='word_1_29' title='bbox 1230 712 1350 798; x_wconf 89' lang='lat' dir='ltr'>turpis-</span> 
     </span>
     <span class='ocr_line' id='line_1_5' title="bbox 280 808 1347 898; baseline 0 -23"><span class='ocrx_word' id='word_1_30' title='bbox 280 812 436 898; x_wconf 80' lang='lat' dir='ltr'>simique,</span> <span class='ocrx_word' id='word_1_31' title='bbox 454 809 631 875; x_wconf 84' lang='lat' dir='ltr'>coitionem</span> <span class='ocrx_word' id='word_1_32' title='bbox 644 810 810 891; x_wconf 87' lang='lat' dir='ltr'>fecerunt,</span> <span class='ocrx_word' id='word_1_33' title='bbox 825 825 863 873; x_wconf 86' lang='lat' dir='ltr'>ut</span> <span class='ocrx_word' id='word_1_34' title='bbox 880 808 1070 875; x_wconf 79' lang='lat' dir='ltr'>Ciceronem</span> <span class='ocrx_word' id='word_1_35' title='bbox 1086 812 1261 875; x_wconf 85' lang='lat' dir='ltr'>consulatu</span> <span class='ocrx_word' id='word_1_36' title='bbox 1274 810 1347 888; x_wconf 72' lang='lat' dir='ltr'>deii·</span> 
     </span>
     <span class='ocr_line' id='line_1_6' title="bbox 280 908 1348 993; baseline -0.004 -16"><span class='ocrx_word' id='word_1_37' title='bbox 280 927 407 993; x_wconf 86' lang='lat' dir='ltr'>cerent,</span> <span class='ocrx_word' id='word_1_38' title='bbox 425 910 628 991; x_wconf 83' lang='lat' dir='ltr'>adjutoribus</span> <span class='ocrx_word' id='word_1_39' title='bbox 648 909 698 972; x_wconf 90' lang='lat' dir='ltr'>usi</span> <span class='ocrx_word' id='word_1_40' title='bbox 719 908 910 973; x_wconf 89' lang='lat' dir='ltr'>firmissimis</span> <span class='ocrx_word' id='word_1_41' title='bbox 932 909 979 974; x_wconf 87' lang='lat' dir='ltr'>M.</span> <span class='ocrx_word' id='word_1_42' title='bbox 992 912 1126 990; x_wconf 89' lang='lat' dir='ltr'>Crasso,</span> <span class='ocrx_word' id='word_1_43' title='bbox 1150 913 1188 975; x_wconf 88' lang='lat' dir='ltr'>C.</span> <span class='ocrx_word' id='word_1_44' title='bbox 1206 912 1348 991; x_wconf 75' lang='lat' dir='ltr'><strong>Caesare,</strong></span> 
     </span>
     <span class='ocr_line' id='line_1_7' title="bbox 280 1010 1347 1099; baseline -0.001 -23"><span class='ocrx_word' id='word_1_45' title='bbox 280 1013 336 1099; x_wconf 91' lang='lat' dir='ltr'>qui</span> <span class='ocrx_word' id='word_1_46' title='bbox 357 1012 484 1083; x_wconf 84' lang='lat' dir='ltr'>civilem</span> <span class='ocrx_word' id='word_1_47' title='bbox 504 1010 669 1075; x_wconf 85' lang='lat' dir='ltr'><strong>Ciceronis</strong></span> <span class='ocrx_word' id='word_1_48' title='bbox 692 1011 871 1099; x_wconf 87' lang='lat' dir='ltr'>potentiam</span> <span class='ocrx_word' id='word_1_49' title='bbox 895 1010 1078 1076; x_wconf 89' lang='lat' dir='ltr'>rationibus</span> <span class='ocrx_word' id='word_1_50' title='bbox 1097 1013 1164 1077; x_wconf 88' lang='lat' dir='ltr'>suis</span> <span class='ocrx_word' id='word_1_51' title='bbox 1182 1011 1347 1077; x_wconf 75' lang='lat' dir='ltr'>adversam</span> 
     </span>
     <span class='ocr_line' id='line_1_8' title="bbox 280 1111 1348 1199; baseline -0.003 -21"><span class='ocrx_word' id='word_1_52' title='bbox 280 1116 350 1178; x_wconf 85' lang='lat' dir='ltr'>fore</span> <span class='ocrx_word' id='word_1_53' title='bbox 365 1111 564 1193; x_wconf 87' lang='lat' dir='ltr'>judicabant.</span> <span class='ocrx_word' id='word_1_54' title='bbox 582 1112 710 1175; x_wconf 89' lang='lat' dir='ltr'>Horum</span> <span class='ocrx_word' id='word_1_55' title='bbox 729 1134 827 1199; x_wconf 90' lang='lat' dir='ltr'>opera</span> <span class='ocrx_word' id='word_1_56' title='bbox 845 1128 878 1175; x_wconf 89' lang='lat' dir='ltr'>et</span> <span class='ocrx_word' id='word_1_57' title='bbox 892 1112 1087 1175; x_wconf 68' lang='lat' dir='ltr'>{actionibus</span> <span class='ocrx_word' id='word_1_58' title='bbox 1104 1112 1149 1174; x_wconf 92' lang='lat' dir='ltr'>ita</span> <span class='ocrx_word' id='word_1_59' title='bbox 1164 1113 1272 1199; x_wconf 90' lang='lat' dir='ltr'>palam</span> <span class='ocrx_word' id='word_1_60' title='bbox 1289 1114 1348 1176; x_wconf 76' lang='lat' dir='ltr'>fer-</span> 
     </span>
     <span class='ocr_line' id='line_1_9' title="bbox 280 1212 1347 1305; baseline -0.001 -26"><span class='ocrx_word' id='word_1_61' title='bbox 280 1237 354 1279; x_wconf 84' lang='lat' dir='ltr'>rere</span> <span class='ocrx_word' id='word_1_62' title='bbox 370 1213 511 1277; x_wconf 84' lang='lat' dir='ltr'>ambitus</span> <span class='ocrx_word' id='word_1_63' title='bbox 524 1229 679 1301; x_wconf 74' lang='lat' dir='ltr'>coeperat,</span> <span class='ocrx_word' id='word_1_64' title='bbox 698 1229 752 1294; x_wconf 93' lang='lat' dir='ltr'>ut,</span> <span class='ocrx_word' id='word_1_65' title='bbox 768 1213 878 1305; x_wconf 89' lang='lat' dir='ltr'>paucis</span> <span class='ocrx_word' id='word_1_66' title='bbox 893 1212 1002 1277; x_wconf 88' lang='lat' dir='ltr'>adhuc</span> <span class='ocrx_word' id='word_1_67' title='bbox 1012 1214 1222 1279; x_wconf 85' lang='lat' dir='ltr'>comitiorum</span> <span class='ocrx_word' id='word_1_68' title='bbox 1234 1214 1347 1278; x_wconf 84' lang='lat' dir='ltr'>diebus</span> 
     </span>
     <span class='ocr_line' id='line_1_10' title="bbox 281 1315 1345 1403; baseline 0 -24"><span class='ocrx_word' id='word_1_69' title='bbox 281 1315 431 1402; x_wconf 88' lang='lat' dir='ltr'>reliquis,</span> <span class='ocrx_word' id='word_1_70' title='bbox 458 1330 588 1379; x_wconf 87' lang='lat' dir='ltr'>senatus</span> <span class='ocrx_word' id='word_1_71' title='bbox 613 1316 717 1403; x_wconf 70' lang='lat' dir='ltr'>legem</span> <span class='ocrx_word' id='word_1_72' title='bbox 741 1315 900 1397; x_wconf 82' lang='lat' dir='ltr'>ambitus,</span> <span class='ocrx_word' id='word_1_73' title='bbox 918 1330 1012 1379; x_wconf 89' lang='lat' dir='ltr'>aucta</span> <span class='ocrx_word' id='word_1_74' title='bbox 1033 1316 1219 1381; x_wconf 84' lang='lat' dir='ltr'>etiamtum</span> <span class='ocrx_word' id='word_1_75' title='bbox 1239 1338 1345 1403; x_wconf 87' lang='lat' dir='ltr'>poena,</span> 
     </span>
     <span class='ocr_line' id='line_1_11' title="bbox 282 1416 1347 1503; baseline -0.005 -19"><span class='ocrx_word' id='word_1_76' title='bbox 282 1417 357 1484; x_wconf 81' lang='lat' dir='ltr'>ferri</span> <span class='ocrx_word' id='word_1_77' title='bbox 363 1416 503 1496; x_wconf 88' lang='lat' dir='ltr'>juberet.</span> <span class='ocrx_word' id='word_1_78' title='bbox 512 1416 699 1501; x_wconf 80' lang='lat' dir='ltr'>intercessit</span> <span class='ocrx_word' id='word_1_79' title='bbox 708 1416 861 1480; x_wconf 88' lang='lat' dir='ltr'>tribunus</span> <span class='ocrx_word' id='word_1_80' title='bbox 869 1416 971 1503; x_wconf 88' lang='lat' dir='ltr'>plebis</span> <span class='ocrx_word' id='word_1_81' title='bbox 983 1418 1024 1499; x_wconf 91' lang='lat' dir='ltr'>Q.</span> <span class='ocrx_word' id='word_1_82' title='bbox 1033 1416 1158 1481; x_wconf 90' lang='lat' dir='ltr'>Mutius</span> <span class='ocrx_word' id='word_1_83' title='bbox 1165 1418 1347 1480; x_wconf 86' lang='lat' dir='ltr'>Orestinus.</span> 
     </span>
    </p>

    <p class='ocr_par' dir='ltr' id='par_1_3' title="bbox 282 1517 1348 2413">
     <span class='ocr_line' id='line_1_12' title="bbox 323 1517 1348 1606; baseline 0 -25"><span class='ocrx_word' id='word_1_84' title='bbox 323 1518 478 1582; x_wconf 81' lang='lat' dir='ltr'><strong>XXXIV.</strong></span> <span class='ocrx_word' id='word_1_85' title='bbox 492 1517 532 1581; x_wconf 84' lang='lat' dir='ltr'>Id</span> <span class='ocrx_word' id='word_1_86' title='bbox 543 1540 647 1604; x_wconf 90' lang='lat' dir='ltr'>quum</span> <span class='ocrx_word' id='word_1_87' title='bbox 661 1517 800 1605; x_wconf 87' lang='lat' dir='ltr'>graviter</span> <span class='ocrx_word' id='word_1_88' title='bbox 813 1519 935 1582; x_wconf 84' lang='lat' dir='ltr'>ferrent</span> <span class='ocrx_word' id='word_1_89' title='bbox 948 1518 1074 1599; x_wconf 86' lang='lat' dir='ltr'>Patres,</span> <span class='ocrx_word' id='word_1_90' title='bbox 1089 1540 1226 1606; x_wconf 81' lang='lat' dir='ltr'><strong>surgens</strong></span> <span class='ocrx_word' id='word_1_91' title='bbox 1238 1519 1348 1583; x_wconf 89' lang='lat' dir='ltr'>Cicero</span> 
     </span>
     <span class='ocr_line' id='line_1_13' title="bbox 282 1619 1347 1711; baseline 0 -30"><span class='ocrx_word' id='word_1_92' title='bbox 282 1619 355 1681; x_wconf 89' lang='lat' dir='ltr'>loco</span> <span class='ocrx_word' id='word_1_93' title='bbox 376 1619 543 1681; x_wconf 79' lang='lat' dir='ltr'>sententiae</span> <span class='ocrx_word' id='word_1_94' title='bbox 560 1620 742 1681; x_wconf 89' lang='lat' dir='ltr'>orationem</span> <span class='ocrx_word' id='word_1_95' title='bbox 765 1619 880 1683; x_wconf 86' lang='lat' dir='ltr'>babuit</span> <span class='ocrx_word' id='word_1_96' title='bbox 901 1620 934 1683; x_wconf 92' lang='lat' dir='ltr'>in</span> <span class='ocrx_word' id='word_1_97' title='bbox 959 1635 1035 1711; x_wconf 87' lang='lat' dir='ltr'>toga</span> <span class='ocrx_word' id='word_1_98' title='bbox 1058 1619 1212 1697; x_wconf 83' lang='lat' dir='ltr'>candida,</span> <span class='ocrx_word' id='word_1_99' title='bbox 1237 1637 1347 1685; x_wconf 82' lang='lat' dir='ltr'>contra</span> 
     </span>
     <span class='ocr_line' id='line_1_14' title="bbox 284 1719 1348 1809; baseline -0.002 -24"><span class='ocrx_word' id='word_1_100' title='bbox 284 1719 452 1785; x_wconf 81' lang='lat' dir='ltr'>Catilinam</span> <span class='ocrx_word' id='word_1_101' title='bbox 476 1735 508 1783; x_wconf 86' lang='lat' dir='ltr'>et</span> <span class='ocrx_word' id='word_1_102' title='bbox 526 1720 727 1799; x_wconf 89' lang='lat' dir='ltr'>Antonium,</span> <span class='ocrx_word' id='word_1_103' title='bbox 752 1722 874 1805; x_wconf 82' lang='lat' dir='ltr'>caeteris</span> <span class='ocrx_word' id='word_1_104' title='bbox 892 1720 1180 1809; x_wconf 81' lang='lat' dir='ltr'>competitoribus,</span> <span class='ocrx_word' id='word_1_105' title='bbox 1203 1722 1264 1808; x_wconf 90' lang='lat' dir='ltr'>qui</span> <span class='ocrx_word' id='word_1_106' title='bbox 1282 1744 1348 1784; x_wconf 91' lang='lat' dir='ltr'>mo·</span> 
     </span>
     <span class='ocr_line' id='line_1_15' title="bbox 284 1820 1347 1910; baseline -0.001 -25"><span class='ocrx_word' id='word_1_107' title='bbox 284 1820 375 1885; x_wconf 84' lang='lat' dir='ltr'>deste</span> <span class='ocrx_word' id='word_1_108' title='bbox 388 1844 422 1885; x_wconf 88' lang='lat' dir='ltr'>se</span> <span class='ocrx_word' id='word_1_109' title='bbox 438 1821 610 1910; x_wconf 80' lang='lat' dir='ltr'>gerebant,</span> <span class='ocrx_word' id='word_1_110' title='bbox 629 1821 795 1886; x_wconf 84' lang='lat' dir='ltr'>abstinens</span> <span class='ocrx_word' id='word_1_111' title='bbox 812 1845 821 1883; x_wconf 73' lang='grc' dir='ltr'><strong><em>ε</em></strong></span> <span class='ocrx_word' id='word_1_112' title='bbox 844 1822 944 1887; x_wconf 86' lang='lat' dir='ltr'>Galba</span> <span class='ocrx_word' id='word_1_113' title='bbox 960 1822 1047 1885; x_wconf 89' lang='lat' dir='ltr'>enim</span> <span class='ocrx_word' id='word_1_114' title='bbox 1064 1822 1134 1885; x_wconf 89' lang='lat' dir='ltr'>sine</span> <span class='ocrx_word' id='word_1_115' title='bbox 1149 1824 1228 1885; x_wconf 84' lang='lat' dir='ltr'>fuco</span> <span class='ocrx_word' id='word_1_116' title='bbox 1245 1837 1280 1885; x_wconf 87' lang='lat' dir='ltr'>et</span> <span class='ocrx_word' id='word_1_117' title='bbox 1295 1822 1347 1885; x_wconf 82' lang='lat' dir='ltr'>fal·</span> 
     </span>
     <span class='ocr_line' id='line_1_16' title="bbox 284 1922 1348 2011; baseline -0.002 -24"><span class='ocrx_word' id='word_1_118' title='bbox 284 1923 372 1989; x_wconf 87' lang='lat' dir='ltr'>laciis</span> <span class='ocrx_word' id='word_1_119' title='bbox 388 1924 579 2011; x_wconf 87' lang='lat' dir='ltr'>prensabat,</span> <span class='ocrx_word' id='word_1_120' title='bbox 596 1946 688 1987; x_wconf 90' lang='lat' dir='ltr'>more</span> <span class='ocrx_word' id='word_1_121' title='bbox 702 1924 862 2003; x_wconf 81' lang='lat' dir='ltr'>majorum</span> <span class='ocrx_word' id='word_1_122' title='bbox 875 1949 883 2007; x_wconf 78' lang='lat'><em>3</em></span> <span class='ocrx_word' id='word_1_123' title='bbox 900 1946 1009 2011; x_wconf 88' lang='lat' dir='ltr'>neque</span> <span class='ocrx_word' id='word_1_124' title='bbox 1024 1924 1067 2005; x_wconf 87' lang='lat' dir='ltr'><strong>Q</strong></span> <span class='ocrx_word' id='word_1_125' title='bbox 1076 1922 1291 1987; x_wconf 85' lang='lat' dir='ltr'>Cornificium</span> <span class='ocrx_word' id='word_1_126' title='bbox 1305 1946 1348 1985; x_wconf 89' lang='lat' dir='ltr'>re·</span> 
     </span>
     <span class='ocr_line' id='line_1_17' title="bbox 284 2023 1347 2112; baseline 0 -25"><span class='ocrx_word' id='word_1_127' title='bbox 284 2023 514 2112; x_wconf 83' lang='lat' dir='ltr'>prehenderes.</span> <span class='ocrx_word' id='word_1_128' title='bbox 535 2026 662 2087; x_wconf 80' lang='lat' dir='ltr'>Cassius</span> <span class='ocrx_word' id='word_1_129' title='bbox 685 2040 761 2095; x_wconf 85' lang='lat' dir='ltr'>tum</span> <span class='ocrx_word' id='word_1_130' title='bbox 780 2023 889 2089; x_wconf 87' lang='lat' dir='ltr'>adhuc</span> <span class='ocrx_word' id='word_1_131' title='bbox 911 2026 1001 2087; x_wconf 89' lang='lat' dir='ltr'>iners</span> <span class='ocrx_word' id='word_1_132' title='bbox 1019 2024 1129 2112; x_wconf 86' lang='lat' dir='ltr'>potius</span> <span class='ocrx_word' id='word_1_133' title='bbox 1152 2048 1192 2089; x_wconf 88' lang='lat' dir='ltr'>ac</span> <span class='ocrx_word' id='word_1_134' title='bbox 1214 2024 1347 2089; x_wconf 83' lang='lat' dir='ltr'>stolidus</span> 
     </span>
     <span class='ocr_line' id='line_1_18' title="bbox 285 2123 1348 2213; baseline -0.002 -23"><span class='ocrx_word' id='word_1_135' title='bbox 285 2148 371 2205; x_wconf 87' lang='lat' dir='ltr'>esse,</span> <span class='ocrx_word' id='word_1_136' title='bbox 387 2148 485 2212; x_wconf 90' lang='lat' dir='ltr'>quam</span> <span class='ocrx_word' id='word_1_137' title='bbox 500 2123 886 2213; x_wconf 85' lang='lat' dir='ltr'>improbus,&#39;videbatur.</span> <span class='ocrx_word' id='word_1_138' title='bbox 902 2126 1050 2189; x_wconf 87' lang='lat' dir='ltr'>Orationi</span> <span class='ocrx_word' id='word_1_139' title='bbox 1063 2125 1231 2189; x_wconf 75' lang='lat' dir='ltr'>Ciceronis</span> <span class='ocrx_word' id='word_1_140' title='bbox 1249 2141 1283 2189; x_wconf 91' lang='lat' dir='ltr'>et</span> <span class='ocrx_word' id='word_1_141' title='bbox 1293 2128 1348 2188; x_wconf 83' lang='lat' dir='ltr'>Ca·</span> 
     </span>
     <span class='ocr_line' id='line_1_19' title="bbox 283 2224 1348 2314; baseline 0.001 -27"><span class='ocrx_word' id='word_1_142' title='bbox 283 2224 373 2289; x_wconf 90' lang='lat' dir='ltr'>tiliua</span> <span class='ocrx_word' id='word_1_143' title='bbox 386 2241 418 2291; x_wconf 90' lang='lat' dir='ltr'>et</span> <span class='ocrx_word' id='word_1_144' title='bbox 432 2226 1120 2313; x_wconf 69' lang='lat' dir='ltr'>Antoniuspouturnelioserequnderuut,</span> <span class='ocrx_word' id='word_1_145' title='bbox 1136 2228 1229 2314; x_wconf 93' lang='lat' dir='ltr'>quod</span> <span class='ocrx_word' id='word_1_146' title='bbox 1249 2250 1348 2291; x_wconf 88' lang='lat' dir='ltr'>unum</span> 
     </span>
     <span class='ocr_line' id='line_1_20' title="bbox 284 2327 932 2413; baseline 0 -24"><span class='ocrx_word' id='word_1_147' title='bbox 284 2342 451 2413; x_wconf 83' lang='lat' dir='ltr'>poterant,</span> <span class='ocrx_word' id='word_1_148' title='bbox 472 2327 589 2390; x_wconf 89' lang='lat' dir='ltr'>invecti</span> <span class='ocrx_word' id='word_1_149' title='bbox 606 2327 638 2389; x_wconf 88' lang='lat' dir='ltr'>iu</span> <span class='ocrx_word' id='word_1_150' title='bbox 657 2328 834 2390; x_wconf 86' lang='lat' dir='ltr'>novitatem</span> <span class='ocrx_word' id='word_1_151' title='bbox 854 2327 932 2405; x_wconf 86' lang='lat' dir='ltr'>ejus.</span> 
     </span>
    </p>

    <p class='ocr_par' dir='ltr' id='par_1_4' title="bbox 285 2427 1354 3938">
     <span class='ocr_line' id='line_1_21' title="bbox 330 2427 1349 2517; baseline -0.001 -25"><span class='ocrx_word' id='word_1_152' title='bbox 330 2429 464 2500; x_wconf 88' lang='lat' dir='ltr'>XXXV.</span> <span class='ocrx_word' id='word_1_153' title='bbox 483 2428 522 2494; x_wconf 90' lang='lat' dir='ltr'>ld</span> <span class='ocrx_word' id='word_1_154' title='bbox 539 2430 640 2514; x_wconf 78' lang='lat' dir='ltr'>telum</span> <span class='ocrx_word' id='word_1_155' title='bbox 654 2444 726 2516; x_wconf 60' lang='lat' dir='ltr'>erup</span> <span class='ocrx_word' id='word_1_156' title='bbox 743 2429 857 2516; x_wconf 80' lang='lat' dir='ltr'>iugens</span> <span class='ocrx_word' id='word_1_157' title='bbox 876 2427 963 2517; x_wconf 86' lang='lat' dir='ltr'>apud</span> <span class='ocrx_word' id='word_1_158' title='bbox 982 2451 1135 2494; x_wconf 86' lang='lat' dir='ltr'>accensos</span> <span class='ocrx_word' id='word_1_159' title='bbox 1152 2428 1278 2494; x_wconf 84' lang='lat' dir='ltr'>invidia</span> <span class='ocrx_word' id='word_1_160' title='bbox 1294 2453 1349 2492; x_wconf 86' lang='lat' dir='ltr'>oo·</span> 
     </span>
     <span class='ocr_line' id='line_1_22' title="bbox 285 2529 1349 2620; baseline -0.003 -26"><span class='ocrx_word' id='word_1_161' title='bbox 285 2530 382 2614; x_wconf 88' lang='lat' dir='ltr'>biles,</span> <span class='ocrx_word' id='word_1_162' title='bbox 399 2532 456 2620; x_wconf 90' lang='lat' dir='ltr'>qui</span> <span class='ocrx_word' id='word_1_163' title='bbox 467 2532 556 2596; x_wconf 82' lang='lat' dir='ltr'>velut</span> <span class='ocrx_word' id='word_1_164' title='bbox 568 2531 670 2618; x_wconf 71' lang='lat' dir='ltr'>pollui</span> <span class='ocrx_word' id='word_1_165' title='bbox 682 2531 888 2601; x_wconf 87' lang='lat' dir='ltr'>consulatum</span> <span class='ocrx_word' id='word_1_166' title='bbox 901 2529 1073 2612; x_wconf 81' lang='lat' dir='ltr'>rebantur,</span> <span class='ocrx_word' id='word_1_167' title='bbox 1088 2532 1115 2595; x_wconf 87' lang='lat' dir='ltr'>si</span> <span class='ocrx_word' id='word_1_168' title='bbox 1129 2530 1171 2594; x_wconf 90' lang='lat' dir='ltr'>ad</span> <span class='ocrx_word' id='word_1_169' title='bbox 1184 2531 1349 2594; x_wconf 88' lang='lat' dir='ltr'>bominem</span> 
     </span>
     <span class='ocr_line' id='line_1_23' title="bbox 288 2631 1352 2721; baseline -0.003 -25"><span class='ocrx_word' id='word_1_170' title='bbox 288 2653 427 2715; x_wconf 83' lang='lat' dir='ltr'>novum,</span> <span class='ocrx_word' id='word_1_171' title='bbox 442 2631 879 2721; x_wconf 77' lang='lat' dir='ltr'>quantumlibetegregium,</span> <span class='ocrx_word' id='word_1_172' title='bbox 894 2634 1102 2719; x_wconf 83' lang='lat' dir='ltr'>pervenisset.</span> <span class='ocrx_word' id='word_1_173' title='bbox 1116 2634 1160 2698; x_wconf 87' lang='lat' dir='ltr'>Et</span> <span class='ocrx_word' id='word_1_174' title='bbox 1172 2632 1352 2696; x_wconf 84' lang='lat' dir='ltr'>manilianis</span> 
     </span>
     <span class='ocr_line' id='line_1_24' title="bbox 288 2733 1354 2823; baseline -0.004 -23"><span class='ocrx_word' id='word_1_175' title='bbox 288 2735 488 2818; x_wconf 83' lang='lat' dir='ltr'>actionibus,</span> <span class='ocrx_word' id='word_1_176' title='bbox 499 2733 704 2822; x_wconf 66' lang='lat' dir='ltr'>tanquamad</span> <span class='ocrx_word' id='word_1_177' title='bbox 712 2735 903 2823; x_wconf 80' lang='lat' dir='ltr'>popularem</span> <span class='ocrx_word' id='word_1_178' title='bbox 912 2735 1086 2800; x_wconf 84' lang='lat' dir='ltr'>factionem</span> <span class='ocrx_word' id='word_1_179' title='bbox 1094 2733 1268 2816; x_wconf 84' lang='lat' dir='ltr'>deficiens,</span> <span class='ocrx_word' id='word_1_180' title='bbox 1279 2734 1354 2822; x_wconf 82' lang='lat' dir='ltr'>opti</span> 
     </span>
     <span class='ocr_line' id='line_1_25' title="bbox 289 2835 1353 2924; baseline -0.002 -24"><span class='ocrx_word' id='word_1_181' title='bbox 289 2853 390 2916; x_wconf 78' lang='lat' dir='ltr'>matrs</span> <span class='ocrx_word' id='word_1_182' title='bbox 402 2835 592 2911; x_wconf 78' lang='lat' dir='ltr'>offenderat.</span> <span class='ocrx_word' id='word_1_183' title='bbox 608 2836 672 2920; x_wconf 75' lang='lat' dir='ltr'>Sed</span> <span class='ocrx_word' id='word_1_184' title='bbox 684 2837 748 2901; x_wconf 85' lang='lat' dir='ltr'>cito</span> <span class='ocrx_word' id='word_1_185' title='bbox 762 2837 878 2907; x_wconf 82' lang='lat' dir='ltr'>mutati</span> <span class='ocrx_word' id='word_1_186' title='bbox 893 2853 988 2917; x_wconf 89' lang='lat' dir='ltr'>suut,</span> <span class='ocrx_word' id='word_1_187' title='bbox 1005 2852 1179 2924; x_wconf 84' lang='lat' dir='ltr'>postquam</span> <span class='ocrx_word' id='word_1_188' title='bbox 1196 2835 1353 2902; x_wconf 85' lang='lat' dir='ltr'>industria</span> 
     </span>
     <span class='ocr_line' id='line_1_26' title="bbox 288 2936 1351 3027; baseline -0.005 -25"><span class='ocrx_word' id='word_1_189' title='bbox 288 2939 516 3027; x_wconf 79' lang='lat' dir='ltr'>vigilantiaque</span> <span class='ocrx_word' id='word_1_190' title='bbox 528 2937 589 3003; x_wconf 79' lang='lat' dir='ltr'>viri</span> <span class='ocrx_word' id='word_1_191' title='bbox 605 2960 687 3025; x_wconf 78' lang='lat' dir='ltr'>opus</span> <span class='ocrx_word' id='word_1_192' title='bbox 702 2959 772 3002; x_wconf 88' lang='lat' dir='ltr'>esse</span> <span class='ocrx_word' id='word_1_193' title='bbox 784 2937 977 3024; x_wconf 88' lang='lat' dir='ltr'>periclitanti</span> <span class='ocrx_word' id='word_1_194' title='bbox 994 2937 1179 3024; x_wconf 71' lang='lat' dir='ltr'>reipublicae</span> <span class='ocrx_word' id='word_1_195' title='bbox 1190 2936 1351 3002; x_wconf 83' lang='lat' dir='ltr'>viderunt.</span> 
     </span>
     <span class='ocr_line' id='line_1_27' title="bbox 290 3036 1354 3127; baseline -0.005 -22"><span class='ocrx_word' id='word_1_196' title='bbox 290 3041 420 3127; x_wconf 78' lang='lat' dir='ltr'>Quippe</span> <span class='ocrx_word' id='word_1_197' title='bbox 437 3039 573 3112; x_wconf 85' lang='lat' dir='ltr'>Catilina</span> <span class='ocrx_word' id='word_1_198' title='bbox 590 3039 717 3102; x_wconf 89' lang='lat' dir='ltr'>circiter</span> <span class='ocrx_word' id='word_1_199' title='bbox 733 3036 884 3102; x_wconf 84' lang='lat' dir='ltr'>kalendas</span> <span class='ocrx_word' id='word_1_200' title='bbox 899 3038 1007 3118; x_wconf 84' lang='lat' dir='ltr'>junias</span> <span class='ocrx_word' id='word_1_201' title='bbox 1020 3061 1098 3102; x_wconf 85' lang='lat' dir='ltr'>curn</span> <span class='ocrx_word' id='word_1_202' title='bbox 1115 3038 1228 3100; x_wconf 89' lang='lat' dir='ltr'>multis</span> <span class='ocrx_word' id='word_1_203' title='bbox 1243 3037 1354 3102; x_wconf 91' lang='lat' dir='ltr'>nobili·</span> 
     </span>
     <span class='ocr_line' id='line_1_28' title="bbox 289 3138 1354 3228; baseline 0 -24"><span class='ocrx_word' id='word_1_204' title='bbox 289 3140 369 3221; x_wconf 86' lang='lat' dir='ltr'>bus,</span> <span class='ocrx_word' id='word_1_205' title='bbox 382 3141 519 3228; x_wconf 80' lang='lat' dir='ltr'>aliisque</span> <span class='ocrx_word' id='word_1_206' title='bbox 532 3140 679 3227; x_wconf 82' lang='lat' dir='ltr'>pessimis</span> <span class='ocrx_word' id='word_1_207' title='bbox 696 3155 730 3204; x_wconf 86' lang='lat' dir='ltr'>et</span> <span class='ocrx_word' id='word_1_208' title='bbox 745 3138 965 3204; x_wconf 86' lang='lat' dir='ltr'>audacissimis</span> <span class='ocrx_word' id='word_1_209' title='bbox 983 3139 1193 3219; x_wconf 89' lang='lat' dir='ltr'>hominibus,</span> <span class='ocrx_word' id='word_1_210' title='bbox 1212 3141 1354 3220; x_wconf 87' lang='lat' dir='ltr'>conjura·</span> 
     </span>
     <span class='ocr_line' id='line_1_29' title="bbox 290 3239 1353 3329; baseline 0.002 -25"><span class='ocrx_word' id='word_1_211' title='bbox 290 3244 414 3308; x_wconf 88' lang='lat' dir='ltr'>tionem</span> <span class='ocrx_word' id='word_1_212' title='bbox 425 3243 558 3323; x_wconf 86' lang='lat' dir='ltr'>fecerat,</span> <span class='ocrx_word' id='word_1_213' title='bbox 572 3257 626 3320; x_wconf 91' lang='lat' dir='ltr'>ut,</span> <span class='ocrx_word' id='word_1_214' title='bbox 636 3239 829 3306; x_wconf 85' lang='lat' dir='ltr'>consulibus</span> <span class='ocrx_word' id='word_1_215' title='bbox 842 3241 1029 3321; x_wconf 82' lang='lat' dir='ltr'>trucidatis,</span> <span class='ocrx_word' id='word_1_216' title='bbox 1041 3259 1226 3329; x_wconf 85' lang='lat' dir='ltr'>senatuque</span> <span class='ocrx_word' id='word_1_217' title='bbox 1239 3241 1353 3319; x_wconf 84' lang='lat' dir='ltr'>deleto,</span> 
     </span>
     <span class='ocr_line' id='line_1_30' title="bbox 289 3341 1353 3432; baseline 0.001 -26"><span class='ocrx_word' id='word_1_218' title='bbox 289 3342 422 3410; x_wconf 86' lang='lat' dir='ltr'>incensa</span> <span class='ocrx_word' id='word_1_219' title='bbox 441 3342 589 3430; x_wconf 84' lang='lat' dir='ltr'>pluribus</span> <span class='ocrx_word' id='word_1_220' title='bbox 611 3342 688 3408; x_wconf 86' lang='lat' dir='ltr'>locis</span> <span class='ocrx_word' id='word_1_221' title='bbox 706 3341 813 3422; x_wconf 86' lang='lat' dir='ltr'>Urbe,</span> <span class='ocrx_word' id='word_1_222' title='bbox 832 3343 979 3422; x_wconf 71' lang='lat' dir='ltr'>ararium</span> <span class='ocrx_word' id='word_1_223' title='bbox 1004 3342 1201 3430; x_wconf 82' lang='lat' dir='ltr'>diriperent,</span> <span class='ocrx_word' id='word_1_224' title='bbox 1223 3367 1353 3432; x_wconf 86' lang='lat' dir='ltr'>rempu-</span> 
     </span>
     <span class='ocr_line' id='line_1_31' title="bbox 290 3442 1353 3530; baseline -0.002 -22"><span class='ocrx_word' id='word_1_225' title='bbox 290 3445 407 3530; x_wconf 81' lang='lat' dir='ltr'>blicam</span> <span class='ocrx_word' id='word_1_226' title='bbox 432 3445 668 3514; x_wconf 87' lang='lat' dir='ltr'>constituerent</span> <span class='ocrx_word' id='word_1_227' title='bbox 686 3442 844 3510; x_wconf 87' lang='lat' dir='ltr'>arbitratu</span> <span class='ocrx_word' id='word_1_228' title='bbox 865 3466 926 3508; x_wconf 86' lang='lat' dir='ltr'>suo</span> <span class='ocrx_word' id='word_1_229' title='bbox 947 3467 955 3506; x_wconf 90' lang='lat'><strong>:</strong></span> <span class='ocrx_word' id='word_1_230' title='bbox 977 3444 1010 3511; x_wconf 91' lang='lat' dir='ltr'>in</span> <span class='ocrx_word' id='word_1_231' title='bbox 1033 3445 1098 3508; x_wconf 88' lang='lat' dir='ltr'>hoc</span> <span class='ocrx_word' id='word_1_232' title='bbox 1114 3443 1215 3512; x_wconf 82' lang='lat' dir='ltr'>fidem</span> <span class='ocrx_word' id='word_1_233' title='bbox 1239 3461 1353 3510; x_wconf 89' lang='lat' dir='ltr'>mutuo</span> 
     </span>
     <span class='ocr_line' id='line_1_32' title="bbox 292 3544 1351 3636; baseline -0.003 -26"><span class='ocrx_word' id='word_1_234' title='bbox 292 3546 534 3635; x_wconf 80' lang='lat' dir='ltr'>obligaverant,</span> <span class='ocrx_word' id='word_1_235' title='bbox 547 3544 681 3608; x_wconf 86' lang='lat' dir='ltr'>bomine</span> <span class='ocrx_word' id='word_1_236' title='bbox 704 3559 859 3623; x_wconf 83' lang='lat' dir='ltr'>mactato,</span> <span class='ocrx_word' id='word_1_237' title='bbox 876 3546 1011 3632; x_wconf 83' lang='lat' dir='ltr'>ejusque</span> <span class='ocrx_word' id='word_1_238' title='bbox 1027 3561 1158 3633; x_wconf 83' lang='lat' dir='ltr'>gustato</span> <span class='ocrx_word' id='word_1_239' title='bbox 1180 3547 1351 3636; x_wconf 87' lang='lat' dir='ltr'>sanguine:</span> 
     </span>
     <span class='ocr_line' id='line_1_33' title="bbox 291 3646 1351 3734; baseline -0.002 -20"><span class='ocrx_word' id='word_1_240' title='bbox 291 3663 401 3714; x_wconf 86' lang='lat' dir='ltr'>tantus</span> <span class='ocrx_word' id='word_1_241' title='bbox 413 3649 504 3712; x_wconf 83' lang='lat' dir='ltr'>furor</span> <span class='ocrx_word' id='word_1_242' title='bbox 517 3661 643 3716; x_wconf 84' lang='lat' dir='ltr'>mentes</span> <span class='ocrx_word' id='word_1_243' title='bbox 656 3646 846 3712; x_wconf 85' lang='lat' dir='ltr'>incesserat!</span> <span class='ocrx_word' id='word_1_244' title='bbox 857 3647 1034 3733; x_wconf 85' lang='lat' dir='ltr'>Plerosque</span> <span class='ocrx_word' id='word_1_245' title='bbox 1045 3661 1184 3734; x_wconf 86' lang='lat' dir='ltr'>sequuta</span> <span class='ocrx_word' id='word_1_246' title='bbox 1195 3648 1351 3712; x_wconf 82' lang='lat' dir='ltr'>luxuriam</span> 
     </span>
     <span class='ocr_line' id='line_1_34' title="bbox 293 3747 1351 3836; baseline 0 -24"><span class='ocrx_word' id='word_1_247' title='bbox 293 3763 414 3836; x_wconf 81' lang='lat' dir='ltr'>egestas</span> <span class='ocrx_word' id='word_1_248' title='bbox 426 3747 469 3812; x_wconf 92' lang='lat' dir='ltr'>ad</span> <span class='ocrx_word' id='word_1_249' title='bbox 480 3747 586 3813; x_wconf 77' lang='lat' dir='ltr'>ultirrd</span> <span class='ocrx_word' id='word_1_250' title='bbox 603 3747 723 3814; x_wconf 78' lang='lat' dir='ltr'>furoris</span> <span class='ocrx_word' id='word_1_251' title='bbox 738 3747 875 3815; x_wconf 85' lang='lat' dir='ltr'>consilia</span> <span class='ocrx_word' id='word_1_252' title='bbox 886 3749 1108 3836; x_wconf 82' lang='lat' dir='ltr'>praecipitabat</span> <span class='ocrx_word' id='word_1_253' title='bbox 1122 3773 1130 3814; x_wconf 74' lang='grc' dir='ltr'><strong>ι</strong></span> <span class='ocrx_word' id='word_1_254' title='bbox 1146 3765 1242 3812; x_wconf 87' lang='lat' dir='ltr'>erant</span> <span class='ocrx_word' id='word_1_255' title='bbox 1255 3765 1287 3813; x_wconf 85' lang='lat' dir='ltr'>et</span> <span class='ocrx_word' id='word_1_256' title='bbox 1301 3747 1351 3836; x_wconf 88' lang='lat' dir='ltr'>qui</span> 
     </span>
     <span class='ocr_line' id='line_1_35' title="bbox 291 3848 1214 3938; baseline 0.003 -28"><span class='ocrx_word' id='word_1_257' title='bbox 291 3871 348 3936; x_wconf 89' lang='lat' dir='ltr'>spe</span> <span class='ocrx_word' id='word_1_258' title='bbox 364 3848 593 3912; x_wconf 81' lang='lat' dir='ltr'>dominationis</span> <span class='ocrx_word' id='word_1_259' title='bbox 608 3848 766 3935; x_wconf 87' lang='lat' dir='ltr'>improbis</span> <span class='ocrx_word' id='word_1_260' title='bbox 785 3849 897 3938; x_wconf 85' lang='lat' dir='ltr'>coeptis</span> <span class='ocrx_word' id='word_1_261' title='bbox 913 3849 1040 3913; x_wconf 85' lang='lat' dir='ltr'>occulte</span> <span class='ocrx_word' id='word_1_262' title='bbox 1057 3850 1214 3914; x_wconf 84' lang='lat' dir='ltr'>faverent.</span> 
     </span>
    </p>
   </div>
   <div class='ocr_carea' id='block_1_2' title="bbox 292 4030 1349 4221">
    <p class='ocr_par' dir='ltr' id='par_1_5' title="bbox 292 4030 1349 4221">
     <span class='ocr_line' id='line_1_36' title="bbox 325 4030 1349 4134; baseline 0.004 -18"><span class='ocrx_word' id='word_1_263' title='bbox 325 4066 340 4132; x_wconf 69' lang='lat' dir='ltr'>S</span> <span class='ocrx_word' id='word_1_264' title='bbox 354 4069 475 4118; x_wconf 68' lang='lat' dir='ltr'>mlv.</span> <span class='ocrx_word' id='word_1_265' title='bbox 485 4069 536 4120; x_wconf 80' lang='lat' dir='ltr'>Cic.</span> <span class='ocrx_word' id='word_1_266' title='bbox 546 4067 578 4116; x_wconf 74' lang='lat' dir='ltr'>nd</span> <span class='ocrx_word' id='word_1_267' title='bbox 587 4069 662 4117; x_wconf 77' lang='lat' dir='ltr'>Attia.</span> <span class='ocrx_word' id='word_1_268' title='bbox 672 4071 695 4124; x_wconf 88' lang='grc' dir='ltr'>Ι,</span> <span class='ocrx_word' id='word_1_269' title='bbox 708 4085 731 4115; x_wconf 86' lang='grc' dir='ltr'>ι.</span> <span class='ocrx_word' id='word_1_270' title='bbox 740 4094 772 4108; x_wconf 78' lang='lat'>-</span> <span class='ocrx_word' id='word_1_271' title='bbox 779 4071 871 4120; x_wconf 71' lang='lat' dir='ltr'>Areon</span> <span class='ocrx_word' id='word_1_272' title='bbox 879 4080 914 4114; x_wconf 65' lang='lat' dir='ltr'>a„</span> <span class='ocrx_word' id='word_1_273' title='bbox 922 4069 939 4134; x_wconf 73' lang='lat' dir='ltr'>S</span> <span class='ocrx_word' id='word_1_274' title='bbox 946 4030 1055 4119; x_wconf 63' lang='lat' dir='ltr'>mi.</span> <span class='ocrx_word' id='word_1_275' title='bbox 1062 4069 1160 4120; x_wconf 73' lang='lat' dir='ltr'>§alluat</span> <span class='ocrx_word' id='word_1_276' title='bbox 1170 4070 1197 4118; x_wconf 83' lang='lat' dir='ltr'>iu</span> <span class='ocrx_word' id='word_1_277' title='bbox 1206 4070 1306 4118; x_wconf 77' lang='lat' dir='ltr'>Catibc.</span> <span class='ocrx_word' id='word_1_278' title='bbox 1315 4082 1349 4125; x_wconf 75' lang='lat'>¹7·</span> 
     </span>
     <span class='ocr_line' id='line_1_37' title="bbox 292 4151 1346 4221; baseline 0.004 -25"><span class='ocrx_word' id='word_1_279' title='bbox 292 4165 323 4196; x_wconf 78' lang='lat' dir='ltr'>n</span> <span class='ocrx_word' id='word_1_280' title='bbox 335 4161 358 4198; x_wconf 85' lang='lat' dir='ltr'>et</span> <span class='ocrx_word' id='word_1_281' title='bbox 370 4152 411 4198; x_wconf 68' lang='lat' dir='ltr'>rt.</span> <span class='ocrx_word' id='word_1_282' title='bbox 423 4177 455 4188; x_wconf 88' lang='lat'>·-·</span> <span class='ocrx_word' id='word_1_283' title='bbox 462 4152 514 4201; x_wconf 86' lang='lat' dir='ltr'>Cic.</span> <span class='ocrx_word' id='word_1_284' title='bbox 525 4151 554 4198; x_wconf 82' lang='lat' dir='ltr'>de</span> <span class='ocrx_word' id='word_1_285' title='bbox 565 4153 635 4202; x_wconf 82' lang='lat' dir='ltr'>Petit.</span> <span class='ocrx_word' id='word_1_286' title='bbox 646 4154 761 4202; x_wconf 72' lang='lat' dir='ltr'>conr-</span> <span class='ocrx_word' id='word_1_287' title='bbox 770 4153 833 4202; x_wconf 76' lang='lat' dir='ltr'>rtur.</span> <span class='ocrx_word' id='word_1_288' title='bbox 842 4179 874 4190; x_wconf 79' lang='lat'><em>—</em></span> <span class='ocrx_word' id='word_1_289' title='bbox 882 4155 990 4221; x_wconf 73' lang='lat' dir='ltr'>Appiae.</span> <span class='ocrx_word' id='word_1_290' title='bbox 998 4155 1052 4203; x_wconf 81' lang='lat' dir='ltr'>Cir.</span> <span class='ocrx_word' id='word_1_291' title='bbox 1062 4153 1105 4204; x_wconf 80' lang='lat' dir='ltr'>lib.</span> <span class='ocrx_word' id='word_1_292' title='bbox 1115 4155 1149 4202; x_wconf 89' lang='lat' dir='ltr'>u.</span> <span class='ocrx_word' id='word_1_293' title='bbox 1158 4179 1193 4192; x_wconf 83' lang='lat'>-</span> <span class='ocrx_word' id='word_1_294' title='bbox 1203 4153 1268 4202; x_wconf 69' lang='lat' dir='ltr'>flor.</span> <span class='ocrx_word' id='word_1_295' title='bbox 1276 4152 1317 4208; x_wconf 76' lang='lat' dir='ltr'>tv,</span> <span class='ocrx_word' id='word_1_296' title='bbox 1329 4165 1346 4194; x_wconf 60' lang='lat'>¹2</span> 
     </span>
    </p>
   </div>
   <div class='ocr_carea' id='block_1_3' title="bbox 0 0 1452 4900">
    <p class='ocr_par' dir='ltr' id='par_1_6' title="bbox 0 0 1452 4900">
     <span class='ocr_line' id='line_1_38' title="bbox 0 0 1452 4900; baseline 0 0"><span class='ocrx_word' id='word_1_297' title='bbox 0 0 1452 4900; x_wconf 95' lang='lat' dir='ltr'> </span> 
     </span>
    </p>
   </div>
  </div>
 </body>
</html>
