2875 4900
288 395 359 491 498
457 396 526 463 ro.
554 392 893 463 rnsrusuanu
926 372 1172 465 suessan.

330 516 476 583 cxvm.
494 516 536 579 At
556 518 707 597 Crassus,
727 534 916 601 quanquam
935 510 1037 577 lilium
1056 536 1154 578 suum
1167 534 1266 601 quam
1280 538 1357 604 pos-

287 634 337 685 set
355 640 451 707 opem
473 622 557 682 serre
576 616 726 681 Ciceroni
746 630 927 704 pateretur,
947 613 988 677 ad
1010 615 1124 703 populi
1144 636 1297 700 sensum,
1322 634 1359 681 ut

287 722 429 803 solebat,
453 718 711 787 accommodavit
740 718 933 783 orationem.
960 715 1135 805 Pompeius
1158 740 1216 783 ore
1238 719 1357 808 magis,

285 846 385 913 quam
405 824 534 904 animo,
555 818 743 885 verecundo
762 842 821 907 per
841 817 1081 883 simulationem
1102 818 1241 883 aliorum
1262 842 1359 909 nego·

285 926 408 990 tiorum
434 923 548 989 abfuit
579 922 670 985 Inter
693 919 763 985 baec
788 919 997 1001 Ciceronem,
1022 918 1149 983 consilii
1172 918 1356 1001 incertum,

284 1026 442 1093 Lucullus.
459 1026 526 1089 rim
548 1023 582 1087 vi
605 1022 761 1111 repellere
784 1020 996 1101 hortabatur3
1022 1020 1145 1101 ceteri,
1166 1036 1199 1085 et
1220 1022 1357 1085 maxime
1409 1090 1414 1114 ‚

285 1130 333 1195 Μ.
346 1131 445 1208 Cato,
459 1126 501 1209 Q.
515 1124 728 1206 Hortensius,
742 1125 784 1205 Q.
797 1123 909 1187 Arrius
920 1122 1044 1187 bellum
1056 1121 1148 1187 civile
1158 1121 1355 1187 abnuebant.

286 1234 365 1295 Cato
376 1246 449 1293 tum
461 1226 496 1292 in
508 1228 654 1317 Cyprum
666 1224 947 1315 proficiscebatur,
958 1239 1028 1289 arte
1039 1240 1272 1312 tyrannorum,
1284 1228 1356 1313 qui,

285 1354 354 1395 non
371 1329 434 1394 nisi
452 1329 584 1394 duobus
598 1328 650 1393 his
664 1328 803 1416 publicus
817 1325 974 1391 libertatis
990 1324 1109 1390 amotis
1125 1326 1357 1408 assertoribus,

284 1431 497 1497 consiliorum
517 1452 672 1506 suorum,
692 1430 823 1517 qualem
844 1426 1014 1508 volebant,
1037 1442 1190 1493 eventum
1209 1428 1357 1517 opperie-

285 1535 416 1600 bantur.

328 1635 446 1699 cxlx.
472 1634 590 1721 Neque
605 1632 693 1697 enim
715 1631 819 1697 dubio
838 1631 967 1696 illorum
986 1630 1132 1718 impulsu
1149 1630 1185 1695 P.
1204 1628 1356 1713 Clodius,

284 1734 327 1799 sle
347 1734 513 1799 Ciceronis
538 1733 752 1823 oppressione
778 1732 971 1821 desperans,
998 1730 1102 1796 donec
1121 1732 1156 1795 iu
1170 1731 1259 1795 Urbe
1278 1734 1357 1798 Cato

285 1853 385 1917 esset,
398 1837 483 1899 banc
494 1834 564 1915 ejus
575 1857 634 1924 per
645 1836 787 1923 speciem
801 1833 939 1899 honoris
952 1832 1127 1897 amoliendi
1142 1834 1293 1897 astutiam
1310 1850 1358 1897 est

284 1954 501 2002 commentus.
522 1938 562 2001 ln
580 1938 691 2025 Cypro
707 1938 903 2001 Ptolomeus
917 1935 1072 2024 regnabat
1083 1936 1264 2016 ,omnibus
1277 1958 1357 2001 con·

285 2040 460 2105 taminatus
477 2058 609 2101 morunt
628 2038 737 2101 vitiis:
763 2052 917 2101 caeterum
936 2058 997 2103 nec
1015 2035 1050 2101 id
1067 2035 1109 2100 ad
1122 2039 1283 2125 populum
1304 2060 1357 2103 m·

280 2162 419 2205 manum
439 2138 639 2227 pertinebat3
656 2160 764 2225 neque
782 2138 809 2201 is
825 2153 893 2201 erat
910 2136 1063 2219 Clodius,
1075 2153 1115 2201 ut
1124 2138 1243 2201 alienas
1257 2138 1357 2218 vitas,

285 2240 376 2306 omni
389 2240 457 2326 ipse
469 2236 676 2325 turpitudine
687 2252 881 2325 coopertus,
898 2239 1053 2327 castigare
1069 2237 1211 2303 deberet.
1225 2238 1290 2303 Sed
1305 2241 1359 2305 ille

286 2341 499 2405 Ptolemaeum
515 2337 645 2420 oderat,
662 2333 753 2429 qnod
769 2361 803 2405 se
821 2354 953 2427 captum
969 2362 988 2403 a
1004 2340 1114 2427 piratis
1130 2339 1291 2405 redimere
1305 2366 1358 2405 ne·

285 2442 455 2532 glexisset3
476 2440 770 2531 promulgabetque
795 2440 836 2508 de
860 2444 969 2530 Cypro
991 2440 1021 2507 ei
1039 2440 1222 2508 adimenda.
1240 2442 1358 2533 Magna

285 2558 458 2632 paupertas
474 2559 543 2606 erat
556 2559 630 2606 tum
647 2543 771 2632 aerarii,
790 2565 906 2632 magna
926 2544 1111 2633 cypriorum
1136 2565 1238 2632 opum
1255 2546 1356 2624 lama;

285 2643 422 2708 civitatis
435 2645 582 2732 corrupti
599 2666 725 2725 mores,
738 2646 882 2734 populus
898 2645 1056 2729 injustus,
1072 2646 1237 2735 principes
1253 2649 1356 2714 avari:

285 2745 501 2810 bisomnibus
511 2743 664 2812 decausis
673 2745 884 2826 injustissima
894 2747 1021 2835 rogatio
1031 2745 1150 2835 cupide
1158 2764 1292 2836 accepta
1301 2765 1355 2813 est

330 2849 430 2913 CXX.
454 2847 501 2912 Ea
524 2846 566 2912 de
592 2870 629 2912 re
653 2871 730 2912 cum
753 2849 896 2929 Catone,
922 2871 991 2912 non
1015 2847 1121 2914 multo
1142 2865 1219 2938 post
1240 2850 1356 2915 initum

286 2949 510 3031 tribunatum,
534 2949 763 3037 colloquutus,
786 2952 817 3014 ei
836 2953 1082 3016 recusationem
1100 2949 1193 3016 t'llam
1207 2953 1356 3016 daturum

287 3050 432 3133 dicebat,
447 3073 539 3140 quem
555 3052 773 3115 Romanorum
793 3054 933 3116 omarum
952 3053 1258 3133 mnocsntrbsimum,
1277 3055 1356 3118 sileo-

286 3175 347 3241 que
363 3149 512 3237 beneficio
527 3151 585 3216 illo
604 3151 738 3238 Quum
758 3153 974 3216 arbitrarem
992 3152 1199 3216 Reclamante
1216 3155 1354 3232 Catone,

286 3276 319 3316 se
330 3277 404 3317 uero
414 3255 546 3318 insrila'as
557 3269 588 3318 et
597 3254 768 3342 ursariae,
782 3275 845 3316 non
860 3248 1044 3338 beneficium
1058 3252 1162 3318 Clom'i
1173 3275 1354 3340 agnoscam

289 3369 361 3418 tum
385 3355 439 3419 ille
458 3369 648 3444 arroganter
670 3371 703 3418 et
727 3376 855 3442 aspere,
876 3353 1044 3436 «Quando
1061 3354 1160 3442 igitur
1177 3354 1353 3432 volentem,

287 3485 300 3510 ι
309 3455 434 3540 inquit,
453 3455 602 3520 emittere
617 3476 767 3544 nequeo,
784 3455 950 3520 nolentem
961 3454 1118 3544 expellam
1131 3477 1165 3518 n:
1183 3455 1354 3519 continuo·

287 3577 353 3642 que
370 3555 537 3643 profectus
552 3557 587 3619 in
603 3557 817 3639 concionem,
836 3557 939 3646 legem
957 3557 1050 3637 tulit,
1065 3559 1114 3622 uti
1132 3556 1212 3622 Cato
1225 3571 1354 3646 quaestor

286 3679 359 3720 cum
372 3657 451 3746 jure
463 3661 636 3744 proetonb,
663 3658 787 3747 adjecto
809 3659 906 3724 etaiam
926 3673 1096 3747 quaestore,
1115 3657 1164 3722 ad
1180 3657 1351 3724 numadum

286 3780 383 3848 regno
398 3757 625 3838 Ptolemoeum,
643 3761 677 3820 in
694 3759 832 3847 Cyprum
847 3762 1039 3838 mellentum
1054 3759 1198 3848 eidemque
1212 3757 1351 3847 Byzanti

318 3975 466 4062 scrvur.
477 3994 575 4044 uuus
588 3999 679 4045 nam.
690 3999 710 4045 1.
723 4025 757 4036 -
769 3999 827 4048 uro.
838 4025 873 4036 -
886 3999 951 4050 nas
961 3997 1060 4050 -cts
1071 3997 1103 4046 aa
1115 4000 1148 4061 Q.
1162 3999 1230 4047 sse.
1245 3999 1272 4056 r,
1290 3998 1315 4053 a,
1327 4005 1347 4041 s

284 4097 332 4145 pro
345 4079 434 4138 domo,
446 4096 502 4145 cap.
516 4093 541 4142 9.
559 4107 596 4117 -
617 4079 633 4145 s
654 4082 748 4130 cm.
767 4070 820 4132 Cic.
838 4097 885 4148 pro
902 4083 970 4131 Sext.
983 4097 1038 4148 esp.
1050 4097 1082 4142 ap
1101 4091 1126 4130 et
1140 4081 1182 4130 ab.
1200 4079 1297 4130 -Vell
1308 4079 1347 4133 ll,

283 4165 326 4222 45,
337 4191 370 4202 -
385 4164 465 4214 Strtb.
476 4163 522 4213 lib.
532 4165 711 4229 imum.
725 4193 761 4203 -
773 4165 911 4216 Marulla.
922 4165 1046 4228 xmus
1057 4191 1091 4204 -
1104 4163 1170 4214 rtur.
1181 4193 1216 4204 —
1226 4163 1282 4212 Dio.
