2875 4900
312 408 384 493 604
489 411 557 478 JO.
584 408 922 479 FREINSHEMII
954 406 1199 477 SUPPLEM.

313 542 417 591 terror
435 526 541 592 omnis
558 530 758 593 exoleverat:
777 528 858 615 quin
875 527 917 592 ad
936 528 1095 592 Caesarem
1111 528 1260 616 quotidie
1275 531 1378 593 venie·

242 654 245 665 ¹
311 628 391 692 bant
406 628 532 711 nuntii,
552 628 678 693 diversis
694 628 815 694 Gallice
820 629 969 718 panibus
978 632 1098 720 parari
1112 652 1205 694 orma
1212 676 1223 710 ,
1247 634 1321 717 cogi
1321 632 1377 716 ju·

311 742 465 794 vertentem
473 779 483 812 ‚
500 731 668 819 cory'urare
684 733 769 795 inter
785 755 817 795 se
827 733 985 820 principer
998 744 1030 796 et
1043 754 1177 818 mgnos
1190 734 1305 821 ubique
1316 757 1377 795 mo·

309 844 359 895 tus
373 854 444 896 esse.
461 832 647 921 Tasgetium
658 856 677 895 a
688 834 812 897 Caesare
822 833 884 898 sibi
893 856 1003 923 regem
1019 834 1208 922 impositum
1222 836 1376 899 Carnutes

309 956 414 1021 nuper
429 934 677 999 interfecerant:
694 926 730 998 i'd
747 935 932 1024 exemplum
949 936 1079 1023 sequuti
1094 936 1258 1019 Senones,
1278 935 1377 999 valida

309 1034 439 1117 civitas,
459 1035 656 1099 Cavarinum
678 1036 861 1118 ejecerunt;
884 1052 918 1101 et
939 1052 1072 1101 vocatus
1090 1035 1131 1100 ad
1151 1037 1375 1126 imperatorem

307 1153 437 1201 senatus
455 1159 589 1217 eorum,
608 1136 695 1201 dicto
719 1137 855 1203 audiens
879 1159 947 1201 non
970 1138 1042 1203 fuit.
1068 1138 1200 1220 Nervii,
1222 1140 1376 1203 Atuatici·

308 1260 389 1325 que,
403 1235 461 1301 sed
475 1252 550 1300 ante
562 1260 675 1303 omnes
688 1240 721 1301 in
736 1239 875 1303 Treviris
890 1238 1133 1305 Indutiomarus
1149 1240 1240 1303 omni
1256 1258 1376 1304 conatu

307 1338 486 1403 instruebat
503 1339 625 1403 bellum
639 1364 646 1405 :
666 1357 698 1404 et
714 1363 902 1430 quanquam
918 1363 1108 1430 permovere
1124 1340 1307 1405 Germanos
1324 1365 1375 1405 ne·

307 1439 472 1526 quiverat,
492 1456 531 1503 ut
546 1439 656 1506 denuo
670 1429 825 1505 Rhenum
840 1442 1031 1524 transirent,
1048 1442 1214 1507 Gallorum
1229 1441 1375 1531 undique

305 1541 510 1605 venientibus
527 1542 619 1607 adse
636 1544 761 1608 nuntiis
777 1543 986 1607 excitabatur.

349 1642 392 1707 ll.
416 1644 550 1708 Initium
571 1644 648 1709 belli
670 1646 776 1709 facere
796 1645 837 1708 ab
854 1645 1099 1734 oppugnatione
1118 1660 1299 1709 castrorum
1318 1648 1373 1710 la·

305 1746 409 1827 bieni‚
427 1770 500 1835 quae
517 1764 609 1811 erant
625 1748 657 1811 in
675 1747 829 1830 Rhemis,
846 1748 1071 1829 constitueram
1091 1746 1149 1811 sed
1168 1746 1253 1810 idem
1276 1748 1372 1811 etiam

305 1846 377 1911 linis
396 1849 424 1911 ei
444 1847 667 1913 tumultuandi
691 1848 789 1912 simul
809 1864 843 1913 et
863 1847 993 1912 vivendi
1016 1847 1087 1911 luit.
1110 1848 1241 1936 Quippe
1259 1848 1372 1914 Labie·

304 1972 384 2031 rsus,
403 1949 474 2013 utili
491 1950 646 2029 consili0,
665 1972 853 2038 quanquam
871 1950 1054 2013 munitione
1069 1963 1248 2011 castrorum
1266 1962 1371 2029 tutus,

304 2066 428 2139 metum
450 2072 489 2114 eo
514 2072 618 2138 usque
639 2050 819 2133 simulavit,
836 2049 942 2115 donec
958 2048 1040 2113 nihil
1056 2049 1275 2114 metuentibus
1295 2052 1372 2115 Tre·

303 2152 398 2233 viris,
416 2167 448 2215 et
468 2167 543 2241 post
559 2152 725 2233 convicia,
742 2153 953 2239 conjectaque
969 2174 1031 2215 suo
1047 2173 1137 2214 more
1153 2151 1238 2213 intra
1252 2152 1370 2215 vallum

303 2254 383 2335 tela,
409 2276 522 2317 secure
543 2254 746 2341 sparsimque
761 2253 937 2334 abeuntes,
960 2252 1106 2317 immisso
1128 2267 1261 2339 repente
1277 2257 1370 2341 equi·

302 2370 371 2419 tatu
386 2356 537 2420 turbavit.
555 2353 619 2419 Sed
637 2356 713 2443 quia
729 2371 925 2443 praeceperat
941 2354 1027 2433 suis,
1045 2368 1083 2416 ut
1098 2375 1196 2416 nemo
1213 2354 1305 2441 prius
1321 2379 1370 2443 pe

301 2473 440 2534 teretur,
456 2481 554 2546 quam
573 2458 763 2521 interfectus
776 2455 1020 2521 Indutiomarus
1036 2469 1135 2534 esset,
1148 2454 1182 2517 in
1198 2455 1290 2518 hunc
1306 2473 1368 2521 tota

299 2559 347 2623 vis
366 2559 538 2647 omnisque
559 2561 727 2624 contentio
749 2559 1013 2649 persequentium
1029 2583 1142 2641 versa,
1162 2561 1197 2623 in
1219 2561 1291 2648 ipso
1311 2561 1368 2624 llu-

260 2646 264 2664 ⁸
300 2661 395 2725 minis
411 2661 495 2726 rado
507 2662 678 2752 intercepit
691 2663 927 2726 transiturum:
944 2679 1043 2750 caput
1054 2662 1087 2724 in
1103 2678 1205 2726 castm
1220 2663 1367 2726 relatum.

298 2763 344 2826 Ea
361 2786 412 2826 res
436 2763 565 2852 cognita
589 2787 656 2828 non
680 2763 782 2827 modo
800 2764 952 2852 repressit
969 2765 1137 2846 Treviros3
1155 2763 1213 2828 sed
1230 2765 1367 2830 Nervio-

297 2888 371 2928 rum
397 2864 493 2930 etiarn
517 2881 549 2928 et
575 2865 770 2928 Eburonum
796 2863 921 2946 disjecit
942 2864 1008 2943 jam
1036 2880 1217 2928 contractas
1240 2867 1366 2953 copias,

298 2967 461 3056 pauloque
478 2965 672 3053 quietiorem
688 2964 730 3029 ad
746 2980 874 3054 tempus
889 2965 1026 3030 Galliam
1041 2966 1199 3053 praestitit.

340 3068 400 3134 Ill.
425 3069 496 3132 lloc
520 3069 625 3132 Gaesar
646 3067 816 3131 intervallo
837 3065 878 3130 ad
894 3065 1059 3130 sarcienda
1077 3066 1271 3130 detrimenta
1287 3090 1365 3131 usu·

296 3193 369 3250 rus,
393 3191 452 3256 per
473 3169 518 3234 M.
543 3169 709 3250 Silanum,
733 3170 768 3232 C.
795 3168 996 3249 Antistium,
1019 3183 1052 3232 et
1074 3167 1221 3234 Sextium
1247 3167 1365 3257 legatos

293 3270 455 3334 delectum
486 3270 647 3334 habebat:
672 3269 772 3332 simul
794 3268 837 3333 ad
863 3271 924 3333 Gn.
950 3267 1144 3356 Pompeium
1170 3267 1287 3348 mittit,
1313 3285 1363 3346 ut,

294 3394 376 3459 quos
392 3393 430 3432 ex
448 3370 608 3459 Cisalpina
626 3371 727 3435 Gallia
745 3370 861 3458 consul
879 3372 905 3434 is
922 3383 1124 3434 sacramento
1142 3385 1309 3457 rogasset,
1324 3369 1363 3432 ad

296 3475 453 3538 Caesarem
468 3471 597 3553 juberet
613 3470 773 3560 proficisci
790 3495 798 3537 :
815 3473 859 3535 ita
876 3488 952 3536 ante
975 3487 1117 3536 exactam
1138 3470 1282 3534 hiemem
1300 3487 1363 3535 tres

294 3573 335 3640 ad
352 3596 428 3637 eum
442 3575 585 3664 legiones
602 3592 782 3655 venerunt;
798 3597 865 3638 una
880 3597 992 3638 recens
1008 3573 1208 3660 conscripta,
1225 3573 1362 3660 reliquas

293 3674 468 3764 Pompeius
485 3671 724 3739 commodabat.
741 3674 800 3738 llis
820 3675 921 3763 copiis
944 3690 1077 3756 auctus,
1098 3689 1135 3737 ut
1154 3673 1288 3739 inferret
1303 3696 1362 3760 po-

292 3777 356 3842 tius
372 3775 514 3856 bellum,
530 3797 627 3862 quam
644 3791 859 3864 exspectaret,
876 3799 934 3865 per
945 3775 1089 3858 hiemem
1104 3773 1212 3840 adhuc
1228 3791 1359 3840 conteu-

290 3877 338 3941 dit
357 3877 390 3940 in
409 3876 562 3955 Nervios,
580 3873 819 3966 imparatosque
837 3879 947 3942 venire
966 3878 998 3941 in
1016 3875 1237 3958 deditionem,
1254 3892 1284 3939 et
1299 3874 1359 3938 ob·

325 4085 375 4148 51.
394 4086 427 4132 U.
439 4087 468 4134 C.
479 4087 544 4148 699;
558 4085 588 4132 A.
599 4085 628 4134 C.
643 4085 684 4132 53.
695 4111 730 4120 -—
746 4085 807 4135 Cas.
821 4083 851 4133 de
865 4087 892 4134 tt.
905 4083 970 4133 Gall.
982 4085 1026 4134 lib.
1037 4087 1067 4133 V.
1081 4113 1115 4122 —
1128 4083 1245 4143 Dionia.
1259 4085 1306 4132 tt.
1320 4109 1354 4118 -

290 4171 353 4218 l‘lor.
366 4169 418 4228 lll,
436 4184 474 4216 ro.
486 4197 520 4206 -
530 4170 603 4218 Oros.
614 4169 649 4216 Vl
655 4202 662 4228 ,
681 4184 721 4216 ιο.
