2875 4900
244 438 299 507 m
331 436 565 505 noema
593 438 778 505 nxxxu
808 440 1020 511 ervum,
1124 471 1173 543 99

101 556 211 621 ebelao
223 553 441 644 chalcaspides
452 554 563 619 ibant:
575 555 633 619 sed
646 557 762 645 eximia
772 560 996 625 Romanorum
1010 563 1171 632 alacritate

102 659 255 749 praevenit
273 681 329 723 eos
351 656 453 739 Sulla,
473 656 650 746 locumque
670 661 895 726 communivit.
914 663 959 727 Ut
976 662 1042 742 jam
1065 667 1170 734 redire

103 754 256 825 militibus
274 760 394 842 virtus,¹
413 774 446 823 et
467 782 633 824 armorum
657 759 776 825 fiducia
797 764 911 851 erepit,
932 765 1096 855 Sullaeque
1117 793 1173 835 ex.

101 864 276 951 ploratorcs
296 862 497 944 retulerunt,
519 877 621 927 castra
641 862 788 927 bostium
806 886 874 929 non
892 888 1011 955 magno
1030 869 1173 957 plerum·

102 987 164 1052 que
179 963 330 1055 praesidio
344 961 519 1044 custodiri,
536 978 668 1028 caeteros
679 962 721 1031 ad
732 964 892 1052 predam,
905 966 1104 1035 frumentive
1114 991 1173 1039 aut

101 1066 210 1154 pabuli
221 1063 425 1130 convehendi
441 1064 543 1154 gratia
556 1064 674 1153 passim
687 1068 829 1155 evagari3
843 1064 1030 1154 redeuntes,
1044 1071 1103 1136 ubi
1114 1096 1174 1162 per

103 1184 232 1233 noctem
248 1160 397 1255 ignibus,
413 1165 559 1230 interdiu
572 1166 683 1250 fumo,
697 1166 875 1244 adventum
887 1192 985 1233 suum
998 1172 1173 1261 significas·

102 1284 190 1349 sent,
208 1269 312 1357 portis
337 1264 525 1355 patentibus
542 1268 736 1349 intromitti;
760 1289 862 1355 eaque
880 1293 994 1337 secure
1014 1290 1047 1337 et
1069 1278 1172 1367 negli.

102 1386 218 1459 genter
226 1369 338 1432 omnia
350 1368 418 1457 agi;
433 1383 622 1456 quantoque
633 1369 707 1456 plus
719 1368 842 1433 dueum
854 1370 947 1460 ipsis,
963 1389 1053 1438 tanto
1063 1377 1173 1444 minus

101 1471 253 1559 obsequii
280 1491 377 1535 esse:
401 1466 572 1533 occasione
594 1490 693 1551 usus,
719 1491 876 1559 maguum
903 1472 1049 1540 Barbaria
1070 1476 1172 1544 detri-

100 1588 264 1653 mentum,
290 1587 323 1634 et
339 1570 416 1659 quia
441 1593 503 1635 nec
525 1570 737 1659 opinantibus
759 1570 936 1655 acciderat,
954 1577 1110 1656 majorem
1130 1604 1171 1646 ex

100 1674 272 1739 securitate
291 1686 415 1735 metum
430 1671 548 1735 attulit.

144 1775 233 1839 VIII.
251 1775 538 1839 Frumentatorum
551 1773 661 1861 aliquo
676 1796 815 1839 numero
828 1792 982 1864 excepto,
998 1802 1102 1867 quum
1118 1806 1172 1848 ro·

101 1874 329 1941 bustissimum
346 1896 511 1962 quemque
522 1874 755 1959 interfecisset,
768 1876 912 1965 reliquos
925 1902 944 1941 a
958 1902 1101 1968 quorum
1115 1885 1174 1949 im.

102 1976 277 2042 becillitate
302 1974 384 2038 nibil
409 1974 593 2056 metuebat,
621 1978 796 2065 resumptis
818 1979 918 2043 armis
946 1981 1014 2044 suis
1038 2001 1173 2074 pergere

101 2100 213 2143 secum
226 2078 331 2158 jussit.
351 2078 464 2159 Quum
480 2078 514 2139 in
531 2074 676 2140 vicinum
695 2078 807 2142 castris
824 2078 936 2144 locum
953 2080 1093 2147 obscura
1108 2084 1174 2165 jam

100 2197 198 2244 nocte
217 2194 354 2243 ventum
373 2194 473 2259 esset,
490 2178 563 2243 «Ne
577 2198 636 2241 vos
659 2178 780 2269 fugiat,
797 2178 923 2267 inquit,
942 2203 1042 2269 quam
1062 2185 1173 2252 salutis

98 2300 284 2344 «concessae
303 2278 488 2343 mercedem
507 2279 689 2367 postulem,
711 2279 855 2344 excitatis
872 2281 1004 2369 ignibus
1026 2284 1174 2375 signum,

98 2414 111 2439 «
123 2380 216 2471 quod
240 2381 403 2444 intervos
425 2380 595 2463 convenit,
616 2382 730 2462 vestris
749 2380 847 2446 date:
865 2383 924 2448 ubi
944 2384 1109 2452 redditum
1131 2390 1174 2455 ab

99 2485 185 2548 aillis
202 2483 333 2573 signum
356 2483 472 2564 fuerit,
494 2482 536 2546 ad
558 2497 661 2548 castra
682 2482 916 2566 succedamus,
940 2504 1066 2573 apertas
1083 2490 1174 2556 baud

99 2619 112 2644 ιι
123 2586 225 2652 dubie
233 2601 342 2676 portas
352 2585 527 2672 reperturi,
542 2584 600 2648 ubi
609 2599 724 2648 vestrae
733 2607 752 2648 e
762 2585 949 2673 propinquo
958 2609 1056 2653 voces
1067 2613 1172 2680 agno·

100 2703 268 2752 «secutur.
292 2685 331 2748 In
353 2685 418 2749 hoc
442 2705 511 2748 non
537 2685 638 2775 magis
657 2685 827 2750 victoriam
850 2707 973 2768 meam,
997 2711 1096 2776 qrmm
1119 2714 1174 2756 ve-

98 2821 111 2846 .
121 2805 223 2852 stram
237 2786 494 2851 incolumitatem
509 2786 602 2850 sitam
618 2808 688 2850 esse
702 2787 818 2850 scitote
833 2810 841 2852 :
856 2787 947 2876 quod
961 2789 988 2853 si
1002 2791 1075 2878 quis
1089 2792 1174 2858 forte

98 2921 112 2946 ι
122 2893 253 2979 fugam,
270 2903 327 2953 aut
344 2887 564 2976 proditionem
581 2903 706 2952 tentare
725 2889 886 2970 voluerit,
906 2913 924 2953 a
939 2913 1007 2954 mo
1019 2893 1172 2980 provide·

97 2991 231 3073 «bitur,
250 3005 289 3053 nt
300 2989 391 3053 nullo
405 3011 513 3077 neque
527 3006 641 3054 nostro
657 2988 796 3071 damno,
811 3011 919 3077 neque
932 3013 1070 3056 suorum
1086 3017 1174 3059 eom·

97 3090 241 3170 «modo,
259 3105 419 3155 extremos
435 3089 495 3154 sibi
511 3090 674 3155 cruciatus
691 3090 894 3154 arcessivisse
908 3091 1066 3182 intelligat
1079 3125 1103 3159 ι.

140 3195 202 3259 IX.
215 3191 351 3273 Omnia,
365 3191 450 3256 sicut
460 3191 547 3256 Sulla
560 3207 744 3281 optaverat,
759 3191 951 3257 obedienter
963 3194 1064 3260 facta:
1078 3217 1173 3264 even·

97 3312 151 3360 tus
177 3294 276 3358 etiam
299 3292 404 3356 affuit.
430 3293 563 3381 Recepti
585 3316 646 3381 pro
670 3293 780 3358 amicis
805 3292 868 3358 late
892 3316 952 3381 per
975 3311 1043 3360 tota
1068 3317 1172 3366 castra

96 3411 258 3460 terrorem
282 3393 469 3482 caedemque
492 3393 675 3459 ediderunt.
698 3394 757 3458 His
779 3394 1018 3478 incommodis,
1041 3415 1074 3463 et
1094 3403 1172 3489 quia

95 3498 244 3578 Barbari,
254 3486 381 3560 temere'
388 3494 545 3560 vastando
554 3495 657 3579 culta,
670 3497 841 3585 penuriam
851 3497 914 3562 sibi
927 3517 1171 3569 commeatuum

10 3637 11 3646 κ
95 3621 135 3664 ex
149 3621 269 3689 magna
288 3597 381 3685 copia
397 3596 558 3678 fecerant,
576 3596 755 3664 Archelaus
770 3597 813 3663 ad
826 3599 1013 3664 Chalcidem
1028 3620 1171 3672 retrocc-

95 3699 176 3766 dere
197 3699 329 3778 statuit,
352 3695 410 3762 ubi
431 3721 449 3762 e
468 3698 637 3786 maritimis
655 3699 923 3766 subvectionibus
944 3703 1171 3771 abundaturus

94 3816 286 3866 commeatu
296 3815 381 3882 erat;
394 3798 475 3864 dum
484 3799 624 3863 Rotnani
635 3800 721 3866 lame
732 3823 769 3865 ac
780 3802 890 3892 inopia
900 3826 1011 3868 rerum
1020 3808 1171 3872 omnium

92 3904 129 3967 in
142 3903 275 3968 vastatis
289 3903 373 3991 agris
384 3893 614 3966 attererentur.
630 3901 705 3968 Non
722 3902 853 3970 fallebat
864 3905 1005 3984 Sullam,
1020 3905 1101 3992 quid
1115 3907 1173 3971 ho·
1278 3924 1284 3936 '

93 4006 153 4070 stis
170 4004 359 4084 moliretur3
373 4004 473 4092 igitur
485 4002 705 4071 discedentem
718 4005 855 4093 provide
870 4023 1047 4092 sequutus,
1065 4030 1173 4097 neque

129 4201 205 4268 §Vb
218 4204 347 4250 Memnon.
363 4227 397 4238 -
411 4199 427 4264 s
439 4201 496 4248 vu.
509 4200 634 4251 Plutarch.
650 4255 651 4260 ,
