2875 4900
252 353 307 422 ru
340 353 452 420 noc.
479 353 571 420 mn.
596 353 742 420 nxxx
769 299 981 428 'narrant
1104 363 1151 458 67

84 472 230 538 ·diutius
242 471 316 536 illos
330 469 537 552 Ariminum,
553 493 652 558 quam
667 471 808 537 Cinnam
824 491 859 538 et
870 476 1030 560 Marium,
1046 480 1155 548 delen·

81 572 262 638 «dentibus
279 571 393 651 nobis,
409 571 512 636 Roma
531 587 688 636 moretur.

126 676 218 740 xxi.
233 704 247 729 ι
256 674 291 740 Si
301 673 391 738 nulla
401 673 526 760 spessit
536 673 614 754 alia,
626 673 749 738 Sullam
760 697 967 764 revocemus3
979 697 1037 746 aut
1045 683 1074 746 si
1086 684 1154 750 bec

80 797 238 863 «quoque
257 773 469 840 intolerabilis
488 796 578 838 mora
593 773 758 856 rideatur,
782 776 845 864 ipsi
862 780 973 866 potius
993 783 1155 850 conceda.

80 909 93 932 ι
103 899 179 942 mus
190 877 285 942 novis
298 875 424 942 civibus
433 875 525 964 quod
538 891 673 964 petunt:
689 877 748 940 ubi
763 895 914 944 senatum
926 884 1154 974 populumque

79 977 277 1040 «habebunt
300 975 399 1055 hujus
422 975 571 1056 benefiqii
596 992 768 1061 auctores,
794 963 932 1048 Cinn'am
959 1000 994 1050 et
1019 1003 1153 1054 ceteros

79 1077 253 1158 «ejsudem
278 1078 375 1144 sortis
398 1099 466 1142 aron
489 1077 574 1142 ultra
596 1079 849 1146 morabuntur.·
869 1083 1003 1149 Frustra
1024 1085 1094 1152 buc
1117 1090 1161 1154 in·

79 1196 175 1244 tanto
192 1179 339 1268 plurium
357 1194 448 1242 metu
466 1177 682 1244 dicebantur:
701 1177 825 1244 idcirco
841 1204 946 1268 quum
961 1185 1079 1274 legatio
1098 1188 1156 1254 de-

78 1296 290 1361 cerneretur,
308 1281 351 1362 Q.
361 1279 528 1360 Metellus,
545 1279 643 1344 Urbis
661 1280 764 1346 salute
780 1281 965 1371 desperata,
982 1303 1022 1352 ut
1037 1291 1153 1355 melio·

79 1383 173 1448 ribus
192 1405 229 1448 se
248 1381 451 1469 temporibus
471 1397 627 1462 servaret,
644 1381 678 1444 in
695 1381 830 1470 Ligures
852 1384 1013 1471 primurn,
1035 1387 1155 1456 deinde

78 1507 116 1548 ex
134 1481 313 1572 Liguribus
329 1482 364 1546 in
377 1481 520 1546 Africam
534 1497 585 1545 est
597 1476 774 1570 profectus.

123 1586 237 1649 xxfl.
254 1585 409 1672 Legatos,
426 1582 617 1670 priusquam
635 1582 819 1670 inciperent
833 1583 911 1666 lari,
929 1588 966 1652 L.
981 1589 1085 1654 Cinna
1099 1592 1153 1656 in·

80 1686 278 1776 terrogavit,
293 1685 341 1748 ad
356 1683 572 1763 cumulemus,
587 1705 633 1746 cra
654 1705 731 1748 vero
748 1683 798 1746 ad
805 1686 969 1772 privamus
984 1693 1154 1756 vem'reutr’

80 1785 291 1850 Haerentibus
303 1785 379 1864 illis,
392 1781 511 1848 deinde
521 1782 563 1848 ad
575 1783 817 1848 consulendum
825 1802 974 1850 senatum
984 1789 1019 1852 io
1029 1791 1153 1858 Urbem

80 1887 236 1966 reversis,
262 1907 378 1974 magna
403 1884 501 1950 etiam
524 1883 745 1972 ingenuorum
773 1884 894 1952 civium
916 1889 1094 1956 multitudo
1112 1895 1154 1960 ad

80 1990 221 2052 Cinnam
240 2009 276 2051 se
296 1985 463 2052 contulit:
482 1985 578 2049 multi
600 1984 721 2050 lamam
737 1987 851 2071 veriti,
876 2011 950 2076 pars
968 1991 1072 2072 major
1086 1994 1152 2073 jam

79 2104 155 2154 ante
171 2089 236 2152 illis
256 2087 402 2176 partibus
417 2085 564 2161 addicta,
581 2100 614 2164 et
632 2085 674 2151 ad
692 2083 866 2152 nudandos
885 2090 1012 2154 animos
1031 2114 1153 2181 oppor-

81 2205 159 2254 tuna
187 2205 337 2277 tempora
364 2203 507 2276 captans.
535 2185 619 2252 lude
645 2183 782 2252 mirifice
805 2187 1016 2256 confirmatus
1040 2195 1151 2260 animo

81 2292 205 2372 Cinna,
225 2290 288 2354 sub
303 2289 380 2376 ipsis
405 2287 567 2352 moenibus
585 2287 698 2352 Romu
716 2301 806 2352 extra
817 2287 941 2367 jactum
957 2292 1013 2356 teli
1033 2315 1151 2360 conse·

80 2392 126 2457 dit
141 2415 150 2457 :
164 2415 228 2459 uec
241 2391 330 2457 enim
343 2389 497 2457 Octavius
510 2387 651 2469 objicere
663 2409 734 2453 sese
745 2387 901 2473 audebat,
915 2394 1102 2483 transfugiis
1117 2412 1151 2463 et

81 2494 297 2585 legationibus
311 2515 409 2559 omne
422 2492 549 2558 homini
558 2490 751 2573 consilium,
765 2512 965 2580 omnemque
979 2517 1151 2584 propemo-

81 2596 160 2661 dum
186 2613 332 2663 mentem
353 2594 578 2683 eripientibus.
598 2592 733 2659 Senatui
757 2614 826 2655 non
847 2593 921 2681 plus
943 2595 1147 2680 animorum,

81 2720 178 2786 quarn
198 2697 355 2778 Octavio,
373 2710 551 2783 supererat.
570 2692 711 2759 Cinnam
727 2716 788 2781 pro
806 2695 941 2760 consule
957 2696 1096 2779 habere,
1113 2700 1149 2765 id

81 2822 155 2863 vero
172 2814 244 2866 erat
258 2812 465 2863 exauctorare
479 2796 656 2877 Merulam,
672 2816 771 2882 quem
785 2796 989 2860 sanctissimo
1002 2799 1150 2865 sacerdo·

83 2902 140 2981 tio,
158 2899 353 2989 praeditum,
371 2899 441 2963 sine
458 2898 523 2961 ulla
538 2919 596 2963 sua
614 2897 728 2984 culpa,
745 2896 831 2976 juste
846 2898 946 2984 partis
964 2897 1146 2965 honoribus

82 3003 151 3067 exui
164 3002 275 3083 triste3
288 3016 412 3080 contra,
421 2999 535 3065 Cinnae
546 3020 615 3063 non
624 2996 763 3085 obsequi
774 2997 946 3061 exitiosum
956 2998 1145 3067 habebatur.

120 3104 249 3169 xxm.
271 3103 317 3165 Ut
334 3102 433 3167 rebus
453 3098 586 3188 trepidis
603 3099 704 3178 solet,
729 3098 865 3162 utilibus
884 3098 1023 3166 honesta
1041 3124 1145 3168 cesse·

83 3220 173 3287 mnt;
188 3218 224 3269 et
238 3205 274 3269 L.
283 3202 409 3267 Merula
421 3200 554 3282 mucul,
568 3200 690 3291 egregii
699 3200 778 3265 ciris
787 3198 898 3265 officio
914 3202 1065 3285 mustus,
1078 3227 1147 3271 νει».
1268 3230 1277 3261 ι

83 3304 127 3371 bis
138 3308 172 3370 in
187 3318 322 3383 senatu,
334 3300 453 3368 deinde
462 3301 503 3367 ad
516 3302 675 3389 populum
687 3300 794 3382 lactis,
807 3302 902 3389 ‘Ego
914 3323 1007 3383 vero,
1022 3304 1144 3393 inquit,

82 3408 123 3471 ·si
142 3422 262 3495 praeter
276 3404 338 3470 hos
354 3403 455 3471 fasces
478 3404 561 3469 nihil
582 3404 819 3491 impedimento
835 3405 906 3491 paci
925 3422 991 3486 est,
1013 3426 1143 3494 paratus

25 3532 26 3578 ,
81 3509 190 3573 mobis
203 3506 274 3571 dux
289 3522 323 3571 et
333 3520 449 3573 auctor
463 3505 505 3571 ad
521 3504 730 3571 concordiam
745 3524 803 3569 ero
816 3528 825 3570 :
839 3505 931 3592 quod
942 3508 1043 3597 igitur
1055 3532 1145 3575 aeae

81 3610 146 3673 «tui
168 3606 362 3695 populoque
384 3628 522 3671 romano
544 3606 629 3671 bene
649 3621 773 3687 vertat,
796 3608 1018 3691 conatdatum,
1041 3635 1141 3699 quem

82 3710 220 3773 «inritus
243 3708 371 3795 accepi,
390 3707 508 3773 lubens
533 3729 608 3773 ecce
630 3706 796 3795 depono».
821 3707 900 3773 Post
920 3709 1105 3805 abdicatum
1121 3734 1142 3775 a

82 3811 201 3877 Merula
219 3808 461 3898 magistratum,
479 3809 576 3899 legati
597 3807 639 3875 ad
661 3810 818 3890 Cinnano,
845 3824 1001 3898 tanquam
1019 3834 1142 3878 consu·

112 4020 212 4085 sm.
228 4020 356 4071 Plutarch.
370 4020 398 4069 in
415 4022 509 4083 Mario,
520 4037 574 4087 cap.
590 4038 615 4083 7.
627 4048 662 4060 -·
676 4021 731 4073 Lir.
746 4021 814 4086 Epit.
830 4021 973 4071 amm.
984 4046 1020 4059 -·
1032 4021 1141 4087 Appiam.

31 4116 32 4148 l
85 4118 105 4165 p.
117 4105 160 4166 ipa
174 4114 200 4153 et
215 4104 276 4165 398.

32 4172 35 4253 l

928 4194 966 4265 5.
