2875 4900
288 404 342 473 IN
371 404 485 473 LOC.
512 403 605 470 LIB.
624 402 718 469 Cll-
734 403 973 472 LIVIANI..
1084 402 1155 488 425

86 523 237 589 firmandi
255 522 361 587 valida
375 522 588 587 baudementa
602 520 703 601 jecit:
719 544 827 610 neque
843 522 996 610 deinceps
1015 523 1155 606 destitit,

85 627 210 706 donec,
225 648 287 713 pro
300 624 426 689 Rostris
442 624 538 687 etiam
555 644 651 687 causa
666 624 827 711 exposita,
844 624 1078 711 rempublicam
1095 648 1158 689 ma·

85 730 248 791 rimarum
266 727 475 815 largitionum
493 740 586 789 metu
608 716 777 805 liberaret5
800 740 889 788 tanta
908 725 941 789 ri
962 726 1158 814 eloquentiae

86 827 254 891 mentibus
277 825 424 907 admota,
450 842 487 890 ut
509 825 614 914 legem
629 826 814 913 Agrariam,
836 825 901 890 hoc
918 842 985 907 est,
1004 828 1157 891 alimenta

86 950 162 1009 sua,
181 942 302 991 vocatae
322 928 355 989 in
375 925 568 1017 suffragium
586 926 690 990 tribus
708 926 921 1015 abrogarent3
938 928 1063 991 tribuni
1079 951 1157 992 vero

85 1028 192 1117 plebis
202 1027 247 1091 ita
263 1042 567 1108 consternarentur,
584 1043 621 1091 ut
637 1028 712 1091 alias
725 1050 858 1115 quoqne
870 1030 1044 1094 nonnullas
1058 1031 1159 1093 actio·

87 1152 145 1193 nes
156 1129 345 1209 abjicerent.
357 1130 459 1193 Erant
471 1128 608 1193 omniuo
621 1150 658 1191 ea
671 1144 837 1217 tempora,
851 1145 934 1193 utet
946 1131 1012 1194 boc
1024 1131 1158 1195 consule

86 1231 287 1320 respublica,
307 1246 340 1294 et
361 1229 426 1295 hoc
447 1230 579 1319 ingenio
599 1230 735 1310 consul,
758 1230 917 1296 haberent
932 1255 1035 1321 opus,
1055 1255 1158 1320 quum

86 1333 171 1397 nihil
187 1334 298 1397 abesse
312 1331 495 1412 videretur,
514 1329 606 1418 quod
625 1331 740 1395 timere
756 1332 854 1413 boni,
870 1319 1000 1420 sperare
1017 1334 1159 1421 improbi

86 1450 232 1522 possent.
248 1434 387 1497 Tribuni
408 1432 511 1520 plebis
529 1431 618 1496 varie
634 1433 815 1496 miscebant
834 1432 1013 1516 civitatem,
1030 1436 1159 1499 favente

87 1536 121 1597 in
136 1533 300 1621 plerisque
316 1533 477 1614 Antonio,
493 1532 577 1597 sacili
593 1532 679 1595 inter
695 1555 792 1621 prava
809 1534 940 1622 ingenia
955 1535 998 1599 ad
1013 1536 1158 1601 deterius

87 1656 263 1698 consensu.
277 1634 385 1716 Alius,
400 1634 489 1697 enise
504 1656 574 1697 rem
590 1649 728 1722 urgente
744 1636 884 1716 Caesare,
901 1638 1157 1725 proscriptorum

87 1734 199 1801 liberis
221 1735 275 1814 jus
301 1733 432 1823 petendi
455 1735 661 1825 magistratus
684 1733 820 1799 reddere
842 1736 1056 1818 moliebatur3
1078 1738 1160 1803 alius

86 1836 177 1901 idem
194 1834 291 1901 dabat
312 1836 347 1900 P.
360 1836 521 1901 Antronio
542 1852 575 1900 et
598 1837 634 1899 P.
651 1836 747 1901 Sullae
765 1836 807 1901 de
827 1836 954 1901 ambitu
977 1838 1158 1903 damnatis:

87 1960 200 2024 neque
216 1934 343 2016 deerat,
360 1937 422 2023 qui·
436 1959 535 2001 novas
552 1937 677 2001 tabulas
694 1937 915 2004 meditaretur.

132 2038 218 2101 XLI.
237 2036 367 2119 Quibus
388 2038 551 2126 praeoipua
571 2039 738 2104 Ciceronis
755 2039 915 2104 industria
930 2041 1160 2129 vigilantiaque

88 2160 265 2204 occursum
290 2154 339 2201 est
355 2161 364 2202 ε
380 2137 407 2203 is
424 2139 558 2203 consilia
575 2140 727 2204 omniurn
743 2162 860 2230 magna
882 2141 1011 2205 solertia
1027 2141 1161 2231 indaga·

87 2242 150 2322 vit,
161 2240 233 2330 pari
243 2239 424 2305 constantia
438 2240 581 2328 excepit,
595 2240 738 2328 denique
750 2242 995 2330 incomparabili
1005 2243 1162 2329 eloquen-

90 2343 151 2421 tia,
169 2358 326 2428 tanquam
343 2341 497 2421 fulmine,
514 2340 638 2422 dejecit.
653 2343 797 2406 Tantum
813 2343 902 2407 enim
918 2343 1048 2407 dicendi
1067 2345 1159 2432 copia

89 2460 124 2507 ct
136 2442 293 2533 gravitate
307 2442 425 2524 valuit,
446 2459 484 2506 ut
498 2442 594 2506 etiam
614 2441 766 2508 homines
778 2443 821 2508 ad
834 2467 871 2508 ea
886 2444 1070 2534 probanda,
1089 2469 1161 2534 quie

89 2546 190 2634 paulo
205 2559 280 2608 ante
301 2543 470 2634 insigniter
491 2542 654 2625 odissent,
678 2561 789 2633 posset
805 2544 978 2612 adducere.
997 2549 1081 2611 Nam
1104 2547 1160 2612 illo

90 2645 268 2728 suadente,
283 2646 380 2710 etiam
389 2645 538 2710 Rosciam
552 2645 741 2710 theatralem
755 2646 860 2736 legem
876 2648 968 2735 plebs
981 2672 1076 2736 aequo
1092 2650 1162 2712 ani·
1223 2728 1226 2735 ἢ

90 2771 148 2812 mo
164 2747 257 2828 tulit,
281 2768 479 2835 magnopere
501 2747 592 2834 prius
617 2747 696 2810 irata
718 2748 754 2810 L.
776 2748 899 2812 Othoni
919 2751 1045 2814 auctori
1066 2751 1161 2838 legis,

90 2847 204 2937 quod,
230 2847 416 2912 discrimine
443 2845 528 2911 sedis
551 2848 750 2928 constituto,
775 2848 963 2936 indignam,
987 2872 1060 2936 quae
1084 2871 1160 2912 cnm

91 2949 259 3037 equitibus
278 2947 420 3030 sederet,
440 2947 616 3012 habuisset.
631 2950 728 3012 Forte
745 2949 922 3030 acciderat,
940 2966 976 3013 ut
992 2951 1160 3014 Othonem

92 3067 165 3114 tum
180 3066 353 3138 praetorem
367 3049 444 3138 legis
461 3050 530 3130 ejus
543 3047 657 3113 dolore
668 3049 811 3137 populus
825 3051 859 3112 in
874 3050 1001 3114 theatro
1013 3049 1161 3116 exsibila-

90 3169 158 3234 ret,
175 3152 301 3239 equites
317 3167 430 3215 contra
444 3151 561 3238 plausu
581 3151 785 3239 exciperent;
802 3149 921 3215 deinde
941 3153 1060 3216 iterum
1083 3150 1161 3215 inde

90 3253 212 3335 sibilis,
235 3253 313 3316 hinc
336 3252 452 3340 plausu
472 3251 670 3332 instaurato,
690 3252 867 3318 maledictis
890 3269 987 3341 atque
1007 3252 1161 3317 conviciis

91 3357 179 3420 inter
191 3377 226 3420 se
243 3354 526 3420 committerentur
542 3352 692 3435 ordines,
709 3371 743 3418 et
755 3377 806 3418 res
821 3355 863 3419 ad
880 3354 1075 3420 seditionem
1089 3377 1161 3442 spe-

92 3469 205 3520 ctaret.

135 3557 239 3621 XLII.
262 3556 366 3644 Igitur
388 3553 446 3618 ubi
464 3555 577 3620 Cicero
595 3557 710 3620 consul
729 3558 904 3645 comperit,
923 3557 1064 3622 accurrit
1086 3578 1162 3643 pro·

91 3681 188 3748 pere,
203 3673 380 3743 vocataque
402 3656 437 3719 in
459 3655 528 3720 tede
547 3657 689 3720 bellonae
707 3657 883 3743 concione,
900 3658 1029 3746 plebem
1048 3656 1162 3735 objur-

92 3781 191 3848 gans,
213 3757 260 3820 ita
281 3755 419 3821 mutarit
442 3757 588 3837 animos,
616 3773 653 3822 ut
676 3781 802 3826 reversa
829 3760 863 3824 in
887 3761 1070 3838 theatrum,
1093 3780 1162 3820 non

129 3997 146 4064 5
160 3998 213 4046 xl..
222 3997 255 4044 U.
266 3996 294 4045 G.
307 3994 413 4058 6893A.
424 3995 454 4044 C.
466 3993 637 4059 63.-Agell.
647 3997 724 4056 1111,
735 3998 777 4045 23.
789 4021 824 4033 -
833 3997 888 4046 Cic.
900 3997 932 4044 ad
943 3995 1026 4044 smil.
1036 4007 1130 4058 cp.19‚
1139 4002 1164 4039 ct

94 4081 127 4130 ad
140 4079 271 4130 sitient.
282 4081 341 4138 l‚et
351 4079 378 4126 in
387 4079 435 4126 Pit.
444 4093 499 4142 cap.
509 4093 535 4126 a.
544 4079 719 4138 -rttnvrr,
731 4080 771 4128 so.
781 4105 815 4114 -
830 4079 888 4127 Dio.
902 4107 938 4116 —
950 4081 1051 4128 sueton.
1061 4076 1088 4123 in
1101 4075 1163 4122 Coes.

95 4183 150 4232 cap.
162 4172 250 4222 Ire·
262 4163 327 4214 Plut.
337 4191 373 4202 -·
384 4161 401 4226 S
411 4163 478 4210 XLI.
489 4161 553 4212 Vell.
565 4164 604 4220 11,
618 4163 659 4218 34,
670 4191 704 4202 -
718 4163 776 4211 nto.
787 4189 823 4201 -·
835 4163 912 4212 rtur..
