2875 4900
270 364 339 432 208
437 364 505 431 JO.
532 363 877 431 FREINSHEMII
908 362 1157 429 SUPPLEM.

267 486 341 549 tatis
352 485 426 566 jure
445 484 616 571 adempto,
639 506 680 545 ne
701 483 777 547 rivo
796 480 929 569 quidem
952 482 1041 547 Sulla
1059 484 1180 547 valuit:
1198 481 1239 544 de
1251 482 1340 570 agris

269 602 377 650 ratum
393 585 474 666 fuit3
490 600 524 647 et
541 582 675 647 coloniae
693 582 845 647 militares
863 583 1007 670 legiones
1024 600 1088 649 tres
1105 599 1137 646 et
1154 582 1269 672 viginti
1284 581 1342 647 de·

269 688 396 769 ductae,
411 687 515 773 iisque
529 684 623 748 divisi
636 682 703 770 agri
710 700 812 749 sunt:
829 706 971 771 namque
984 680 1169 747 non'modo
1181 682 1238 770 qui
1251 705 1343 747 arma

271 806 384 854 contra
403 788 564 867 tulerant,
584 783 641 849 sed
664 806 808 871 quornm
829 800 948 849 neutro
970 785 1121 849 inclinata
1140 784 1266 866 studia,
1285 800 1344 849 aut

271 893 367 955 etiam
382 911 443 977 pro
458 887 546 952 Sulla
558 887 703 967 fuerant,
722 908 773 951 res
787 909 860 951 suas
877 889 1091 974 fortunasque
1105 908 1219 951 omnes
1235 886 1345 975 perdi·

271 992 410 1055 derunt:
425 1011 486 1053 neo
499 988 588 1051 enim
602 988 715 1051 tamin
731 1010 860 1075 posnam
874 988 1103 1069 inimicorum,
1118 1010 1216 1076 quam
1231 1002 1270 1051 ut
1286 985 1344 1051 fir-

273 1109 433 1157 mamenta
449 1089 668 1155 dominationi
679 1106 913 1176 quaererentur,
930 1090 1004 1155 talia
1020 1089 1152 1154 fiebant.

315 1192 452 1257 XXXV.
466 1191 518 1255 Ex
532 1189 645 1255 eadem
661 1188 850 1281 disciplina,
865 1208 1005 1255 externas
1019 1192 1168 1255 nationes
1184 1212 1345 1281 regesque

270 1318 338 1359 non
356 1291 557 1380 stipendiarii
574 1293 702 1374 solum,
723 1292 834 1357 sedet
857 1314 951 1380 aequo
972 1288 1092 1357 foedere
1107 1291 1233 1372 juncti,
1256 1312 1347 1355 non·

273 1396 353 1460 nulli
369 1393 468 1457 etiarn
480 1393 525 1457 ob
537 1396 692 1459 virtutem
706 1388 742 1457 et
756 1394 868 1457 merita
882 1394 1121 1459 immunitatem
1135 1392 1258 1481 adepti,
1277 1416 1348 1458 exa-

272 1495 436 1561 ctionibus
449 1510 483 1558 et
495 1495 627 1559 tributis
641 1495 883 1577 atterebantur,
898 1513 937 1561 ut
952 1497 1049 1561 etiam
1065 1496 1134 1586 agri
1147 1494 1346 1583 quibusdam

274 1615 306 1663 et
315 1613 450 1687 portus,
465 1597 521 1684 qui
532 1619 573 1660 ex
583 1597 727 1661 formula
740 1597 869 1662 foederis
885 1597 1100 1679 debebantur,
1111 1596 1346 1661 adimerentur.

275 1699 334 1763 llis
347 1698 487 1763 maxime
500 1697 598 1763 rebus
612 1714 645 1761 et
659 1699 711 1761 ille
725 1720 830 1790 annus
844 1698 1015 1787 praeteriit,
1032 1714 1065 1763 et
1077 1699 1265 1787 proximus,
1279 1719 1347 1785 quo

207 1884 213 1889 j
274 1800 312 1864 P.
333 1798 485 1863 Servilius
505 1800 543 1862 C.
566 1800 602 1863 F.
619 1799 665 1863 M.
684 1800 726 1863 N.
742 1800 854 1881 Vatia,
876 1801 933 1889 qui
955 1800 1167 1889 postmodtun
1184 1800 1347 1865 Isauricus

272 1902 449 1990 appellenis
463 1916 529 1981 est,
546 1918 580 1964 et
593 1904 655 1989 Ap.
667 1901 822 1966 Claudius
838 1903 988 1968 eonsules
1005 1903 1153 1967 fuerunt:
1168 1923 1243 1965 nam
1257 1900 1348 1965 obla·

274 2019 345 2068 turn
371 2004 433 2067 sibi
457 2002 643 2068 adulatione
665 2003 779 2091 populi
803 2003 1008 2068 consulatum
1026 2002 1114 2067 Sulla
1133 2016 1347 2065 recusaverat

274 2108 364 2170 Inter
380 2106 448 2172 baec
461 2104 654 2185 Volaterrae,
670 2104 761 2190 quod
781 2104 939 2193 oppidum
959 2102 1067 2168 adbuc
1086 2104 1121 2167 in
1142 2102 1239 2165 annis
1258 2116 1347 2182 erat,

275 2208 406 2295 publica
419 2206 611 2293 interposita
626 2205 709 2286 fide,
724 2223 802 2271 sunt
815 2207 942 2273 deditae.

319 2309 472 2373 XXXVl.
499 2308 538 2370 ln
564 2308 694 2371 Etruria
718 2309 893 2373 Volaterrae
916 2326 994 2373 sunt
1013 2310 1104 2389 juxta
1128 2307 1204 2369 litus
1230 2305 1348 2384 maris,

277 2411 396 2476 eximio
411 2409 452 2474 ad
469 2410 604 2474 tutelam
618 2409 682 2474 loci
698 2410 784 2474 situ:
804 2432 879 2474 nam
895 2433 914 2474 e
927 2407 1091 2498 profunda
1103 2407 1184 2473 valle
1200 2404 1349 2470 tumulus

278 2512 424 2599 undique
435 2513 622 2601 praecepsin
636 2512 843 2578 altitudinem
855 2515 958 2602 prope'
971 2511 1115 2576 duorum
1127 2509 1265 2572 millium
1278 2529 1351 2594 pas·

279 2636 377 2677 suurn
388 2628 534 2694 erectus,
547 2614 664 2677 urbem
677 2615 876 2695 sustinebat,
886 2614 936 2677 uti
949 2613 1108 2678 adscensu
1119 2631 1234 2697 aspero
1247 2624 1282 2672 et
1292 2607 1351 2672 dif-

279 2715 371 2794 ficili,
385 2714 430 2776 ita
442 2714 541 2800 plano
556 2714 797 2803 commodoque
808 2716 937 2778 vertice.
952 2717 1026 2778 Huc
1042 2735 1076 2778 se
1088 2711 1350 2800 proscriptorum

279 2815 412 2903 quidam
432 2814 657 2894 contulerant,
677 2831 853 2902 coactaque
875 2816 1088 2880 Etruscorum
1108 2835 1227 2893 manu,
1244 2835 1351 2899 quum

280 2917 423 3005 legiones
453 2931 597 3002 quatuor
621 2915 827 2996 effecissent,
854 2939 913 3004 per
939 2916 1108 2981 biennium
1139 2915 1351 2990 restiterunt,
1391 2953 1395 2958 ·

280 3040 468 3107 quanquam
491 3039 730 3103 nonnunquam
755 3016 824 3106 ipse
846 3017 986 3082 dictator
1006 3019 1039 3080 in
1062 3016 1171 3082 castris
1195 3013 1352 3079 obsiden-

280 3121 362 3184 tium
382 3119 505 3182 suisset.
522 3118 581 3188 Sic
601 3118 766 3182 exstinctis
787 3141 846 3206 per
862 3117 985 3182 ltaliam
1006 3117 1165 3180 bellorum
1187 3115 1352 3202 reliquiis,

280 3221 376 3284 etiam
395 3221 429 3282 in
447 3219 539 3299 Asia,
559 3241 632 3306 quoe
651 3219 719 3282 sola
739 3220 817 3284 urbs
836 3235 911 3306 post
926 3218 1047 3282 victum
1069 3216 1293 3282 Mithridatem
1317 3217 1353 3280 in

280 3321 457 3386 rebellione
475 3320 678 3407 perstiterat,
700 3319 865 3408 Mitylenae
886 3344 906 3384 a
925 3319 970 3384 M.
992 3319 1137 3384 Thermo
1160 3335 1356 3407 expugnatae

282 3424 465 3508 dirutaeque
482 3437 570 3484 sunt.
589 3422 638 3484 Eo
659 3421 745 3484 bello
759 3423 797 3485 C.
812 3423 914 3487 Julius
929 3424 1035 3486 Caesar
1049 3419 1227 3486 admodmn
1243 3419 1356 3484 adole-

282 3525 375 3590 sc'ens
389 3525 424 3586 in
440 3521 658 3586 contubernio
671 3523 817 3610 praetoris
830 3525 912 3614 egit,
926 3541 959 3589 et
971 3525 1012 3588 ab
1028 3547 1085 3605 eo,
1104 3521 1205 3610 mptis
1221 3521 1355 3611 Mityle·

283 3627 351 3707 nis,
368 3645 492 3688 corona
508 3623 608 3687 civica
625 3623 766 3688 donatus
781 3641 839 3690 est.

319 3859 335 3926 S
347 3858 471 3910 xxm.
482 3860 589 3923 Appisn.
602 3885 638 3896 -
651 3860 703 3910 Cic.
715 3877 763 3925 pro
773 3861 865 3921 domo,
879 3879 933 3927 cap.
945 3863 992 3922 30,
1002 3875 1027 3911 et
1037 3879 1085 3928 pro
1093 3861 1186 3913 Coecin.
1197 3878 1251 3927 cap.
1263 3861 1307 3910 ³3.
1321 3889 1359 3900 —

285 3946 338 3994 ttv.
356 3943 478 4010 Epit..-
492 3945 622 3992 Memnon.
639 3971 675 3982 -
692 3943 708 4010 S
728 3947 839 3994 XXXV.
853 3947 961 4012 Appian.
982 3975 1018 3984 -
1036 3947 1089 3996 Liv.
1105 3947 1173 4011 Epit.
1185 3973 1220 3984 ··-
1239 3948 1296 3997 Cic:
1309 3963 1359 4012 pro

285 4030 374 4088 domo,
384 4045 440 4094 cap.
450 4029 494 4078 So.
503 4055 538 4066 -
547 4028 627 4078 strab.
637 4027 682 4078 lib.
691 4031 725 4088 V,
740 4047 766 4095 p.
777 4031 839 4080 ηαδ.
859 4055 893 4068 -
912 4029 1064 4094 §.XXXVL
1075 4029 1129 4080 Cic.
1139 4045 1186 4096 pro
1197 4032 1266 4079 Sext.
1279 4031 1360 4079 lloso.

284 4131 338 4180 cap.
351 4116 392 4173 37.
403 4141 437 4150 -
446 4114 499 4161 Liv.
509 4112 576 4179 lipit.
584 4141 620 4150 -
631 4113 735 4162 sueton.
747 4115 774 4161 in
786 4115 848 4163 Cas.
859 4129 913 4178 cap.
923 4131 948 4163 a.
961 4143 996 4152 —
1006 4117 1078 4164 Oros.
1086 4116 1119 4174 V,
1133 4129 1176 4162 aa.
