2875 4900
574 60 581 106 l

262 385 330 457 312
437 387 504 454 JO.
530 383 869 455 FREINSHEMII
900 379 1145 454 SUPPLEM.

261 505 423 585 minibus,
437 505 658 592 Poneropolin
677 520 863 585 vocaverat,
881 503 933 568 illa
948 526 1081 592 quoque
1094 521 1205 592 capta,
1223 527 1332 594 usque

260 605 304 670 ad
325 605 503 670 terminum
524 605 671 694 gentium
696 604 911 676 thracicnrum
932 606 1087 687 Tanaim,
1110 605 1332 696 paludemque

262 706 398 772 Moeotin
416 706 604 795 penetrarit.

306 809 410 873 XVII.
433 807 516 872 Inde
530 795 647 870 multus
660 829 758 894 supra
774 805 918 871 Pontum
933 807 1054 894 positus
1069 807 1214 872 civitates
1227 807 1264 871 in
1278 808 1334 888 jus

261 909 486 996 ditionemque
504 908 617 997 populi
638 907 766 971 romani
793 907 928 997 redegit.
950 908 1104 991 Gnlntim,
1128 908 1334 998 Phthiuopo·

261 1010 318 1074 lim
329 1058 339 1092 ,
352 1008 638 1098 Parthenopolim,
657 1009 799 1090 Tomos,
816 1011 954 1090 Istrum,
978 1012 1108 1076 Buzism
1126 1033 1261 1076 ornnem
1278 1033 1333 1076 ce·

261 1112 326 1199 pit,
344 1111 459 1174 evertit
471 1109 696 1198 Apollonium,
718 1133 807 1174 arma
822 1132 956 1175 romane
971 1111 1099 1200 Scythis
1118 1113 1332 1194 monstravit,

263 1210 416 1298 belloque
431 1210 599 1291 coniecto,
615 1210 678 1274 sub
699 1224 829 1298 tempus
848 1210 925 1276 victi
940 1213 1088 1284 aCrasso'
1102 1213 1246 1301 Sparnoi
1263 1216 1331 1278 Ro·

264 1335 349 1376 mam
369 1320 534 1402 regressus
552 1312 594 1376 de
609 1313 715 1378 Bessis
728 1312 957 1400 triumpharit,
975 1329 1007 1378 et
1022 1330 1140 1402 preter
1154 1314 1215 1378 alia
1236 1337 1334 1379 orna·

262 1429 389 1495 menta,
405 1414 568 1479 colossum
579 1413 756 1503 Apollinis,
768 1435 867 1500 quem
879 1436 918 1478 ex
930 1414 1216 1502 Apolloniatarum
1225 1415 1332 1480 insula

263 1526 501 1594 transvexerat,
518 1513 552 1575 in
570 1513 732 1600 Capitolio
747 1513 867 1600 posuit.

307 1611 429 1677 XVlll.
452 1611 517 1677 Sed
538 1613 576 1678 L.
598 1615 821 1703 Luculli,qni
839 1614 937 1678 frater
951 1615 1050 1696 hujus
1066 1616 1145 1699 fuit,
1163 1617 1274 1682 nescio
1290 1641 1330 1682 en

266 1712 404 1793 majores
427 1713 544 1778 eodem
571 1731 741 1804 tempore,
768 1716 919 1781 clariores
946 1733 1051 1799 certe,
1070 1719 1331 1808 scriptorumque

264 1813 424 1880 beneficio
438 1817 581 1880 notiores
595 1839 646 1881 res
656 1818 807 1900 fuerunt3
822 1817 993 1905 dequibus
1007 1816 1159 1906 deinceps
1174 1818 1331 1884 dicemus.
1398 1807 1399 1816 ἵ

265 1916 350 1980 Vere
366 1914 435 1996 ejus
450 1917 546 2000 anni,
563 1939 631 2006 quo
645 1921 706 1983 Cn.
722 1917 870 2000 Orestes,
883 1918 919 1982 P.
931 1919 1088 1984 Lentulus
1100 1920 1249 1984 consules
1262 1920 1331 1984 iue-

263 2034 360 2099 runt,
376 2020 548 2102 Lucullus,
566 2019 711 2084 Murena
734 2041 809 2084 oum
833 2019 960 2084 duabus
982 2020 1165 2109 legionibus
1185 2020 1227 2085 nd
1246 2021 1333 2084 obsi·
1398 2067 1399 2092 .

264 2116 397 2183 dionem
414 2121 518 2184 Amisi
535 2120 667 2202 relicto,
684 2142 760 2185 cum
775 2120 880 2186 tribus
899 2121 968 2186 aliis
981 2143 1039 2210 per
1052 2137 1208 2186 montena
1219 2145 1334 2186 versus
1398 2175 1399 2186 .

265 2219 381 2285 Cabira
401 2222 522 2304 morit,
544 2222 603 2286 ubi
625 2219 830 2287 Mithridates
854 2221 991 2286 hiberna
1012 2221 1191 2303 habuerat,
1211 2237 1244 2286 et
1262 2238 1332 2286 turn

265 2344 398 2408 quoque
411 2321 525 2387 iisdem
539 2323 574 2387 in
588 2323 669 2388 loeis
684 2339 771 2405 erat,
789 2345 829 2388 eo
843 2323 997 2406 consilio,
1013 2339 1051 2386 ut
1064 2323 1219 2412 Romanis
1234 2323 1333 2388 adre-
1398 2315 1399 2328 ¹

265 2419 430 2489 trientibus
446 2427 619 2492 resisteret.
637 2426 798 2494 stationes
816 2441 926 2491 temen
940 2425 1144 2515 disposuerat
1159 2425 1193 2490 in
1213 2426 1332 2491 monti·

265 2524 350 2605 bus,
371 2547 445 2612 que
467 2544 500 2592 et
516 2545 722 2618 opponerent
746 2552 816 2593 sese
839 2529 1012 2595 transitum
1034 2528 1263 2611 molientibus,
1283 2545 1331 2609 et,

265 2624 398 2713 ignibus
410 2628 570 2711 excitatis,
583 2629 759 2695 adventum
773 2631 918 2695 hostium
932 2628 1159 2719 significarent.

309 2728 400 2793 xlx.
425 2730 483 2793 llis
502 2730 688 2797 Phoenicem
706 2732 880 2820 quemdem
896 2732 974 2820 regii
989 2732 1115 2822 generis
1129 2732 1237 2797 virum
1251 2753 1332 2820 prae-
1398 2776 1399 2787 .

267 2830 409 2896 fecerat:
429 2832 486 2919 qui
513 2834 645 2923 signum
670 2832 823 2921 quidem,
853 2832 945 2899 fectis
974 2832 1127 2923 ignibus,
1152 2831 1332 2898 Mithridati

205 2943 214 2966 ²
266 2928 373 3014 dedit,
389 2932 446 2997 sed
460 2934 530 3023 ipse
543 2958 620 3001 curn
638 2937 695 3016 iis,
714 2958 794 3023 quas
811 2958 922 3001 seeum
939 2934 1097 3017 habebat,
1113 2935 1216 3023 copiis
1231 2949 1334 2998 trans·

266 3032 350 3121 fugit
370 3034 412 3099 nd
439 3036 578 3101 hostem.
602 3036 805 3103 Mithridates
825 3037 963 3127 impigre
983 3053 1112 3119 motus,
1136 3057 1232 3100 smne
1247 3038 1332 3125 Lyco

266 3152 435 3223 superato,
449 3138 482 3201 in
496 3139 617 3228 campis
627 3140 812 3228 patentibus
823 3137 991 3228 pugnandi
1004 3138 1130 3227 copiam
1143 3138 1229 3203 fecit.
1240 3138 1333 3203 Com·

267 3236 366 3301 misso
378 3240 521 3325 equestri
531 3240 659 3328 praelio,
675 3241 859 3329 superiores
872 3241 952 3330 regii
964 3239 1116 3321 fuerunt,
1130 3238 1333 3326 rejectusque

266 3336 439 3418 Lucullus,
457 3355 545 3403 retro
558 3364 594 3405 se
606 3341 647 3404 ad
662 3357 791 3405 montes
809 3342 941 3430 recepit.
961 3340 1135 3405 Praefectus
1152 3338 1222 3420 ejus
1241 3340 1352 3427 equi.

267 3454 337 3501 tum
355 3440 575 3528 Pomponius,
596 3466 700 3531 quum
721 3440 762 3507 nd
778 3442 999 3508 Mithridatem
1014 3442 1142 3507 saucius
1159 3440 1337 3505 adducere·
1398 3474 1399 3483 κ

269 3554 340 3620 tur,
358 3542 484 3630 roganti
504 3544 592 3633 regi,
610 3543 724 3633 eeqru'd
740 3547 862 3608 andorn
879 3546 939 3633 ipsi
946 3541 1084 3631 firmuis
1103 3553 1195 3623 esset,
1219 3544 1248 3605 si
1265 3564 1333 3605 eum

266 3647 502 3709 conservasset?
517 3676 530 3699 ιι
543 3646 696 3727 Amicus,
717 3646 842 3734 inquit,
867 3646 892 3709 si
915 3644 1046 3733 quidem
1065 3644 1189 3709 amicus
1210 3643 1333 3733 populo

300 3829 317 3895 s
332 3831 401 3877 ΠΙ.
415 3830 467 3878 Cic.
481 3830 508 3877 in
519 3831 590 3890 Verr,
600 3833 636 3889 11,
649 3832 674 3892 s.
688 3859 724 3868 -
735 3832 808 3881 Oros.
817 3833 868 3893 vt,
879 3832 903 3891 3.
916 3859 952 3869 -
963 3831 1061 3879 Sallust.
1074 3832 1163 3879 lneert.
1173 3846 1216 3893 ²9·
1231 3856 1267 3865 -
1279 3831 1331 3878 Sex

265 3915 322 3962 llus.
332 3930 386 3978 cap.
395 3928 420 3976 9.
430 3940 464 3950 -
473 3914 611 3990 Marcellin.
621 3916 736 3977 mn,
746 3917 770 3965 8.
777 3943 812 3953 —
820 3916 924 3980 Eutrop.
933 3944 968 3952 —
979 3914 1059 3964 strab.
1070 3913 1181 3973 ttbxn,
1195 3930 1220 3979 p.
1233 3914 1330 3961 seo.-

264 3995 281 4061 s
295 3998 377 4046 xvn.
395 3998 461 4045 nor.
477 3998 529 4057 111,
543 4006 567 4054 4.
589 4026 624 4035 -
643 3998 748 4064 Eutrop.
765 4026 799 4035 --
816 4000 871 4048 Sex.
891 3998 948 4047 lini.
971 4024 1007 4035 -
1028 3997 1092 4057 Plin.
1113 3996 1239 4056 mlv,
1262 4013 1285 4057 7.
1299 4022 1331 4031 -

267 4078 347 4127 Streb.
360 4078 404 4128 lib.
411 4081 474 4141 vn,
491 4097 516 4146 p.
530 4082 581 4144 319
592 4091 616 4129 et
628 4082 687 4130 320.
698 4080 761 4147 -S
775 4082 871 4131 xv111.
885 4084 992 4147 Appien.
1004 4080 1119 4131 Mithrid.
1128 4106 1164 4119 -
1174 4078 1298 4129 Plutarch.
1308 4076 1332 4124 in

269 4162 387 4224 Lucullo,
402 4180 454 4229 esp.
469 4167 512 4215 as.
529 4192 563 4203 -
574 4164 668 4231 Plegon
679 4166 746 4232 apud
758 4164 831 4215 Phot.
839 4194 874 4205 -
884 4166 1010 4214 Memnon.
