2875 4900
220 376 274 445 IN
302 372 417 445 LOC.
442 376 535 443 LIB.
562 375 770 444 LXXXIX
799 376 1014 449 LIVIANI.
1086 406 1154 478 207

97 495 323 561 demonstrari
339 516 457 585 posse:
474 510 629 561 wterum
648 510 687 559 ut
703 494 845 560 maxime
868 497 912 560 ita
931 520 983 561 res
1005 498 1153 585 haberet,

40 674 44 686 ¹
96 597 241 663 ιιιιίιιιιιιι
254 622 289 663 se
299 598 612 687 priustriumpbum
623 597 742 677 facere,
759 620 859 685 quem
872 614 910 662 ut
920 599 1076 665 militibus
1087 604 1156 669 suis

96 698 266 765 «adulensr.
275 731 290 757 ι
306 701 422 765 Fasces
439 698 560 765 deinde
575 698 737 764 lameatos
754 698 874 779 objecit
888 701 1005 765 acriter
1020 702 1157 793 increpi-

96 801 145 880 tis,
158 802 198 866 ab
219 804 350 868 illorum
367 801 553 890 direptione
567 800 686 881 jubens
703 800 858 889 incipere.
874 803 944 867 Hac
958 804 1154 871 verecundia

96 922 185 986 quum
200 903 241 968 ad
255 902 448 967 modestiam
464 918 521 967 eos
539 901 732 991 redegisset,
748 902 783 965 in
800 902 914 983 majori
930 905 1079 969 omnium
1097 907 1154 971 ad-

96 1002 272 1086 miratione,
288 1026 388 1093 quam
402 1004 448 1069 ob
463 1019 513 1068 tot
524 1026 576 1068 res
589 1004 677 1068 bello
692 1019 818 1091 gestas,
836 1004 918 1085 fuit3
934 1005 1153 1097 Servilitmque

93 1106 260 1193 precipuus
283 1121 379 1171 antea
400 1105 541 1195 negandi
565 1104 726 1193 triumphi
745 1120 876 1187 auctor,
895 1106 1150 1195 pulcherrimum

93 1204 349 1271 eiestimonium
365 1205 523 1288 reddidit,
537 1228 624 1271 nureo
638 1228 715 1271 vero
736 1228 768 1271 se
787 1206 971 1297 Poopeium
986 1232 1061 1275 vere
1073 1212 1150 1277 Ma·

90 1326 197 1389 ςιιιι,
212 1308 432 1397 triumphoque
445 1307 662 1396 dignissimum
680 1330 855 1397 agnoscere.
878 1308 948 1373 Sub
963 1310 1050 1377 idem
1067 1328 1150 1379 tern-

40 1471 41 1478 ,
92 1428 143 1493 pus
164 1410 200 1473 C.
225 1410 403 1475 Norbanus
429 1409 610 1474 consularis
632 1409 851 1497 proscriptus,
873 1432 977 1497 quum
993 1412 1149 1479 Rhodum

40 1515 41 1556 ἓ
91 1508 269 1592 sajeosso,
281 1527 382 1599 atque
393 1511 550 1598 repetitam
563 1534 582 1575 a
594 1511 683 1574 Sulla
696 1509 1048 1598 comprehenderetur,
1064 1516 1150 1580 Rbo-

90 1608 142 1675 diis
156 1612 263 1677 adbuc
279 1612 554 1694 deliberantibus,
571 1612 607 1675 in
622 1610 731 1675 medio
749 1611 823 1675 foro
842 1634 876 1676 se
890 1612 1066 1679 interemit.

125 1714 276 1778 XXXIII.
304 1715 420 1802 Neque
448 1713 536 1777 enim
561 1711 968 1800 adbuoproscriptionum
993 1713 1147 1782 aoerbitus

90 1813 172 1899 plane
188 1818 441 1904 oonquierera13
457 1830 491 1879 et
507 1814 667 1893 Mutilus,
684 1836 771 1878 unus
787 1836 826 1877 ex
842 1815 1049 1903 proscriptis,
1065 1819 1147 1883 clem

90 1914 178 2001 eapite
190 1916 348 2007 adoperto
358 1916 401 1979 ad
412 1915 499 1980 aedes
511 1916 625 1980 Bastiae
635 1914 747 1979 uxoris
762 1937 865 2004 quum
882 1917 1079 2000 accessisset,
1093 1919 1148 1986 ad·

90 2016 191 2082 missus
206 2010 343 2091 minime
358 2034 409 2081 est
414 2016 539 2105 ,quod
561 2017 655 2080 illum
679 2016 797 2081 mulier
816 2016 1034 2106 proscriptum
1059 2018 1147 2084 dioe-

89 2130 146 2178 ret·
136 2119 269 2207 ,itaque
284 2140 319 2183 se
335 2116 528 2199 transfodit,
547 2132 580 2181 et
597 2118 756 2206 sanguine
776 2140 837 2183 suo
860 2117 946 2181 fores
969 2120 1079 2184 uxoris
1095 2144 1146 2185 rc-

88 2220 196 2327 spessit.
211 2223 300 2287 'lum
314 2220 411 2285 etiam
425 2219 457 2285 N
458 2221 527 2304 olo,
543 2242 616 2307 quse
626 2236 792 2307 postrema
803 2220 936 2283 urbium
946 2221 1146 2287 Samnitibus

87 2315 265 2386 ἱιιιιιιιιιιιιι
280 2322 537 2410 pertinacissime
552 2343 642 2384 arnsa
657 2320 820 2384 retinebat
827 2319 1038 2435 ,proditione
1052 2339 1145 2411 capto

88 2434 144 2501 est,
156 2422 201 2488 Μ.
214 2423 352 2490 AEmilio
365 2422 510 2514 Lepido
501 2438 710 2488 intromisso
701 2443 828 2510 reque
840 2439 988 2512 cognita
1001 2423 1145 2508 obsessi,

87 2521 151 2606 quis
165 2524 365 2590 Samnitibus
379 2526 468 2590 nullo
479 2547 553 2614 spes
566 2525 678 2590 salutis
692 2524 781 2614 apud
796 2525 918 2590 Sullam
935 2528 1044 2592 relicta
1058 2544 1144 2610 erat,

40 2700 41 2711 ,
88 2622 142 2687 suis
155 2643 209 2690 aut
225 2647 365 2692 suorum
380 2628 493 2716 gladiis
508 2644 713 2716 occuparunt
726 2646 859 2691 necem:
875 2627 1008 2714 quidem
1021 2631 1144 2718 laqueis

40 2744 41 2773 l
87 2726 232 2808 presumi
251 2746 351 2810 sutrt5
372 2730 426 2792 ulii
443 2730 573 2793 foribus
593 2729 732 2793 occlusis
754 2727 870 2792 domos
888 2751 987 2816 seque
1008 2752 1143 2794 concre-

40 2894 41 2897 ,
88 2842 220 2895 merant:
237 2830 424 2918 eodemque
444 2846 592 2917 tempore
605 2843 723 2893 vennas
739 2843 871 2892 exortus
888 2827 1083 2910 vehemens,
1099 2829 1143 2894 ita

40 2936 41 3003 ξ
88 2921 195 2994 distulit
215 2931 427 3013 incendium,
451 2946 490 2996 ut
513 2929 635 3018 oppido
658 2927 897 3018 conflagrante,
919 2928 1027 2992 omnis
1045 2929 1143 2994 simul

40 3036 41 3073 ἰ
88 3028 177 3108 preda
193 3033 410 3098 amitteretur.

122 3129 268 3198 XXXIV.
288 3131 383 3198 AtI.
398 3131 487 3196 Sulla
494 3151 590 3219 ,quo
605 3130 729 3194 Urbem
750 3144 784 3192 et
799 3130 923 3203 ltaliam
942 3153 1008 3195 suae
1025 3075 1141 3196 lectio-

89 3227 127 3291 nis
149 3232 336 3298 bominibus
359 3234 451 3322 qussi
475 3229 689 3321 compedibus
714 3230 838 3294 vinctas
863 3247 1009 3314 teneret,
1028 3231 1141 3299 decem

89 3329 169 3397 ulla
181 3355 369 3417 servorum,
385 3349 480 3398 aetate
494 3355 533 3397 ac
547 3334 672 3399 viribus
684 3329 951 3396 florentissimum
975 3357 1140 3425 quemque

89 3437 275 3519 manumisit,
296 3437 354 3525 qui
375 3437 462 3500 inter
483 3436 568 3499 cives
586 3433 764 3521 adscripti,
784 3431 826 3497 de
842 3435 976 3498 nornine
990 3439 1139 3524 patroni,

89 3533 126 3594 ati
138 3554 203 3603 ιιιοι
219 3555 306 3621 erat,
323 3536 554 3602 cometissam
575 3536 735 3625 appellati.
761 3535 845 3624 Lege
862 3533 981 3602 deinde
999 3539 1140 3606 oonsitiis

40 3652 41 3655 ’
89 3639 255 3703 centuriatis
268 3640 347 3721 lata,
359 3637 546 3726 municipiis
559 3636 725 3724 plerisque
741 3636 902 3702 civitaten
916 3654 949 3703 et
961 3660 1056 3728 agros
1068 3640 1141 3708 adc-

90 3733 154 3800 mit:
167 3737 334 3829 adscripsit
350 3756 457 3804 tamen
474 3740 507 3813 in
526 3737 674 3807 eamdent
688 3737 792 3828 legem
803 3784 813 3819 ,
826 3739 855 3802 si
860 3739 940 3826 quid
939 3741 998 3829 jus
1014 3763 1077 3804 non
1093 3765 1138 3804 es-

89 3851 125 3896 set
137 3846 253 3927 rogari,
275 3843 342 3932 ejus
359 3865 399 3907 eo
415 3842 485 3929 lege
503 3840 640 3906 addam
653 3855 811 3930 togatum.
830 3842 878 3906 Itu
893 3857 992 3930 ceput
1003 3841 1045 3908 de
1058 3841 1137 3906 civi-

116 4047 241 4113 mim.
255 4058 366 4109 Ρ1ιι.-ι
377 4055 1136 4124 Front*§XXXIII.1is.sEpit—-nbpplaanir.llbI.

91 4135 224 4199 reliqu
239 4145 279 4192 1&
