<?xml version="1.0" encoding="UTF-8"?>
<!DOCTYPE html PUBLIC "-//W3C//DTD XHTML 1.0 Transitional//EN"
    "http://www.w3.org/TR/xhtml1/DTD/xhtml1-transitional.dtd">
<html xmlns="http://www.w3.org/1999/xhtml" xml:lang="en" lang="en">
 <head>
  <title>
</title>
<meta http-equiv="Content-Type" content="text/html;charset=utf-8" />
  <meta name='ocr-system' content='tesseract 3.04.00' />
  <meta name='ocr-capabilities' content='ocr_page ocr_carea ocr_par ocr_line ocrx_word'/>
</head>
<body>
  <div class='ocr_page' id='page_1' title='image "bibliothecaclas116lemagoog_0380.png"; bbox 0 0 2875 4900; ppageno 0'>
   <div class='ocr_carea' id='block_1_1' title="bbox 203 399 1178 475">
    <p class='ocr_par' dir='ltr' id='par_1_1' title="bbox 203 399 1178 475">
     <span class='ocr_line' id='line_1_1' title="bbox 203 399 1178 475; baseline -0.01 1"><span class='ocrx_word' id='word_1_1' title='bbox 203 406 211 425; x_wconf 73' lang='lat'>⁸</span> <span class='ocrx_word' id='word_1_2' title='bbox 293 404 363 475; x_wconf 81' lang='lat'><strong>368</strong></span> <span class='ocrx_word' id='word_1_3' title='bbox 466 399 900 473; x_wconf 83' lang='lat' dir='ltr'><strong>JO.FREINSHEMII</strong></span> <span class='ocrx_word' id='word_1_4' title='bbox 931 400 1178 469; x_wconf 88' lang='lat' dir='ltr'><strong>SUPPLEM.</strong></span> 
     </span>
    </p>
   </div>
   <div class='ocr_carea' id='block_1_2' title="bbox 193 520 1350 3952">
    <p class='ocr_par' dir='ltr' id='par_1_2' title="bbox 286 520 1347 1716">
     <span class='ocr_line' id='line_1_2' title="bbox 334 520 1345 613; baseline -0.007 -22"><span class='ocrx_word' id='word_1_5' title='bbox 334 528 424 591; x_wconf 83' lang='lat' dir='ltr'><strong>XIII.</strong></span> <span class='ocrx_word' id='word_1_6' title='bbox 446 526 545 590; x_wconf 81' lang='lat' dir='ltr'><strong>«Non</strong></span> <span class='ocrx_word' id='word_1_7' title='bbox 562 539 702 613; x_wconf 89' lang='lat' dir='ltr'><strong>potesta</strong></span> <span class='ocrx_word' id='word_1_8' title='bbox 720 522 906 585; x_wconf 85' lang='lat' dir='ltr'>mortalium</span> <span class='ocrx_word' id='word_1_9' title='bbox 920 520 1109 586; x_wconf 87' lang='lat' dir='ltr'><strong>conditione</strong></span> <span class='ocrx_word' id='word_1_10' title='bbox 1125 520 1296 609; x_wconf 90' lang='lat' dir='ltr'><strong>postulari,</strong></span> <span class='ocrx_word' id='word_1_11' title='bbox 1311 540 1345 585; x_wconf 87' lang='lat' dir='ltr'><strong>ut</strong></span> 
     </span>
     <span class='ocr_line' id='line_1_3' title="bbox 289 620 1344 711; baseline -0.009 -19"><span class='ocrx_word' id='word_1_12' title='bbox 289 660 302 684; x_wconf 80' lang='grc' dir='ltr'>ι</span> <span class='ocrx_word' id='word_1_13' title='bbox 312 628 338 692; x_wconf 91' lang='lat' dir='ltr'><strong>si</strong></span> <span class='ocrx_word' id='word_1_14' title='bbox 353 644 428 691; x_wconf 90' lang='lat' dir='ltr'><strong>ante</strong></span> <span class='ocrx_word' id='word_1_15' title='bbox 441 650 480 691; x_wconf 86' lang='lat' dir='ltr'><strong>an</strong></span> <span class='ocrx_word' id='word_1_16' title='bbox 485 650 544 689; x_wconf 89' lang='lat' dir='ltr'><strong>nos</strong></span> <span class='ocrx_word' id='word_1_17' title='bbox 557 625 659 689; x_wconf 91' lang='lat' dir='ltr'><strong>robur</strong></span> <span class='ocrx_word' id='word_1_18' title='bbox 668 621 801 711; x_wconf 84' lang='lat' dir='ltr'>aliquod</span> <span class='ocrx_word' id='word_1_19' title='bbox 813 620 1029 686; x_wconf 86' lang='lat' dir='ltr'><strong>ostenderunt</strong></span> <span class='ocrx_word' id='word_1_20' title='bbox 1043 622 1252 700; x_wconf 79' lang='lat' dir='ltr'><strong>maturitatis,</strong></span> <span class='ocrx_word' id='word_1_21' title='bbox 1265 620 1344 683; x_wconf 87' lang='lat' dir='ltr'><strong>idem</strong></span> 
     </span>
     <span class='ocr_line' id='line_1_4' title="bbox 289 722 1345 813; baseline -0.006 -20"><span class='ocrx_word' id='word_1_22' title='bbox 289 728 353 793; x_wconf 78' lang='lat' dir='ltr'><strong>«ad</strong></span> <span class='ocrx_word' id='word_1_23' title='bbox 370 729 523 793; x_wconf 80' lang='lat' dir='ltr'><strong>ulteriora</strong></span> <span class='ocrx_word' id='word_1_24' title='bbox 540 728 613 790; x_wconf 76' lang='lat' dir='ltr'><strong>vitae</strong></span> <span class='ocrx_word' id='word_1_25' title='bbox 629 742 776 813; x_wconf 87' lang='lat' dir='ltr'><strong>tempora</strong></span> <span class='ocrx_word' id='word_1_26' title='bbox 797 722 969 811; x_wconf 80' lang='lat' dir='ltr'><strong>perferant</strong></span> <span class='ocrx_word' id='word_1_27' title='bbox 992 723 1098 788; x_wconf 89' lang='lat' dir='ltr'><strong>Etiam</strong></span> <span class='ocrx_word' id='word_1_28' title='bbox 1114 724 1239 787; x_wconf 83' lang='lat' dir='ltr'><strong>fructus</strong></span> <span class='ocrx_word' id='word_1_29' title='bbox 1257 723 1345 811; x_wconf 81' lang='lat' dir='ltr'><strong>pardo</strong></span> 
     </span>
     <span class='ocr_line' id='line_1_5' title="bbox 288 824 1346 917; baseline -0.007 -24"><span class='ocrx_word' id='word_1_30' title='bbox 288 829 521 917; x_wconf 75' lang='lat' dir='ltr'><strong>«proecociores</strong></span> <span class='ocrx_word' id='word_1_31' title='bbox 536 826 669 891; x_wconf 89' lang='lat' dir='ltr'><strong>minime</strong></span> <span class='ocrx_word' id='word_1_32' title='bbox 686 824 848 888; x_wconf 80' lang='lat' dir='ltr'><strong>durabiles</strong></span> <span class='ocrx_word' id='word_1_33' title='bbox 866 838 966 904; x_wconf 73' lang='lat' dir='ltr'><strong>sunt,</strong></span> <span class='ocrx_word' id='word_1_34' title='bbox 983 839 1016 888; x_wconf 90' lang='lat' dir='ltr'><strong>et</strong></span> <span class='ocrx_word' id='word_1_35' title='bbox 1030 824 1194 905; x_wconf 89' lang='lat' dir='ltr'><strong>animalia,</strong></span> <span class='ocrx_word' id='word_1_36' title='bbox 1211 846 1346 913; x_wconf 89' lang='lat' dir='ltr'><strong>quorum</strong></span> 
     </span>
     <span class='ocr_line' id='line_1_6' title="bbox 288 925 1346 1021; baseline -0.008 -26"><span class='ocrx_word' id='word_1_37' title='bbox 288 928 503 1021; x_wconf 77' lang='lat' dir='ltr'><strong>«magnitudo</strong></span> <span class='ocrx_word' id='word_1_38' title='bbox 530 928 680 1014; x_wconf 85' lang='lat' dir='ltr'><strong>viresqne</strong></span> <span class='ocrx_word' id='word_1_39' title='bbox 704 926 800 989; x_wconf 83' lang='lat' dir='ltr'><strong>velox</strong></span> <span class='ocrx_word' id='word_1_40' title='bbox 823 925 1062 990; x_wconf 89' lang='lat' dir='ltr'><strong>incrementum</strong></span> <span class='ocrx_word' id='word_1_41' title='bbox 1090 926 1235 1007; x_wconf 86' lang='lat' dir='ltr'><strong>babent,</strong></span> <span class='ocrx_word' id='word_1_42' title='bbox 1257 926 1346 989; x_wconf 88' lang='lat' dir='ltr'><strong>citius</strong></span> 
     </span>
     <span class='ocr_line' id='line_1_7' title="bbox 287 1025 1347 1115; baseline -0.005 -21"><span class='ocrx_word' id='word_1_43' title='bbox 287 1044 560 1094; x_wconf 75' lang='lat' dir='ltr'><strong>«consenescunt.</strong></span> <span class='ocrx_word' id='word_1_44' title='bbox 574 1025 674 1108; x_wconf 88' lang='lat' dir='ltr'><strong>Quod</strong></span> <span class='ocrx_word' id='word_1_45' title='bbox 687 1026 715 1089; x_wconf 92' lang='lat' dir='ltr'><strong>si</strong></span> <span class='ocrx_word' id='word_1_46' title='bbox 729 1026 813 1090; x_wconf 83' lang='lat' dir='ltr'><strong>forte</strong></span> <span class='ocrx_word' id='word_1_47' title='bbox 827 1026 931 1090; x_wconf 91' lang='lat' dir='ltr'><strong>robur</strong></span> <span class='ocrx_word' id='word_1_48' title='bbox 940 1027 1040 1090; x_wconf 90' lang='lat' dir='ltr'><strong>animi</strong></span> <span class='ocrx_word' id='word_1_49' title='bbox 1051 1028 1262 1115; x_wconf 83' lang='lat' dir='ltr'><strong>corporisque</strong></span> <span class='ocrx_word' id='word_1_50' title='bbox 1273 1049 1347 1091; x_wconf 88' lang='lat' dir='ltr'><strong>non·</strong></span> 
     </span>
     <span class='ocr_line' id='line_1_8' title="bbox 288 1127 1346 1217; baseline -0.005 -23"><span class='ocrx_word' id='word_1_51' title='bbox 288 1160 301 1187; x_wconf 80' lang='grc' dir='ltr'><strong>ιι</strong></span> <span class='ocrx_word' id='word_1_52' title='bbox 311 1130 391 1195; x_wconf 92' lang='lat' dir='ltr'><strong>dum</strong></span> <span class='ocrx_word' id='word_1_53' title='bbox 405 1130 447 1192; x_wconf 87' lang='lat' dir='ltr'><strong>ita</strong></span> <span class='ocrx_word' id='word_1_54' title='bbox 462 1142 694 1214; x_wconf 91' lang='lat' dir='ltr'><strong>consumptum</strong></span> <span class='ocrx_word' id='word_1_55' title='bbox 708 1140 806 1207; x_wconf 88' lang='lat' dir='ltr'><strong>esset,</strong></span> <span class='ocrx_word' id='word_1_56' title='bbox 821 1143 859 1191; x_wconf 91' lang='lat' dir='ltr'><strong>ut</strong></span> <span class='ocrx_word' id='word_1_57' title='bbox 870 1127 1019 1214; x_wconf 88' lang='lat' dir='ltr'><strong>periculis</strong></span> <span class='ocrx_word' id='word_1_58' title='bbox 1033 1128 1265 1217; x_wconf 80' lang='lat' dir='ltr'><strong>laboribusque</strong></span> <span class='ocrx_word' id='word_1_59' title='bbox 1278 1127 1346 1191; x_wconf 84' lang='lat' dir='ltr'><strong>belli</strong></span> 
     </span>
     <span class='ocr_line' id='line_1_9' title="bbox 288 1226 1346 1317; baseline 0.003 -30"><span class='ocrx_word' id='word_1_60' title='bbox 288 1232 408 1312; x_wconf 61' lang='lat' dir='ltr'><strong>..hujus</strong></span> <span class='ocrx_word' id='word_1_61' title='bbox 430 1230 534 1317; x_wconf 89' lang='lat' dir='ltr'><strong>impar</strong></span> <span class='ocrx_word' id='word_1_62' title='bbox 555 1228 730 1293; x_wconf 82' lang='lat' dir='ltr'><strong>existimari</strong></span> <span class='ocrx_word' id='word_1_63' title='bbox 748 1226 901 1310; x_wconf 80' lang='lat' dir='ltr'><strong>deberet3</strong></span> <span class='ocrx_word' id='word_1_64' title='bbox 923 1228 1120 1292; x_wconf 82' lang='lat' dir='ltr'><strong>invidiosum</strong></span> <span class='ocrx_word' id='word_1_65' title='bbox 1140 1244 1250 1293; x_wconf 85' lang='lat' dir='ltr'><strong>tamen</strong></span> <span class='ocrx_word' id='word_1_66' title='bbox 1266 1242 1346 1307; x_wconf 87' lang='lat' dir='ltr'><strong>erat,</strong></span> 
     </span>
     <span class='ocr_line' id='line_1_10' title="bbox 287 1315 1347 1420; baseline 0.004 -26"><span class='ocrx_word' id='word_1_67' title='bbox 287 1332 395 1397; x_wconf 74' lang='lat' dir='ltr'><strong>«inter</strong></span> <span class='ocrx_word' id='word_1_68' title='bbox 415 1345 465 1394; x_wconf 92' lang='lat' dir='ltr'><strong>tot</strong></span> <span class='ocrx_word' id='word_1_69' title='bbox 487 1328 632 1419; x_wconf 82' lang='lat' dir='ltr'><strong>egregios</strong></span> <span class='ocrx_word' id='word_1_70' title='bbox 655 1315 743 1391; x_wconf 84' lang='lat' dir='ltr'><strong>viros</strong></span> <span class='ocrx_word' id='word_1_71' title='bbox 761 1327 803 1392; x_wconf 91' lang='lat' dir='ltr'><strong>ad</strong></span> <span class='ocrx_word' id='word_1_72' title='bbox 822 1350 875 1392; x_wconf 91' lang='lat' dir='ltr'><strong>me</strong></span> <span class='ocrx_word' id='word_1_73' title='bbox 889 1330 1095 1416; x_wconf 89' lang='lat' dir='ltr'><strong>potissimum</strong></span> <span class='ocrx_word' id='word_1_74' title='bbox 1119 1334 1281 1420; x_wconf 88' lang='lat' dir='ltr'><strong>populum</strong></span> <span class='ocrx_word' id='word_1_75' title='bbox 1301 1355 1347 1398; x_wconf 91' lang='lat' dir='ltr'><strong>ro·</strong></span> 
     </span>
     <span class='ocr_line' id='line_1_11' title="bbox 287 1430 1346 1519; baseline 0.002 -23"><span class='ocrx_word' id='word_1_76' title='bbox 287 1454 444 1497; x_wconf 74' lang='lat' dir='ltr'><strong>«manum</strong></span> <span class='ocrx_word' id='word_1_77' title='bbox 460 1432 630 1519; x_wconf 89' lang='lat' dir='ltr'><strong>respicere.</strong></span> <span class='ocrx_word' id='word_1_78' title='bbox 650 1430 809 1519; x_wconf 84' lang='lat' dir='ltr'><strong>Magnum</strong></span> <span class='ocrx_word' id='word_1_79' title='bbox 822 1444 914 1493; x_wconf 88' lang='lat' dir='ltr'><strong>estet</strong></span> <span class='ocrx_word' id='word_1_80' title='bbox 925 1430 1127 1495; x_wconf 87' lang='lat' dir='ltr'><strong>intolerabile</strong></span> <span class='ocrx_word' id='word_1_81' title='bbox 1138 1433 1346 1499; x_wconf 81' lang='lat' dir='ltr'><strong>aemulationis</strong></span> 
     </span>
     <span class='ocr_line' id='line_1_12' title="bbox 287 1529 1347 1627; baseline 0.009 -36"><span class='ocrx_word' id='word_1_82' title='bbox 287 1568 301 1591; x_wconf 82' lang='grc'><strong>.</strong></span> <span class='ocrx_word' id='word_1_83' title='bbox 310 1556 411 1616; x_wconf 85' lang='lat' dir='ltr'><strong>onus,</strong></span> <span class='ocrx_word' id='word_1_84' title='bbox 425 1533 478 1599; x_wconf 92' lang='lat' dir='ltr'><strong>cui</strong></span> <span class='ocrx_word' id='word_1_85' title='bbox 492 1555 527 1597; x_wconf 92' lang='lat' dir='ltr'><strong>se</strong></span> <span class='ocrx_word' id='word_1_86' title='bbox 543 1554 647 1620; x_wconf 87' lang='lat' dir='ltr'><strong>quum</strong></span> <span class='ocrx_word' id='word_1_87' title='bbox 662 1546 771 1621; x_wconf 90' lang='lat' dir='ltr'><strong>potest</strong></span> <span class='ocrx_word' id='word_1_88' title='bbox 783 1529 982 1613; x_wconf 88' lang='lat' dir='ltr'><strong>subducere,</strong></span> <span class='ocrx_word' id='word_1_89' title='bbox 999 1531 1154 1596; x_wconf 86' lang='lat' dir='ltr'><strong>humeros</strong></span> <span class='ocrx_word' id='word_1_90' title='bbox 1166 1556 1267 1600; x_wconf 87' lang='lat' dir='ltr'><strong>nemo</strong></span> <span class='ocrx_word' id='word_1_91' title='bbox 1278 1560 1347 1627; x_wconf 88' lang='lat' dir='ltr'><strong>pru·</strong></span> 
     </span>
     <span class='ocr_line' id='line_1_13' title="bbox 286 1634 591 1716; baseline -0.007 -15"><span class='ocrx_word' id='word_1_92' title='bbox 286 1634 390 1701; x_wconf 75' lang='lat' dir='ltr'><strong>«dens</strong></span> <span class='ocrx_word' id='word_1_93' title='bbox 409 1634 591 1716; x_wconf 85' lang='lat' dir='ltr'><strong>subjecerit.</strong></span> 
     </span>
    </p>

    <p class='ocr_par' dir='ltr' id='par_1_3' title="bbox 193 1734 1349 3038">
     <span class='ocr_line' id='line_1_14' title="bbox 330 1734 1347 1825; baseline -0.002 -24"><span class='ocrx_word' id='word_1_94' title='bbox 330 1738 421 1803; x_wconf 84' lang='lat' dir='ltr'><strong>XIV.</strong></span> <span class='ocrx_word' id='word_1_95' title='bbox 438 1738 563 1825; x_wconf 81' lang='lat' dir='ltr'><strong>«Igitur</strong></span> <span class='ocrx_word' id='word_1_96' title='bbox 573 1734 767 1823; x_wconf 84' lang='lat' dir='ltr'><strong>jampridem</strong></span> <span class='ocrx_word' id='word_1_97' title='bbox 783 1734 872 1799; x_wconf 90' lang='lat' dir='ltr'><strong>haud</strong></span> <span class='ocrx_word' id='word_1_98' title='bbox 886 1734 994 1799; x_wconf 90' lang='lat' dir='ltr'><strong>minus</strong></span> <span class='ocrx_word' id='word_1_99' title='bbox 1008 1735 1173 1800; x_wconf 89' lang='lat' dir='ltr'><strong>honorum</strong></span> <span class='ocrx_word' id='word_1_100' title='bbox 1188 1737 1347 1801; x_wconf 84' lang='lat' dir='ltr'><strong>laborum·</strong></span> 
     </span>
     <span class='ocr_line' id='line_1_15' title="bbox 286 1836 1346 1927; baseline 0.007 -33"><span class='ocrx_word' id='word_1_101' title='bbox 286 1862 392 1927; x_wconf 67' lang='lat' dir='ltr'><strong>tque,</strong></span> <span class='ocrx_word' id='word_1_102' title='bbox 415 1860 513 1926; x_wconf 90' lang='lat' dir='ltr'><strong>qnam</strong></span> <span class='ocrx_word' id='word_1_103' title='bbox 527 1836 657 1900; x_wconf 75' lang='lat' dir='ltr'><strong>invidiae</strong></span> <span class='ocrx_word' id='word_1_104' title='bbox 673 1851 778 1917; x_wconf 90' lang='lat' dir='ltr'><strong>satur,</strong></span> <span class='ocrx_word' id='word_1_105' title='bbox 800 1837 932 1917; x_wconf 88' lang='lat' dir='ltr'><strong>consul,</strong></span> <span class='ocrx_word' id='word_1_106' title='bbox 947 1852 986 1901; x_wconf 92' lang='lat' dir='ltr'><strong>ut</strong></span> <span class='ocrx_word' id='word_1_107' title='bbox 1004 1838 1211 1921; x_wconf 85' lang='lat' dir='ltr'><strong>meministis,</strong></span> <span class='ocrx_word' id='word_1_108' title='bbox 1230 1840 1346 1919; x_wconf 80' lang='lat' dir='ltr'><strong>juravi,</strong></span> 
     </span>
     <span class='ocr_line' id='line_1_16' title="bbox 193 1938 1347 2029; baseline 0.001 -28"><span class='ocrx_word' id='word_1_109' title='bbox 193 1970 196 1979; x_wconf 90' lang='grc'><strong><em>·</em></strong></span> <span class='ocrx_word' id='word_1_110' title='bbox 286 1938 432 2005; x_wconf 66' lang='lat' dir='ltr'><strong>artullam</strong></span> <span class='ocrx_word' id='word_1_111' title='bbox 451 1940 485 2001; x_wconf 83' lang='lat' dir='ltr'><strong>in</strong></span> <span class='ocrx_word' id='word_1_112' title='bbox 494 1939 690 2027; x_wconf 66' lang='lat' dir='ltr'><strong>provinciam</strong></span> <span class='ocrx_word' id='word_1_113' title='bbox 706 1958 751 1999; x_wconf 77' lang='lat' dir='ltr'><strong>ex</strong></span> <span class='ocrx_word' id='word_1_114' title='bbox 765 1958 801 1999; x_wconf 82' lang='lat' dir='ltr'><strong>eo</strong></span> <span class='ocrx_word' id='word_1_115' title='bbox 815 1940 1005 2024; x_wconf 78' lang='lat' dir='ltr'><strong>magistratu</strong></span> <span class='ocrx_word' id='word_1_116' title='bbox 1022 1941 1160 2019; x_wconf 77' lang='lat' dir='ltr'><strong>t&#39;turum5</strong></span> <span class='ocrx_word' id='word_1_117' title='bbox 1175 1940 1277 2029; x_wconf 90' lang='lat' dir='ltr'><strong>idque</strong></span> <span class='ocrx_word' id='word_1_118' title='bbox 1292 1963 1347 2004; x_wconf 79' lang='lat' dir='ltr'><strong>sen</strong></span> 
     </span>
     <span class='ocr_line' id='line_1_17' title="bbox 285 2038 1346 2128; baseline 0.005 -29"><span class='ocrx_word' id='word_1_119' title='bbox 285 2072 298 2099; x_wconf 76' lang='grc' dir='ltr'><strong>«ι</strong></span> <span class='ocrx_word' id='word_1_120' title='bbox 307 2042 389 2105; x_wconf 85' lang='lat' dir='ltr'><strong>vavi.</strong></span> <span class='ocrx_word' id='word_1_121' title='bbox 402 2042 499 2105; x_wconf 89' lang='lat' dir='ltr'><strong>Nunc</strong></span> <span class='ocrx_word' id='word_1_122' title='bbox 508 2038 677 2118; x_wconf 87' lang='lat' dir='ltr'><strong>exsolutis,</strong></span> <span class='ocrx_word' id='word_1_123' title='bbox 688 2054 727 2100; x_wconf 89' lang='lat' dir='ltr'><strong>ut</strong></span> <span class='ocrx_word' id='word_1_124' title='bbox 736 2060 843 2125; x_wconf 86' lang='lat' dir='ltr'><strong>spero,</strong></span> <span class='ocrx_word' id='word_1_125' title='bbox 856 2062 929 2127; x_wconf 80' lang='lat' dir='ltr'><strong>quse</strong></span> <span class='ocrx_word' id='word_1_126' title='bbox 939 2040 1048 2128; x_wconf 78' lang='lat' dir='ltr'><strong>patriae</strong></span> <span class='ocrx_word' id='word_1_127' title='bbox 1057 2038 1274 2123; x_wconf 86' lang='lat' dir='ltr'><strong>debebantur,</strong></span> <span class='ocrx_word' id='word_1_128' title='bbox 1283 2064 1346 2106; x_wconf 85' lang='lat' dir='ltr'><strong>rem</strong></span> 
     </span>
     <span class='ocr_line' id='line_1_18' title="bbox 285 2138 1347 2231; baseline -0.001 -25"><span class='ocrx_word' id='word_1_129' title='bbox 285 2164 360 2206; x_wconf 70' lang='lat' dir='ltr'><strong>ame</strong></span> <span class='ocrx_word' id='word_1_130' title='bbox 374 2164 441 2205; x_wconf 89' lang='lat' dir='ltr'><strong>non</strong></span> <span class='ocrx_word' id='word_1_131' title='bbox 456 2140 605 2220; x_wconf 85' lang='lat' dir='ltr'><strong>arduam,</strong></span> <span class='ocrx_word' id='word_1_132' title='bbox 624 2160 684 2202; x_wconf 88' lang='lat' dir='ltr'><strong>nec</strong></span> <span class='ocrx_word' id='word_1_133' title='bbox 699 2138 846 2225; x_wconf 89' lang='lat' dir='ltr'><strong>iniquam</strong></span> <span class='ocrx_word' id='word_1_134' title='bbox 860 2162 878 2203; x_wconf 91' lang='lat' dir='ltr'><strong>a</strong></span> <span class='ocrx_word' id='word_1_135' title='bbox 893 2141 986 2205; x_wconf 85' lang='lat' dir='ltr'><strong>vobis</strong></span> <span class='ocrx_word' id='word_1_136' title='bbox 1003 2158 1084 2231; x_wconf 90' lang='lat' dir='ltr'><strong>puto</strong></span> <span class='ocrx_word' id='word_1_137' title='bbox 1102 2166 1156 2206; x_wconf 90' lang='lat' dir='ltr'><strong>me</strong></span> <span class='ocrx_word' id='word_1_138' title='bbox 1171 2161 1297 2230; x_wconf 91' lang='lat' dir='ltr'><strong>petere,</strong></span> <span class='ocrx_word' id='word_1_139' title='bbox 1314 2159 1347 2206; x_wconf 89' lang='lat' dir='ltr'><strong>ut</strong></span> 
     </span>
     <span class='ocr_line' id='line_1_19' title="bbox 286 2239 1347 2332; baseline 0.008 -31"><span class='ocrx_word' id='word_1_140' title='bbox 286 2276 299 2301; x_wconf 83' lang='lat' dir='ltr'><strong>tt</strong></span> <span class='ocrx_word' id='word_1_141' title='bbox 309 2241 483 2331; x_wconf 90' lang='lat' dir='ltr'><strong>aliqnando</strong></span> <span class='ocrx_word' id='word_1_142' title='bbox 496 2240 617 2304; x_wconf 78' lang='lat' dir='ltr'><strong>belbeis</strong></span> <span class='ocrx_word' id='word_1_143' title='bbox 631 2239 798 2303; x_wconf 87' lang='lat' dir='ltr'><strong>laboribus</strong></span> <span class='ocrx_word' id='word_1_144' title='bbox 809 2262 967 2324; x_wconf 81' lang='lat' dir='ltr'><strong>vacuum,</strong></span> <span class='ocrx_word' id='word_1_145' title='bbox 984 2244 1064 2307; x_wconf 92' lang='lat' dir='ltr'><strong>mihi</strong></span> <span class='ocrx_word' id='word_1_146' title='bbox 1078 2245 1227 2332; x_wconf 87' lang='lat' dir='ltr'><strong>meisque</strong></span> <span class='ocrx_word' id='word_1_147' title='bbox 1243 2246 1347 2311; x_wconf 86' lang='lat' dir='ltr'><strong>sinatis</strong></span> 
     </span>
     <span class='ocr_line' id='line_1_20' title="bbox 286 2340 1348 2431; baseline -0.001 -22"><span class='ocrx_word' id='word_1_148' title='bbox 286 2348 426 2409; x_wconf 76' lang='lat' dir='ltr'><strong>«vivere.</strong></span> <span class='ocrx_word' id='word_1_149' title='bbox 436 2345 551 2431; x_wconf 85' lang='lat' dir='ltr'><strong>Neque</strong></span> <span class='ocrx_word' id='word_1_150' title='bbox 564 2340 797 2429; x_wconf 87' lang='lat' dir='ltr'><strong>rempublicam</strong></span> <span class='ocrx_word' id='word_1_151' title='bbox 808 2345 1040 2431; x_wconf 71' lang='lat' dir='ltr'><strong>praetexueritis</strong></span> <span class='ocrx_word' id='word_1_152' title='bbox 1053 2369 1060 2409; x_wconf 93' lang='lat'><strong>:</strong></span> <span class='ocrx_word' id='word_1_153' title='bbox 1074 2346 1198 2409; x_wconf 89' lang='lat' dir='ltr'><strong>nonita</strong></span> <span class='ocrx_word' id='word_1_154' title='bbox 1211 2347 1348 2410; x_wconf 88' lang='lat' dir='ltr'><strong>oderunt</strong></span> 
     </span>
     <span class='ocr_line' id='line_1_21' title="bbox 285 2442 1347 2538; baseline 0.008 -35"><span class='ocrx_word' id='word_1_155' title='bbox 285 2446 541 2536; x_wconf 68' lang='lat' dir='ltr'><strong>«negliguntque</strong></span> <span class='ocrx_word' id='word_1_156' title='bbox 558 2444 694 2506; x_wconf 87' lang='lat' dir='ltr'><strong>Romam</strong></span> <span class='ocrx_word' id='word_1_157' title='bbox 717 2442 777 2526; x_wconf 90' lang='lat' dir='ltr'><strong>dii,</strong></span> <span class='ocrx_word' id='word_1_158' title='bbox 797 2461 835 2509; x_wconf 90' lang='lat' dir='ltr'><strong>ut</strong></span> <span class='ocrx_word' id='word_1_159' title='bbox 857 2467 924 2509; x_wconf 89' lang='lat' dir='ltr'><strong>non</strong></span> <span class='ocrx_word' id='word_1_160' title='bbox 946 2446 1065 2511; x_wconf 90' lang='lat' dir='ltr'><strong>habeat</strong></span> <span class='ocrx_word' id='word_1_161' title='bbox 1080 2449 1217 2530; x_wconf 89' lang='lat' dir='ltr'><strong>multos,</strong></span> <span class='ocrx_word' id='word_1_162' title='bbox 1234 2449 1347 2538; x_wconf 89' lang='lat' dir='ltr'><strong>quibus</strong></span> 
     </span>
     <span class='ocr_line' id='line_1_22' title="bbox 285 2545 1346 2638; baseline 0.001 -27"><span class='ocrx_word' id='word_1_163' title='bbox 285 2547 422 2612; x_wconf 78' lang='lat' dir='ltr'><strong>«eadem</strong></span> <span class='ocrx_word' id='word_1_164' title='bbox 440 2546 481 2609; x_wconf 91' lang='lat' dir='ltr'><strong>sit</strong></span> <span class='ocrx_word' id='word_1_165' title='bbox 492 2546 604 2635; x_wconf 78' lang='lat' dir='ltr'><strong>peritia</strong></span> <span class='ocrx_word' id='word_1_166' title='bbox 622 2545 668 2610; x_wconf 88' lang='lat' dir='ltr'><strong>rei</strong></span> <span class='ocrx_word' id='word_1_167' title='bbox 685 2546 847 2628; x_wconf 89' lang='lat' dir='ltr'><strong>militaris,</strong></span> <span class='ocrx_word' id='word_1_168' title='bbox 862 2545 1016 2635; x_wconf 90' lang='lat' dir='ltr'><strong>idemque</strong></span> <span class='ocrx_word' id='word_1_169' title='bbox 1032 2549 1066 2612; x_wconf 91' lang='lat' dir='ltr'><strong>in</strong></span> <span class='ocrx_word' id='word_1_170' title='bbox 1083 2545 1222 2638; x_wconf 90' lang='lat' dir='ltr'><strong>patriam</strong></span> <span class='ocrx_word' id='word_1_171' title='bbox 1238 2572 1346 2614; x_wconf 89' lang='lat' dir='ltr'><strong>amor:</strong></span> 
     </span>
     <span class='ocr_line' id='line_1_23' title="bbox 285 2646 1349 2742; baseline 0.009 -38"><span class='ocrx_word' id='word_1_172' title='bbox 285 2679 298 2704; x_wconf 63' lang='grc' dir='ltr'><strong>«ι</strong></span> <span class='ocrx_word' id='word_1_173' title='bbox 308 2668 449 2736; x_wconf 91' lang='lat' dir='ltr'><strong>quorum</strong></span> <span class='ocrx_word' id='word_1_174' title='bbox 463 2668 523 2736; x_wconf 82' lang='lat' dir='ltr'><strong>ego</strong></span> <span class='ocrx_word' id='word_1_175' title='bbox 538 2646 728 2710; x_wconf 88' lang='lat' dir='ltr'><strong>nominibus</strong></span> <span class='ocrx_word' id='word_1_176' title='bbox 741 2647 904 2728; x_wconf 89' lang='lat' dir='ltr'><strong>abstine0,</strong></span> <span class='ocrx_word' id='word_1_177' title='bbox 922 2663 955 2711; x_wconf 87' lang='lat' dir='ltr'><strong>ct</strong></span> <span class='ocrx_word' id='word_1_178' title='bbox 968 2650 1045 2737; x_wconf 89' lang='lat' dir='ltr'><strong>quia</strong></span> <span class='ocrx_word' id='word_1_179' title='bbox 1056 2673 1114 2714; x_wconf 79' lang='lat' dir='ltr'><strong>vos</strong></span> <span class='ocrx_word' id='word_1_180' title='bbox 1131 2674 1198 2715; x_wconf 88' lang='lat' dir='ltr'><strong>non</strong></span> <span class='ocrx_word' id='word_1_181' title='bbox 1213 2667 1349 2742; x_wconf 89' lang='lat' dir='ltr'><strong>possunt</strong></span> 
     </span>
     <span class='ocr_line' id='line_1_24' title="bbox 286 2742 1348 2841; baseline 0.003 -29"><span class='ocrx_word' id='word_1_182' title='bbox 286 2749 431 2831; x_wconf 77' lang='lat' dir='ltr'><strong>-fatlere,</strong></span> <span class='ocrx_word' id='word_1_183' title='bbox 451 2763 483 2811; x_wconf 90' lang='lat' dir='ltr'><strong>et</strong></span> <span class='ocrx_word' id='word_1_184' title='bbox 497 2747 573 2834; x_wconf 92' lang='lat' dir='ltr'><strong>quia</strong></span> <span class='ocrx_word' id='word_1_185' title='bbox 589 2747 666 2811; x_wconf 93' lang='lat' dir='ltr'><strong>nolo</strong></span> <span class='ocrx_word' id='word_1_186' title='bbox 683 2746 770 2811; x_wconf 89' lang='lat' dir='ltr'><strong>dicta</strong></span> <span class='ocrx_word' id='word_1_187' title='bbox 783 2770 855 2811; x_wconf 92' lang='lat' dir='ltr'><strong>mea</strong></span> <span class='ocrx_word' id='word_1_188' title='bbox 873 2749 919 2812; x_wconf 90' lang='lat' dir='ltr'><strong>sic</strong></span> <span class='ocrx_word' id='word_1_189' title='bbox 930 2742 1051 2838; x_wconf 75' lang='lat' dir='ltr'><strong>accipi,</strong></span> <span class='ocrx_word' id='word_1_190' title='bbox 1068 2767 1225 2838; x_wconf 86' lang='lat' dir='ltr'><strong>tanquam</strong></span> <span class='ocrx_word' id='word_1_191' title='bbox 1244 2753 1348 2841; x_wconf 86' lang='lat' dir='ltr'><strong>potins</strong></span> 
     </span>
     <span class='ocr_line' id='line_1_25' title="bbox 285 2847 1348 2941; baseline 0.01 -33"><span class='ocrx_word' id='word_1_192' title='bbox 285 2852 340 2915; x_wconf 64' lang='lat' dir='ltr'><strong>tin</strong></span> <span class='ocrx_word' id='word_1_193' title='bbox 356 2850 488 2940; x_wconf 83' lang='lat' dir='ltr'><strong>gratiam</strong></span> <span class='ocrx_word' id='word_1_194' title='bbox 506 2847 727 2938; x_wconf 86' lang='lat' dir='ltr'><strong>singulorum,</strong></span> <span class='ocrx_word' id='word_1_195' title='bbox 743 2871 842 2937; x_wconf 90' lang='lat' dir='ltr'><strong>quam</strong></span> <span class='ocrx_word' id='word_1_196' title='bbox 858 2850 902 2914; x_wconf 93' lang='lat' dir='ltr'><strong>ob</strong></span> <span class='ocrx_word' id='word_1_197' title='bbox 917 2852 1089 2916; x_wconf 88' lang='lat' dir='ltr'><strong>utilitatem</strong></span> <span class='ocrx_word' id='word_1_198' title='bbox 1104 2854 1286 2941; x_wconf 84' lang='lat' dir='ltr'><strong>publicam,</strong></span> <span class='ocrx_word' id='word_1_199' title='bbox 1303 2877 1348 2918; x_wconf 83' lang='lat' dir='ltr'><strong>es·</strong></span> 
     </span>
     <span class='ocr_line' id='line_1_26' title="bbox 285 2953 585 3038; baseline -0.017 -20"><span class='ocrx_word' id='word_1_200' title='bbox 285 2985 298 3010; x_wconf 70' lang='grc' dir='ltr'><strong>α</strong></span> <span class='ocrx_word' id='word_1_201' title='bbox 308 2975 375 3018; x_wconf 88' lang='lat' dir='ltr'><strong>sem</strong></span> <span class='ocrx_word' id='word_1_202' title='bbox 391 2953 585 3038; x_wconf 79' lang='lat' dir='ltr'><strong>loquutus.»</strong></span> 
     </span>
    </p>

    <p class='ocr_par' dir='ltr' id='par_1_4' title="bbox 218 3053 1350 3952">
     <span class='ocr_line' id='line_1_27' title="bbox 329 3053 1347 3140; baseline -0.001 -21"><span class='ocrx_word' id='word_1_203' title='bbox 329 3057 400 3120; x_wconf 83' lang='lat' dir='ltr'><strong>XV.</strong></span> <span class='ocrx_word' id='word_1_204' title='bbox 414 3055 521 3118; x_wconf 86' lang='lat' dir='ltr'><strong>&#39;Iacen</strong></span> <span class='ocrx_word' id='word_1_205' title='bbox 527 3069 590 3116; x_wconf 87' lang='lat' dir='ltr'><strong>tem</strong></span> <span class='ocrx_word' id='word_1_206' title='bbox 605 3069 679 3140; x_wconf 92' lang='lat' dir='ltr'><strong>post</strong></span> <span class='ocrx_word' id='word_1_207' title='bbox 695 3053 756 3116; x_wconf 87' lang='lat' dir='ltr'><strong>ista</strong></span> <span class='ocrx_word' id='word_1_208' title='bbox 768 3053 962 3140; x_wconf 89' lang='lat' dir='ltr'><strong>Pompeium</strong></span> <span class='ocrx_word' id='word_1_209' title='bbox 975 3058 1013 3119; x_wconf 86' lang='grc' dir='ltr'><strong>Α.</strong></span> <span class='ocrx_word' id='word_1_210' title='bbox 1024 3055 1182 3120; x_wconf 90' lang='lat' dir='ltr'><strong>Gabinius</strong></span> <span class='ocrx_word' id='word_1_211' title='bbox 1199 3058 1347 3121; x_wconf 79' lang='lat' dir='ltr'><strong>tribunus</strong></span> 
     </span>
     <span class='ocr_line' id='line_1_28' title="bbox 284 3153 1349 3245; baseline 0.001 -26"><span class='ocrx_word' id='word_1_212' title='bbox 284 3157 387 3245; x_wconf 84' lang='lat' dir='ltr'><strong>plebis</strong></span> <span class='ocrx_word' id='word_1_213' title='bbox 404 3154 450 3218; x_wconf 88' lang='lat' dir='ltr'><strong>sic</strong></span> <span class='ocrx_word' id='word_1_214' title='bbox 462 3153 586 3240; x_wconf 84' lang='lat' dir='ltr'><strong>excepit</strong></span> <span class='ocrx_word' id='word_1_215' title='bbox 601 3177 608 3217; x_wconf 91' lang='lat'><strong>:</strong></span> <span class='ocrx_word' id='word_1_216' title='bbox 624 3154 728 3216; x_wconf 80' lang='lat' dir='ltr'><strong>«Rem</strong></span> <span class='ocrx_word' id='word_1_217' title='bbox 747 3153 842 3241; x_wconf 89' lang='lat' dir='ltr'><strong>plane</strong></span> <span class='ocrx_word' id='word_1_218' title='bbox 860 3153 990 3242; x_wconf 89' lang='lat' dir='ltr'><strong>dignam</strong></span> <span class='ocrx_word' id='word_1_219' title='bbox 1008 3156 1154 3220; x_wconf 91' lang='lat' dir='ltr'><strong>moribus</strong></span> <span class='ocrx_word' id='word_1_220' title='bbox 1171 3159 1240 3222; x_wconf 89' lang='lat' dir='ltr'><strong>suis</strong></span> <span class='ocrx_word' id='word_1_221' title='bbox 1256 3160 1349 3223; x_wconf 90' lang='lat' dir='ltr'><strong>Pom·</strong></span> 
     </span>
     <span class='ocr_line' id='line_1_29' title="bbox 285 3253 1347 3345; baseline 0.008 -31"><span class='ocrx_word' id='word_1_222' title='bbox 285 3289 298 3314; x_wconf 69' lang='grc' dir='ltr'>ι</span> <span class='ocrx_word' id='word_1_223' title='bbox 308 3258 400 3345; x_wconf 87' lang='lat' dir='ltr'><strong>peius</strong></span> <span class='ocrx_word' id='word_1_224' title='bbox 410 3255 500 3334; x_wconf 84' lang='lat' dir='ltr'><strong>facit,</strong></span> <span class='ocrx_word' id='word_1_225' title='bbox 511 3254 700 3342; x_wconf 89' lang='lat' dir='ltr'><strong>imperium,</strong></span> <span class='ocrx_word' id='word_1_226' title='bbox 714 3253 805 3341; x_wconf 91' lang='lat' dir='ltr'><strong>quod</strong></span> <span class='ocrx_word' id='word_1_227' title='bbox 819 3254 967 3334; x_wconf 80' lang='lat' dir='ltr'><strong>offertur,</strong></span> <span class='ocrx_word' id='word_1_228' title='bbox 980 3258 1170 3323; x_wconf 85' lang='lat' dir='ltr'><strong>recusando.</strong></span> <span class='ocrx_word' id='word_1_229' title='bbox 1182 3259 1254 3325; x_wconf 88' lang='lat' dir='ltr'><strong>Nec</strong></span> <span class='ocrx_word' id='word_1_230' title='bbox 1266 3261 1347 3324; x_wconf 87' lang='lat' dir='ltr'><strong>enim</strong></span> 
     </span>
     <span class='ocr_line' id='line_1_30' title="bbox 218 3355 1347 3446; baseline 0.001 -26"><span class='ocrx_word' id='word_1_231' title='bbox 218 3395 221 3404; x_wconf 93' lang='lat'>·</span> <span class='ocrx_word' id='word_1_232' title='bbox 285 3357 386 3421; x_wconf 64' lang='lat' dir='ltr'><strong>iboni</strong></span> <span class='ocrx_word' id='word_1_233' title='bbox 409 3355 467 3418; x_wconf 82' lang='lat' dir='ltr'><strong>viri</strong></span> <span class='ocrx_word' id='word_1_234' title='bbox 491 3371 555 3434; x_wconf 87' lang='lat' dir='ltr'><strong>est,</strong></span> <span class='ocrx_word' id='word_1_235' title='bbox 580 3377 694 3418; x_wconf 90' lang='lat' dir='ltr'><strong>omnes</strong></span> <span class='ocrx_word' id='word_1_236' title='bbox 720 3355 904 3442; x_wconf 87' lang='lat' dir='ltr'><strong>promiscue</strong></span> <span class='ocrx_word' id='word_1_237' title='bbox 927 3357 1070 3421; x_wconf 90' lang='lat' dir='ltr'><strong>honores</strong></span> <span class='ocrx_word' id='word_1_238' title='bbox 1093 3375 1267 3446; x_wconf 82' lang='lat' dir='ltr'><strong>appetere3</strong></span> <span class='ocrx_word' id='word_1_239' title='bbox 1290 3381 1347 3422; x_wconf 82' lang='lat' dir='ltr'><strong>nuc</strong></span> 
     </span>
     <span class='ocr_line' id='line_1_31' title="bbox 284 3455 1349 3549; baseline 0.005 -34"><span class='ocrx_word' id='word_1_240' title='bbox 284 3456 491 3547; x_wconf 71' lang='lat' dir='ltr'><strong>«prudentis,</strong></span> <span class='ocrx_word' id='word_1_241' title='bbox 506 3457 566 3519; x_wconf 89' lang='lat' dir='ltr'><strong>nisi</strong></span> <span class='ocrx_word' id='word_1_242' title='bbox 581 3479 615 3518; x_wconf 90' lang='lat' dir='ltr'><strong>re</strong></span> <span class='ocrx_word' id='word_1_243' title='bbox 627 3455 730 3543; x_wconf 90' lang='lat' dir='ltr'><strong>probe</strong></span> <span class='ocrx_word' id='word_1_244' title='bbox 742 3455 957 3538; x_wconf 88' lang='lat' dir='ltr'><strong>considerata,</strong></span> <span class='ocrx_word' id='word_1_245' title='bbox 972 3473 1068 3521; x_wconf 85' lang='lat' dir='ltr'><strong>tantae</strong></span> <span class='ocrx_word' id='word_1_246' title='bbox 1079 3460 1172 3523; x_wconf 90' lang='lat' dir='ltr'><strong>molis</strong></span> <span class='ocrx_word' id='word_1_247' title='bbox 1188 3463 1349 3549; x_wconf 84' lang='lat' dir='ltr'><strong>suscipere</strong></span> 
     </span>
     <span class='ocr_line' id='line_1_32' title="bbox 283 3557 1348 3648; baseline 0.008 -32"><span class='ocrx_word' id='word_1_248' title='bbox 283 3559 485 3648; x_wconf 71' lang='lat' dir='ltr'><strong>«negotium.</strong></span> <span class='ocrx_word' id='word_1_249' title='bbox 506 3558 609 3646; x_wconf 88' lang='lat' dir='ltr'><strong>Igitur</strong></span> <span class='ocrx_word' id='word_1_250' title='bbox 629 3557 719 3620; x_wconf 90' lang='lat' dir='ltr'><strong>hunc</strong></span> <span class='ocrx_word' id='word_1_251' title='bbox 736 3579 796 3646; x_wconf 87' lang='lat' dir='ltr'><strong>ego</strong></span> <span class='ocrx_word' id='word_1_252' title='bbox 814 3558 946 3644; x_wconf 88' lang='lat' dir='ltr'><strong>quidem</strong></span> <span class='ocrx_word' id='word_1_253' title='bbox 970 3560 1105 3623; x_wconf 86' lang='lat' dir='ltr'><strong>minime</strong></span> <span class='ocrx_word' id='word_1_254' title='bbox 1124 3560 1348 3648; x_wconf 80' lang='lat' dir='ltr'><strong>reprehendo,</strong></span> 
     </span>
     <span class='ocr_line' id='line_1_33' title="bbox 284 3658 1350 3748; baseline -0.003 -23"><span class='ocrx_word' id='word_1_255' title='bbox 284 3661 471 3746; x_wconf 74' lang='lat' dir='ltr'><strong>«Quirites3</strong></span> <span class='ocrx_word' id='word_1_256' title='bbox 493 3681 551 3722; x_wconf 85' lang='lat' dir='ltr'><strong>vos</strong></span> <span class='ocrx_word' id='word_1_257' title='bbox 567 3658 697 3738; x_wconf 85' lang='lat' dir='ltr'><strong>hortor,</strong></span> <span class='ocrx_word' id='word_1_258' title='bbox 717 3675 755 3721; x_wconf 90' lang='lat' dir='ltr'><strong>ut</strong></span> <span class='ocrx_word' id='word_1_259' title='bbox 772 3660 879 3746; x_wconf 89' lang='lat' dir='ltr'><strong>potius</strong></span> <span class='ocrx_word' id='word_1_260' title='bbox 903 3659 945 3722; x_wconf 85' lang='lat' dir='ltr'><strong>ad</strong></span> <span class='ocrx_word' id='word_1_261' title='bbox 963 3683 1015 3741; x_wconf 89' lang='lat' dir='ltr'><strong>ea,</strong></span> <span class='ocrx_word' id='word_1_262' title='bbox 1031 3681 1104 3747; x_wconf 81' lang='lat' dir='ltr'><strong>quoe</strong></span> <span class='ocrx_word' id='word_1_263' title='bbox 1125 3661 1259 3748; x_wconf 90' lang='lat' dir='ltr'><strong>publice</strong></span> <span class='ocrx_word' id='word_1_264' title='bbox 1275 3675 1350 3726; x_wconf 91' lang='lat' dir='ltr'><strong>sunt</strong></span> 
     </span>
     <span class='ocr_line' id='line_1_34' title="bbox 284 3760 1350 3850; baseline -0.005 -21"><span class='ocrx_word' id='word_1_265' title='bbox 284 3764 413 3844; x_wconf 79' lang='lat' dir='ltr'><strong>«utilia,</strong></span> <span class='ocrx_word' id='word_1_266' title='bbox 428 3783 525 3850; x_wconf 91' lang='lat' dir='ltr'><strong>quam</strong></span> <span class='ocrx_word' id='word_1_267' title='bbox 548 3783 619 3847; x_wconf 85' lang='lat' dir='ltr'><strong>quae</strong></span> <span class='ocrx_word' id='word_1_268' title='bbox 634 3760 773 3847; x_wconf 83' lang='lat' dir='ltr'><strong>gratiora</strong></span> <span class='ocrx_word' id='word_1_269' title='bbox 785 3761 941 3848; x_wconf 89' lang='lat' dir='ltr'><strong>Pompeio</strong></span> <span class='ocrx_word' id='word_1_270' title='bbox 955 3778 1048 3843; x_wconf 89' lang='lat' dir='ltr'><strong>sunt,</strong></span> <span class='ocrx_word' id='word_1_271' title='bbox 1065 3763 1255 3850; x_wconf 83' lang='lat' dir='ltr'><strong>respiciatis.</strong></span> <span class='ocrx_word' id='word_1_272' title='bbox 1270 3765 1350 3830; x_wconf 85' lang='lat' dir='ltr'><strong>Sanc</strong></span> 
     </span>
     <span class='ocr_line' id='line_1_35' title="bbox 285 3860 1348 3952; baseline 0.003 -29"><span class='ocrx_word' id='word_1_273' title='bbox 285 3865 442 3930; x_wconf 63' lang='lat' dir='ltr'><strong>tindulsit</strong></span> <span class='ocrx_word' id='word_1_274' title='bbox 460 3862 517 3926; x_wconf 84' lang='lat' dir='ltr'><strong>tibi</strong></span> <span class='ocrx_word' id='word_1_275' title='bbox 533 3860 654 3949; x_wconf 84' lang='lat' dir='ltr'><strong>patria,</strong></span> <span class='ocrx_word' id='word_1_276' title='bbox 673 3861 735 3924; x_wconf 91' lang='lat' dir='ltr'><strong>Cn.</strong></span> <span class='ocrx_word' id='word_1_277' title='bbox 753 3863 907 3950; x_wconf 84' lang='lat' dir='ltr'><strong>Pompei,</strong></span> <span class='ocrx_word' id='word_1_278' title='bbox 928 3881 966 3928; x_wconf 90' lang='lat' dir='ltr'><strong>ut</strong></span> <span class='ocrx_word' id='word_1_279' title='bbox 985 3864 1135 3929; x_wconf 81' lang='lat' dir='ltr'><strong>confecto</strong></span> <span class='ocrx_word' id='word_1_280' title='bbox 1149 3865 1348 3952; x_wconf 86' lang='lat' dir='ltr'><strong>hispaniensi</strong></span> 
     </span>
    </p>
   </div>
   <div class='ocr_carea' id='block_1_3' title="bbox 318 4083 908 4154">
    <p class='ocr_par' dir='ltr' id='par_1_5' title="bbox 318 4083 908 4154">
     <span class='ocr_line' id='line_1_36' title="bbox 318 4083 908 4154; baseline -0.014 -17"><span class='ocrx_word' id='word_1_281' title='bbox 318 4089 334 4154; x_wconf 71' lang='grc'>5</span> <span class='ocrx_word' id='word_1_282' title='bbox 347 4089 414 4136; x_wconf 81' lang='lat' dir='ltr'><strong>xtv.</strong></span> <span class='ocrx_word' id='word_1_283' title='bbox 426 4085 489 4132; x_wconf 82' lang='lat' dir='ltr'><strong>le.</strong></span> <span class='ocrx_word' id='word_1_284' title='bbox 502 4085 541 4137; x_wconf 84' lang='grc' dir='ltr'><strong>Π,</strong></span> <span class='ocrx_word' id='word_1_285' title='bbox 563 4085 602 4132; x_wconf 83' lang='lat'><strong>3¹.</strong></span> <span class='ocrx_word' id='word_1_286' title='bbox 615 4111 647 4120; x_wconf 89' lang='lat'>-</span> <span class='ocrx_word' id='word_1_287' title='bbox 658 4083 719 4140; x_wconf 87' lang='lat' dir='ltr'><strong>Dio,</strong></span> <span class='ocrx_word' id='word_1_288' title='bbox 734 4083 777 4131; x_wconf 91' lang='lat' dir='ltr'><strong>lib.</strong></span> <span class='ocrx_word' id='word_1_289' title='bbox 788 4085 908 4131; x_wconf 71' lang='lat' dir='ltr'><strong>XXXVI.</strong></span> 
     </span>
    </p>
   </div>
   <div class='ocr_carea' id='block_1_4' title="bbox 0 0 1442 4900">
    <p class='ocr_par' dir='ltr' id='par_1_6' title="bbox 0 0 1442 4900">
     <span class='ocr_line' id='line_1_37' title="bbox 0 0 1442 4900; baseline 0 0"><span class='ocrx_word' id='word_1_290' title='bbox 0 0 1442 4900; x_wconf 95' lang='lat' dir='ltr'><strong> </strong></span> 
     </span>
    </p>
   </div>
  </div>
 </body>
</html>
