2875 4900
286 395 356 467 622
464 398 534 464 JO.
562 398 906 479 FREINSHEMII
940 399 1183 467 SUPPLEM.

288 518 491 581 tusconsulto
509 516 549 581 de
562 518 733 606 provinciis
752 518 857 607 legem
874 520 989 600 ferret,
1005 542 1070 583 non
1085 535 1159 584 ante
1176 522 1344 609 qusitttauu

284 632 373 704 gesto
391 620 578 707 magistratu
590 640 713 683 cunum
728 622 877 708 respuam
893 618 1102 683 decernendis.

331 719 478 784 XLVIII.
496 720 671 808 Scripserat
683 735 716 783 et
729 719 771 784 de
784 719 922 783 comitiis
936 719 1059 809 legem,
1072 742 1113 783 rte
1124 720 1216 809 cry'ru
1225 720 1345 783 &serus

287 821 369 885 ratio
384 822 416 883 in
428 820 565 909 petendo
580 822 770 906 neugt'stratu
782 818 949 884 iuberetur
956 844 969 899 ,·
982 819 1041 887 sed
1054 844 1157 909 quum
1170 844 1208 885 ca
1222 844 1271 885 res
1281 823 1345 885 ausi·

287 944 342 987 cos
358 922 491 986 Caesaris
508 919 642 985 mirifice
656 919 857 1003 offenderet,
873 921 1015 1004 addidit,
1021 939 1240 1013 praeterquam
1251 927 1279 987 si
1287 924 1345 1011 quis

286 1025 475 1087 nummatim
493 1032 641 1109 exceptus
659 1034 745 1086 esset.
762 1022 884 1111 Igitur,
899 1038 938 1086 ut
952 1022 990 1086 fit
1004 1040 1158 1112 corrupta
1172 1014 1343 1112 republica,

287 1124 413 1214 legibus
435 1122 567 1186 invalidi
601 1138 728 1185 tantum
761 1123 1020 1205 coemebantur3
1051 1124 1239 1211 potentium
1267 1124 1345 1212 cupi·

288 1225 403 1290 ditates
420 1224 516 1287 nullis
539 1223 698 1287 adstrictae
719 1224 858 1288 vinculis
873 1240 965 1289 eraut
982 1248 991 1289 ι
1011 1242 1044 1289 et
1064 1225 1261 1313 Pompeius,
1283 1249 1344 1313 que

288 1324 437 1412 optabat,
457 1323 620 1405 sumebat;
637 1338 670 1387 et
687 1346 795 1411 acque
818 1326 923 1389 Caesar
942 1325 1053 1389 deerat
1074 1325 1152 1408 sibi,
1177 1328 1343 1413 quominus

287 1448 389 1513 opum
405 1447 538 1488 suarum
556 1423 721 1490 securitati
734 1424 941 1514 prospiceret.
959 1426 1025 1507 Qui
1040 1450 1145 1515 nuper
1155 1444 1250 1491 erant
1261 1428 1345 1491 Pom·

286 1527 350 1615 peii
363 1526 489 1616 legibus
501 1525 662 1607 damnati,
682 1547 786 1612 quum
805 1528 950 1592 exsulare
965 1544 1180 1617 cogerentur,
1199 1528 1241 1593 ad
1256 1530 1344 1592 cesa-

286 1620 355 1692 rein
371 1620 606 1717 confugerant3
619 1627 794 1715 ipsumque
809 1626 877 1715 peti
889 1625 1004 1691 ilsdem
1017 1629 1079 1692 illis
1093 1628 1239 1693 cassibus
1254 1628 1344 1692 incttl·

286 1730 412 1794 cabant.

329 1831 447 1895 XLIX.
476 1831 599 1910 Caesar,
627 1830 675 1892 uti
707 1829 852 1911 solebat,
880 1830 1010 1894 illorum
1035 1831 1206 1895 voluntate
1233 1830 1343 1919 magnis

286 1932 456 2022 congiariis
473 1946 654 2011 auctorata,
673 1930 714 1994 de
731 1931 888 2019 Pompeio
902 1931 1034 2019 quidem
1049 1931 1231 1997 honorifice
1246 1933 1344 2020 loque·

286 2036 400 2116 batur3
417 2049 572 2097 caeterum
586 2053 645 2119 per
660 2032 780 2095 amicos
798 2054 875 2095 cum
891 2032 1031 2095 tribunis
1048 2032 1151 2120 plebis
1169 2035 1301 2123 agebat,
1316 2045 1346 2093 ut

286 2136 406 2199 absenti
419 2134 480 2197 sibi
486 2144 591 2221 petere
606 2130 806 2197 consulatum
821 2132 935 2198 liceret.
950 2134 988 2196 In
1008 2156 1045 2197 ea
1061 2149 1129 2197 tota
1144 2156 1244 2198 causa
1260 2134 1343 2197 talem

286 2260 320 2302 se
345 2236 520 2323 Pompeius
546 2227 693 2323 gerebat,
719 2248 757 2295 ut
779 2232 929 2296 simulare
958 2233 1059 2323 magis
1079 2234 1254 2299 amicitiam
1279 2255 1343 2298 cum

286 2341 426 2418 cesare,
450 2358 547 2423 quam
564 2350 713 2423 praestare
733 2332 908 2398 videretur.
931 2334 1015 2399 Nam
1038 2335 1072 2398 iu
1093 2351 1230 2417 senatu,
1252 2354 1342 2423 quum

286 2440 330 2505 M.
355 2430 453 2515 Cato,
478 2452 655 2526 perpetuus
678 2435 787 2525 legum
805 2434 974 2518 defensor,
996 2436 1107 2500 venite
1130 2436 1290 2501 Caesarem
1310 2432 1344 2497 ad

285 2538 414 2603 comitia
436 2537 583 2618 juberet,
611 2536 728 2599 restitit
756 2535 930 2623 aliquando
957 2536 1152 2625 Pompeius,
1176 2538 1343 2625 amicisque

286 2641 434 2721 Caesaris,
452 2637 568 2702 exImia
583 2637 643 2701 viri
660 2638 774 2701 menta
789 2637 905 2727 re‘spici
920 2638 1107 2721 orantibus,
1125 2639 1274 2702 assensit.
1289 2634 1344 2702 sed

284 2743 388 2808 acrius
406 2741 547 2804 instante
564 2742 704 2820 Catone,
721 2753 877 2826 tanquam
895 2738 1092 2829 argumentis
1105 2739 1231 2822 victus,
1248 2737 1343 2802 conti·

284 2844 360 2908 cuit.
382 2840 535 2905 Othnuit
557 2855 664 2902 tamen
689 2841 811 2920 Caesar,
832 2839 922 2927 quod
944 2841 1093 2928 petierat3
1118 2841 1205 2904 inter
1220 2856 1342 2904 caeteros

285 2945 441 3009 Cicerone
460 2939 648 3022 adjuvante,
664 2942 722 3028 qui
738 2941 783 3004 M.
799 2941 936 3004 Coelium
956 2942 984 3006 ei
1001 2939 1161 3023 adjunxit,
1178 2942 1342 3006 tribunum

283 3045 400 3136 plebis,
418 3043 512 3107 etiarn
526 3063 543 3104 a
559 3041 717 3130 Pompeio
734 3058 878 3130 rogatus.
1046 3039 1051 3048 '⁴

327 3147 362 3211 L.
382 3146 485 3234 Igitur
503 3165 539 3206 ea
562 3143 602 3207 de
622 3165 656 3207 re
680 3141 721 3206 ad
743 3143 902 3232 populum
921 3167 939 3205 a
958 3142 1070 3207 decem
1090 3143 1233 3207 tribunis
1249 3142 1341 3232 plebis

282 3245 486 3312 concorditer
507 3245 608 3308 latum
629 3259 686 3308 est.
709 3245 821 3326 Quum
841 3245 886 3307 ita
908 3244 1078 3308 crebritate
1094 3243 1295 3326 judiciorum
1315 3257 1342 3305 et

282 3349 373 3414 novis
398 3347 524 3436 legibus
546 3347 655 3410 omnia
676 3361 875 3432 streperent,
902 3345 943 3426 Q.
965 3345 1072 3434 Scipio
1095 3347 1211 3410 consul
1235 3367 1342 3411 censo·

282 3451 363 3514 riam
392 3463 603 3536 potestatem,
628 3447 781 3536 abrogata
807 3446 921 3510 Clodia
947 3448 1038 3535 lege,
1070 3447 1229 3530 restituit;
1261 3443 1341 3510 baud

281 3573 397 3640 magna
413 3551 550 3614 utilitate
565 3548 709 3612 uisitatis.
726 3548 811 3628 Quia
827 3549 913 3610 enim
928 3548 1083 3635 proximis
1097 3548 1207 3629 aunis,
1225 3547 1342 3612 sublata

280 3649 557 3718 animadversione
571 3647 733 3728 censoria,
751 3647 845 3710 multi
860 3664 893 3712 et
905 3647 938 3710 iu
954 3649 1133 3728 senatorio,
1151 3666 1184 3712 et
1201 3651 1233 3712 in
1251 3669 1342 3736 eque·

281 3755 339 3819 stri
355 3747 474 3818 ¹ordine
493 3749 648 3813 maculosi
666 3749 816 3813 homiues
838 3764 1042 3829 manserant,
1071 3771 1153 3836 quos
1175 3749 1273 3813 simul
1292 3769 1341 3836 ag·

313 3981 329 4044 §
343 3981 457 4028 XLVIII.
472 3953 573 4026 Sueten.
584 3979 610 4025 in
622 3977 681 4027 Caes.
695 3995 749 4042 cap.
760 3995 791 4039 27
809 3989 833 4027 et
847 3981 889 4027 28.
899 4006 933 4017 —
942 3980 1000 4029 Dio.
1013 4008 1047 4016 -
1060 3981 1168 4045 Appisn.
1180 3979 1239 4046 -S
1253 3979 1338 4026 xlix.

278 4067 385 4130 AppIan.
398 4090 434 4100 -
445 4062 569 4111 Plutarob.
587 4089 621 4099 -
637 4063 689 4110 Ltv.
706 4061 773 4127 Epis.
791 4091 826 4100 -
843 4065 945 4120 Sueten.
962 4065 987 4110 in
1005 4066 1066 4112 Caes.
1077 4082 1129 4128 cap.
1140 4067 1183 4113 28.
1199 4092 1232 4102 -
1246 4064 1297 4112 cic.
1309 4059 1337 4106 ad

278 4145 425 4206 satiata,
443 4163 452 4194 1
467 4157 491 4193 ct
507 4149 531 4194 3.
