2875 4900
276 382 346 469 340
450 384 522 450 ro.
549 377 896 452 rutrusnsuu
926 341 1168 452 surrtru.

274 521 390 599 praeter
409 505 503 570 solita
515 503 732 568 defendendis
751 504 907 587 urbibus,
921 506 1014 594 ignes
1029 505 1138 590 omnia
1153 501 1333 566 comburen-

276 628 341 690 tes,
358 630 420 671 nec
436 606 595 694 restingui
609 605 738 688 faciles,
754 605 1006 687 ejaculubantur.
1153 678 1156 688 Ι

320 710 476 776 XXXIX.
494 698 658 796 Naphtam
674 723 793 772 vocant
809 707 981 772 bituminis
995 727 1116 796 genus,
1133 703 1213 768 adeo
1228 723 1335 790 cogna-

205 853 208 860 ·
274 831 348 879 tum
363 809 511 902 ignibus,
526 825 566 872 ut
579 809 709 873 eminus
723 810 827 897 rapiat
842 807 1008 890 flammas,
1024 824 1057 872 et
1072 822 1237 871 momento
1248 805 1295 870 rel
1306 803 1335 866 in

274 915 373 1005 longa
396 912 497 1000 spatia
519 909 678 973 diffusum
700 909 907 976 inardescat:
929 910 1042 974 similis
1063 924 1179 972 natura
1200 903 1336 982 malthae,

276 1014 370 1096 cujus
395 1014 429 1074 in
458 1013 694 1098 Commagenes
717 1011 801 1076 urbe
821 1010 996 1076 Samosatis
1020 1027 1174 1098 stagnum
1196 1023 1262 1090 est;
1282 1027 1337 1092 qua

277 1117 398 1195 ctiam,
425 1127 639 1202 oppugnante
665 1111 804 1177 Lucullo
829 1135 963 1194 muros,
990 1111 1175 1176 defendisse
1197 1105 1338 1198 oppidani

201 1285 204 1296 ,
275 1215 460 1281 traduntur.
479 1211 622 1300 Urgebat
637 1227 748 1276 minen
768 1213 937 1302 inceptum
953 1213 1125 1296 Lucullus,
1144 1210 1232 1276 haud
1251 1209 1337 1275 dubi·

276 1322 380 1398 tans,
394 1337 629 1381 succursurum
656 1314 687 1378 ei
709 1315 786 1378 urbi
809 1316 1002 1405 Tigranem,
1026 1337 1126 1402 quam
1150 1327 1243 1378 unta
1263 1331 1338 1374 cura:

277 1437 405 1502 semper
421 1413 610 1498 habuisset,
626 1429 743 1502 totque
755 1437 793 1480 ac
805 1416 905 1480 tantis
918 1416 1122 1480 nobilitasset
1136 1412 1336 1480 ornamentis:

277 1537 420 1603 namque
442 1516 622 1604 Tigranes,
644 1532 684 1580 nt
701 1516 787 1580 hanc
808 1517 958 1581 omnium
980 1517 1124 1582 efficeret
1145 1513 1338 1605 cpidentissi·

277 1639 384 1698 mm,
402 1616 594 1705 proceribus
608 1619 698 1700 suis,
713 1634 754 1682 ut
770 1618 817 1682 ibi
830 1619 990 1685 haberent
1001 1619 1181 1702 domicilia,
1194 1637 1338 1708 praecepe-

276 1735 347 1800 rat,
371 1719 493 1782 mulcta
518 1741 651 1806 quoque
674 1720 846 1808 imposita,
870 1735 926 1802 ut,
950 1722 1113 1810 quidquid
1138 1721 1337 1811 pretiosarum

277 1843 390 1884 rerum
406 1821 441 1884 iu
458 1842 529 1884 eam
545 1821 663 1884 urbem
682 1844 751 1885 non
770 1823 1030 1906 transtulissent,
1048 1823 1277 1911 publicaretur.

319 1923 387 1987 XL.
404 1925 478 1988 Huc
491 1923 612 1986 coactis
629 1922 837 2004 Graecorum,
847 1922 1094 1988 Adiabenorum
1106 1973 1116 2006 ,
1129 1925 1338 2014 Assyriorum,

279 2023 552 2112 Gordyenorum,
570 2046 656 2112 eque
671 2023 875 2113 Cappadocia
886 2041 919 2090 et
935 2026 1046 2090 Cilicia
1062 2027 1176 2090 multis
1195 2022 1338 2098 millibus,

279 2147 423 2211 quorum
438 2124 557 2213 patrias
576 2146 645 2188 nou
664 2124 760 2189 aliam
777 2127 879 2190 ferme
890 2127 934 2190 cb
947 2149 1078 2192 causam
1093 2127 1266 2207 exciderat,
1279 2145 1339 2188 mu·

277 2249 355 2290 rum
371 2241 539 2290 curaverat
555 2223 821 2290 exaedilicandum
837 2227 1027 2292 cubitorum
1042 2228 1276 2318 quinquaginta
1287 2223 1342 2289 alti·

279 2328 414 2410 tudine,
433 2328 468 2390 in
487 2326 581 2405 cujus
603 2326 731 2390 ambitu
753 2328 879 2392 stabula
901 2351 1064 2415 equorum
1082 2347 1176 2393 erant
1191 2328 1340 2418 disposita.

279 2430 413 2521 Regiam
428 2451 561 2517 quoque
577 2427 758 2516 hortosque
775 2428 809 2492 in
828 2427 1012 2511 suburbiis,
1028 2429 1239 2519 ferarumque
1256 2445 1287 2493 ct
1302 2425 1342 2515 pi·

279 2535 385 2599 scium
401 2532 541 2613 vivaria,
559 2531 704 2617 itemque
721 2553 829 2594 arcem
844 2530 983 2595 validam
998 2530 1089 2611 juxta
1103 2548 1279 2597 struxerat:
1293 2547 1342 2591 ne·

280 2658 346 2723 que
364 2630 570 2699 Mithridates
582 2630 690 2713 aliud,
706 2655 806 2720 quam
821 2630 912 2721 quod
928 2634 962 2697 in
974 2636 1216 2721 exspectatione
1231 2630 1341 2697 Luculli

281 2751 368 2817 crat,
385 2733 571 2799 metuebat:
588 2732 712 2797 crebris
729 2756 807 2823 ergo
823 2736 947 2799 nuntiis
959 2736 1126 2824 literisque
1140 2737 1290 2802 monebat
1301 2731 1343 2796 Ti·

280 2859 436 2927 grauem,
450 2858 491 2899 ne
503 2835 538 2897 iu
551 2833 718 2899 ducamen
737 2857 786 2899 res
803 2835 913 2916 daret;
933 2852 1058 2903 tantum
1073 2840 1253 2927 thteruiuere
1268 2858 1343 2901 com·

280 2954 421 3003 matum
434 2939 586 3000 niteretur
595 2958 608 2999 :
622 2957 723 2999 urtam
739 2936 822 3001 hauc
837 2940 983 3002 victorie
999 2940 1089 3003 viam
1096 2962 1110 3021 ;
1125 2939 1250 3005 collatis
1263 2935 1344 3025 sr'guis

281 3036 522 3129 insuperabilem
532 3038 602 3100 vim
614 3060 783 3103 muranum
793 3062 866 3105 esse.

326 3141 412 3205 XLI.
434 3138 559 3204 Eadem
577 3139 723 3224 Taxiles,
742 3140 809 3206 dux
825 3141 1043 3228 Mithridatis,
1064 3145 1121 3233 qui
1142 3162 1215 3211 turn
1227 3138 1344 3233 'h'grani

281 3242 412 3318 aderat,
435 3241 609 3329 praecipere
632 3264 701 3308 non
727 3242 904 3309 desinebat.
930 3245 1086 3335 Tigranes
1104 3246 1148 3311 ab
1166 3248 1259 3311 initio
1274 3262 1344 3333 pra·

281 3345 381 3409 bebat
393 3366 508 3423 aures:
525 3342 583 3407 sed
595 3361 769 3433 postquam
785 3348 1020 3413 Armeniorum
1037 3348 1345 3437 Gordyenommque

282 3460 393 3511 coacta
405 3444 583 3509 multitudo
597 3446 714 3528 affuit,
734 3448 959 3536 exercitamque
977 3471 1171 3515 numerosos
1183 3448 1345 3513 Medorum

281 3547 591 3635 Adiabenorumque
608 3570 700 3637 reges
718 3548 946 3632 adduxerunt,
964 3566 1118 3639 praeterea
1137 3574 1157 3615 a
1179 3544 1346 3639 Babylonio

282 3650 364 3716 mari
381 3650 548 3731 Arabum,
562 3673 580 3713 a
597 3651 715 3739 Caspio
737 3650 939 3715 Albanorum
956 3667 989 3717 et
1007 3652 1202 3735 lbernrnm,
1222 3666 1346 3739 magnus

283 3774 440 3817 numerus
457 3749 608 3831 advenit,
622 3749 853 3816 accedentibus
870 3776 1004 3840 quoque
1017 3754 1194 3819 liberarum
1211 3752 1346 3843 gentiunt

282 3854 427 3936 auxiliis,
440 3876 513 3941 quae
526 3851 568 3915 ab
581 3853 685 3915 Araxe
698 3850 818 3935 fluvio,
832 3855 949 3943 partim
966 3853 1061 3921 donis
1076 3871 1133 3921 aut
1146 3856 1249 3947 gratia
1261 3864 1345 3917 mctae

317 4065 473 4131 §xm
485 4062 584 4113 Sallust.
596 4062 662 4111 niae
671 4063 717 4119 tv,
734 4064 774 4111 1³.
791 4064 1179 4124 -rltn.11,105.-r1nein
1189 4068 1260 4117 Ales.
1270 4082 1291 4113 c.
1302 4064 1343 4117 542

281 4164 306 4199 et
319 4149 431 4199 Lucullo.
439 4174 474 4185 -
483 4148 592 4212 Appian.
602 4176 636 4185 -
646 4145 663 4211 S
674 4148 726 4195 XL.
737 4146 803 4195 rtur.
814 4174 849 4187 -
862 4149 925 4209 Dic,
938 4149 981 4198 lib.
992 4151 1102 4203 XXXV.
1113 4180 1148 4192 -
1158 4152 1266 4218 Appirn.
