2875 4900
209 401 263 470 IN
295 391 413 469 LOC.
438 400 534 469 LIB.
562 401 736 468 LXXIX
770 401 996 471 LIVIANI.
1085 407 1132 498 49

95 519 180 583 socim
187 535 353 600 steterant,
364 517 564 584 dicebantur.
579 525 621 586 At
634 520 722 608 apud
734 521 814 585 alios
827 524 981 610 populos,
997 525 1135 612 qui‚po-

96 620 148 683 sitis
159 622 263 702 armis,
279 621 401 710 recepti
417 620 450 683 in
468 621 629 684 civitatem
644 621 789 701 fuerant,
803 623 876 709 plus
890 622 999 687 adbuc
1011 623 1131 687 iramm

95 737 156 784 erat.
163 723 302 809 Acceptis
313 743 418 808 nuper
427 719 572 784 cladibus
584 721 733 786 nondum
742 721 784 786 ad
793 722 973 787 cicatricem
983 745 1134 811 pervene-

96 838 132 883 rat
142 823 266 904 vulnus,
283 838 316 884 et
327 845 420 886 novae
436 822 560 902 injuriae
577 845 674 886 sensu
687 823 861 887 violentius
876 824 1133 889 recrudescebat.

129 925 238 989 XXIII.
262 923 427 1012 Praecipue
449 945 591 1011 quorum
616 939 780 1012 postremo
802 926 948 988 tumultu
973 925 1134 990 interfecti

94 1021 187 1088 tratres
205 1025 338 1088 liberive
355 1025 396 1088 ab
415 1025 597 1090 Octavianis
622 1025 768 1106 fuerant,
786 1025 935 1089 vindictae
956 1026 1133 1114 cupiditate

96 1121 257 1214 flagrabant.
271 1127 335 1192 Sed
349 1143 382 1190 et
391 1127 533 1207 exsules,
551 1148 692 1212 quorum
709 1126 883 1213 plerosque
897 1148 964 1189 non
981 1128 1074 1191 aliam
1090 1128 1135 1192 ob

94 1245 201 1290 musam
210 1227 298 1292 Urbe
314 1227 426 1314 pulsos
443 1225 635 1306 credebant,
651 1247 750 1312 quam
765 1226 856 1312 quod
870 1227 977 1290 t‘avere
993 1227 1053 1291 illis
1070 1251 1134 1315 pu·

95 1340 231 1406 urentur,
244 1328 487 1418 quamprimum
501 1326 633 1407 reduci,
645 1326 738 1391 valde
754 1326 979 1390 existimabant
990 1327 1031 1391 ad
1041 1329 1136 1392 ratio-

94 1445 139 1488 nes
153 1449 220 1494 suas
238 1429 412 1517 pertinere.
431 1430 543 1510 Quum
559 1428 614 1491 hic
630 1427 779 1491 omnium
797 1441 911 1492 sensus
929 1445 1029 1509 esset,
1044 1429 1135 1494 haud

93 1523 245 1594 difficulter
258 1531 408 1594 obtinere
421 1529 524 1594 Cinna
541 1529 664 1616 potuit,
678 1544 717 1590 ut
732 1525 817 1591 dicta
829 1551 887 1591 sua
901 1530 1043 1594 faventes
1055 1532 1137 1595 exei-

93 1645 204 1712 perent3
218 1630 375 1718 brevique
396 1643 542 1716 tempore
558 1627 796 1692 formidabilem
817 1628 936 1692 civitati
955 1633 1134 1718 potentiam

93 1733 270 1818 comparavit
284 1753 292 1795 :
308 1753 383 1795 nam
407 1752 514 1816 neque
534 1731 607 1794 Itali
628 1730 770 1818 segniter
791 1730 962 1817 pecuniam
980 1733 1133 1820 virosque

93 1829 277 1912 prebebant,
295 1847 328 1895 et
343 1828 519 1894 affluebant
527 1831 568 1893 ab
579 1830 667 1894 Urbe
681 1829 845 1916 quotidie,
861 1831 981 1916 quibus
993 1857 1133 1920 praesens

93 1932 251 2016 respublica
273 1931 471 2020 displicebat.

127 2030 237 2098 XXIV.
259 2031 389 2098 Idcirco
412 2055 452 2095 ex
476 2031 654 2098 delectibns
673 2057 834 2097 novorum
857 2035 976 2098 civium
1004 2037 1134 2124 trigInta

94 2126 256 2216 legionibus
276 2133 416 2214 effectis,
439 2149 478 2194 ut
499 2135 724 2198 auctoritatem
746 2151 844 2221 atque
861 2137 995 2225 gratiam
1013 2138 1135 2201 viribus

92 2228 218 2315 adderet,
235 2236 272 2298 C.
280 2233 437 2314 Marium,
449 2247 648 2320 ceterosque
661 2235 802 2315 exsules,
816 2234 858 2298 ad
869 2238 1135 2301 communionem

93 2334 283 2400 tonsillarum
295 2353 328 2399 et
336 2335 404 2423 spei
413 2333 566 2398 evocavit.
578 2334 706 2398 Interea
717 2336 777 2399 Cn.
785 2335 953 2417 Octavius,
965 2338 1000 2400 L.
1011 2338 1136 2402 Merula

92 2436 221 2502 consules
241 2436 397 2501 adversus
419 2435 580 2523 provisam
604 2450 827 2523 tempestatem
845 2436 940 2501 fossis
957 2439 1135 2503 moenibus·

92 2554 143 2619 que
156 2536 340 2625 reparandis
362 2536 554 2600 muniebant
571 2536 711 2616 Urbem;
729 2536 893 2599 machinas
914 2538 993 2601 locis
1009 2538 1135 2604 idoneis

92 2632 307 2722 ‹lisponebant3
328 2652 374 2718 et,
396 2636 556 2724 quianon
574 2635 783 2700 abundabant
803 2638 922 2724 copiis,
938 2638 1136 2728 Metelloque

93 2738 186 2819 procul
202 2754 334 2829 agente,
359 2738 455 2827 longa
475 2758 548 2825 spes
570 2736 764 2799 auxiliorum
789 2753 871 2818 erat,
895 2739 1017 2802 circum
1038 2742 1136 2804 urbes

93 2832 207 2923 imperio
218 2852 386 2927 parentes,
396 2853 429 2901 et
439 2838 472 2899 in
482 2836 676 2923 Cisalpinam
687 2836 820 2900 Galliam
834 2838 1037 2919 musitando,
1052 2864 1139 2905 exer·
1208 2899 1216 2919 ,

93 2936 176 3002 dtum
190 2940 437 3005 contrahebant.

134 3040 228 3107 XXV.
254 3040 307 3107 Ad
331 3044 392 3105 Cn.
413 3062 547 3127 quoque
569 3040 764 3127 Pompeium
791 3041 1017 3126 proconsulem
1043 3042 1138 3130 legati

94 3136 213 3223 iterant,
230 3143 289 3230 qui
303 3140 345 3205 ad
361 3140 558 3205 Adriaticum
573 3162 679 3221 mare,
698 3140 756 3203 ubi
772 3139 916 3226 reliquiae
928 3139 1035 3204 adhuc
1048 3142 1137 3207 Itali·

93 3258 205 3325 cornm,
226 3246 273 3309 M.
284 3240 681 3329 Lamponio‚.Ti.Cleptio
696 3240 853 3321 ducibus,
872 3241 1027 3330 agebant,
1045 3266 1137 3307 exer·
1179 3283 1182 3296 ·

94 3340 155 3405 o'tui
171 3366 308 3409 romano
329 3358 471 3431 praeerat.
489 3341 552 3405 Sed
567 3342 639 3422 ille,
663 3342 739 3429 quia
759 3343 931 3406 busuatus
953 3366 1011 3431 spe
1030 3346 1138 3409 conti·

94 3445 197 3509 nnandi
221 3445 411 3511 consulatus
435 3444 558 3525 fuerat,
582 3442 663 3507 nibil
686 3441 728 3507 ad
751 3442 1005 3531 rempublicam,
1022 3445 1079 3509 sed
1097 3444 1138 3511 ad

93 3560 166 3607 tuam
183 3546 353 3611 utilitatem
369 3544 478 3609 omnia
494 3544 628 3609 consilia
643 3546 802 3625 referens,
820 3545 864 3609 ita
877 3567 913 3609 se
931 3545 1088 3623 dubium,
1107 3564 1140 3611 et

93 3640 161 3707 inter
171 3663 327 3735 utrosque
340 3646 512 3734 ancipitem
526 3646 641 3734 gessit,
658 3662 696 3708 ut
713 3646 861 3710 cinnanae
873 3648 1025 3730 factioni,
1042 3670 1139 3735 quam

120 3866 133 3931 5
145 3872 236 3921 11111.
250 3874 283 3921 U.
293 3874 321 3923 C.
335 3873 399 3929 θῶς
413 3874 445 3920 Α.
456 3873 485 3921 C.
498 3874 539 3933 87.
556 3898 590 3907 -
605 3870 668 3919 Plut.
678 3872 705 3919 in
718 3872 782 3925 Mar.
792 3888 846 3937 cap.
859 3874 902 3935 69.
918 3901 953 3910 -
967 3874 1073 3937 Appias.
1085 3872 1139 3919 civ.

94 3947 127 3997 lib
136 3954 154 3999 l.
165 3955 269 4003 -vett
289 3957 331 4011 11,
346 3970 380 4003 ao
393 3964 417 4001 et
431 3971 473 4003 ar.
488 3981 522 3993 —
535 3954 588 4001 Lis.
600 3954 665 4019 Ilplt.
680 3954 744 4019 -S
761 3957 856 4004 mv.
868 3956 968 4004 Sallust.
984 3980 1020 3991 -
1035 3954 1139 4001 Diodor.

95 4032 162 4098 Μῦς.
171 4038 213 4087 lib.
223 4040 360 4088 xxxvrt.
375 4063 409 4075 -·-
422 4038 475 4087 Lir.
488 4037 554 4101 Epit.

198 4134 239 4199 X·
927 4134 949 4214 l
