2875 4900
308 396 375 469 532
481 396 547 463 JO.
574 396 601 462 F
606 392 917 462 REINSHEMII
949 393 1192 461 SUPPLEM.

306 532 435 606 accepta
457 516 640 594 curatione,
658 514 780 601 legatos
797 510 972 601 postulavit
994 511 1198 598 quindecim,
1217 530 1248 577 et
1261 515 1292 577 in
1305 516 1346 579 his
1386 548 1387 553 1

303 619 483 707 principem
500 616 691 679 Ciceronem
709 637 718 677 τ
735 614 854 700 quibus
867 614 985 702 passim
1002 635 1059 699 per
1071 614 1247 700 provincias
1259 615 1348 679 diruis

306 721 368 793 sis,
384 720 418 782 in
437 716 593 789 Siciliam,
611 712 811 794 Sardiniam,
826 730 857 777 et
875 714 1014 777 Africam
1032 714 1099 800 ipse
1113 715 1274 802 navigavit.
1387 710 1388 723 i

349 819 435 883 Llll.
450 816 531 880 Inde
545 838 620 878 cum
633 815 761 877 onustis
776 814 912 878 navibus
924 836 1130 895 reversurus,
1144 814 1227 879 inter
1239 832 1348 880 cuncta·
1388 783 1389 863 l

307 924 430 985 tionem
446 917 719 1007 gubernatorum,
735 916 792 1001 qui
806 930 1028 1003 tempestatem
1044 914 1216 999 timebant,
1228 918 1348 1005 primus,
1389 965 1390 1001 ,

307 1043 485 1087 conscenso
503 1017 649 1106 navigio,
671 1016 796 1079 solvere
811 1016 923 1098 jussit,
943 1016 1142 1080 nobilissima
1163 1040 1241 1083 voce
1263 1019 1348 1099 edita,
1389 1006 1390 1011 ἵ

307 1124 478 1211 «navigare
495 1140 664 1182 necessum
684 1140 770 1199 esse,
789 1118 897 1181 vivere
911 1139 979 1180 non
994 1139 1063 1181 esse
1083 1140 1280 1183 necessum».
1294 1120 1350 1183 Ab·
1390 1149 1391 1183 l

306 1240 396 1288 sente
413 1220 589 1307 Pompeio,
609 1240 713 1305 quum
734 1218 945 1282 nihilominus
963 1217 1099 1282 ferveret
1119 1220 1248 1283 Milonis
1268 1237 1350 1307 atquc

307 1324 411 1389 Clodii
424 1321 609 1400 contentio,
628 1319 804 1405 civitasque
818 1334 850 1382 et
867 1334 996 1383 senatus
1012 1320 1047 1382 in
1061 1334 1168 1406 partes
1181 1320 1349 1384 scinderen·
1391 1333 1392 1371 l

305 1445 378 1506 tur,
393 1425 552 1489 referente
566 1421 602 1483 P.
618 1420 741 1483 Rutilio
755 1422 866 1507 Lupo,
884 1421 939 1507 qui
952 1442 1063 1483 recens
1080 1420 1277 1485 tribunatum
1289 1424 1351 1485 inie-

305 1546 374 1607 rat,
400 1522 621 1611 frequentiore
644 1521 753 1598 curia,
780 1544 877 1607 quam
900 1542 1010 1585 mense
1033 1521 1198 1585 decembri
1216 1524 1275 1587 sub
1295 1524 1350 1587 dies

305 1630 404 1691 festos
417 1624 525 1714 putari
538 1624 714 1710 potuisset,
728 1620 768 1685 de
779 1620 908 1701 judiciis
920 1624 1074 1711 agitatum
1087 1640 1145 1689 est.
1163 1624 1350 1689 Marcellinus

304 1727 418 1793 consul
433 1724 620 1813 designatus
636 1722 829 1786 sententiam
849 1722 946 1806 dixit,
966 1726 1140 1809 utiproetor
1155 1727 1289 1789 tubanus
1302 1728 1351 1813 ipre

304 1832 464 1893 sortiretur
468 1823 595 1914 judiees
600 1848 612 1902 ,·
618 1822 768 1912 judicum
780 1824 940 1887 sortitione
943 1822 1045 1911 sacta
1050 1872 1060 1903 ,
1079 1830 1212 1889 comitia
1224 1828 1352 1890 baberen-
1394 1883 1395 1895 ,

303 1946 367 1995 tur.
388 1928 425 1993 Id
440 1949 543 2015 quum
557 1925 770 2013 probaretur,
784 1926 821 1987 C.
835 1927 934 2005 Cato,
950 1926 987 1989 C.
1003 1926 1146 2006 Cassius,
1161 1929 1299 2007 tribuni,
1311 1950 1352 1990 co-

304 2032 395 2097 mitia
408 2030 498 2118 prius
514 2025 681 2106 habenda,
698 2025 949 2090 contenderunt.
966 2028 1042 2091 Haec
1056 2032 1217 2094 sententia
1230 2032 1314 2109 vicit;
1326 2046 1348 2091 et

304 2132 451 2211 comitia,
471 2152 538 2193 non
560 2128 630 2191 sine
647 2128 794 2191 maximis
811 2128 1057 2209 certaminibus,
1075 2130 1289 2196 obnuntiante
1301 2132 1352 2195 Mi·

303 2236 397 2308 lone,
414 2230 575 2321 perfecta,
592 2225 791 2313 Clodiusque
804 2226 903 2291 aedilis
919 2228 1039 2292 curulis
1053 2229 1158 2294 factus
1178 2248 1236 2297 est.

348 2335 429 2397 LIV.
449 2333 537 2395 Dum
556 2330 625 2392 haec
643 2329 677 2391 in
696 2328 785 2391 Urbe
800 2326 900 2408 fiunt,
915 2329 952 2392 C.
970 2329 1074 2393 Ctesar
1092 2335 1311 2419 gravissimum
1326 2334 1350 2395 in

303 2434 407 2500 Gallia
429 2433 551 2497 bellum
573 2429 698 2494 habuit.
718 2428 887 2518 Belgarum
908 2431 1038 2519 populi,
1057 2433 1193 2501 Rhcmis
1212 2437 1351 2525 exceptis,

303 2555 417 2598 omnes
431 2531 695 2611 conjuraverant,
712 2529 892 2594 incredibili
909 2533 1080 2596 hominum
1094 2537 1301 2603 multitudine
1313 2559 1354 2600 ar·

304 2651 408 2715 mata;
432 2633 553 2720 quippe
575 2631 757 2694 Bellovacos
776 2631 873 2694 millia
896 2635 1060 2722 sexaginta
1081 2638 1244 2724 pollicitos
1264 2642 1354 2704 Cesar

302 2738 372 2824 ipse
392 2732 552 2822 prodidit,
576 2731 811 2820 quinquaginta
830 2731 1037 2816 Suessiones,
1058 2737 1262 2827 totidemque
1283 2741 1353 2804 Ner·

301 2838 393 2901 vios:
409 2851 442 2899 at
456 2833 648 2914 Ambianos,
666 2833 807 2913 (laletes,
827 2833 1025 2915 bajocasses,
1045 2835 1242 2904 Vellocasses
1256 2855 1286 2902 et
1299 2841 1352 2900 Ve-

302 2935 502 3004 romanduos
519 2933 603 2997 dena
621 2933 733 3013 millia;
756 2931 942 3019 quindecim
963 2934 1149 3018 Atrebates,
1172 2942 1313 3028 quinque
1329 2953 1353 3000 et

302 3038 417 3126 viginti
441 3035 606 3114 Morinos,
631 3049 755 3121 septem
775 3033 962 3121 Menapios,
987 3051 1020 3099 et
1041 3038 1209 3104 Atuaticos
1232 3039 1354 3105 undevi-

303 3140 384 3228 ginti
398 3162 406 3202 ε
420 3153 573 3225 praeterea
583 3133 789 3216 Condrusos,
804 3134 993 3212 Eburones,
1008 3137 1175 3221 Caeraesos,
1191 3141 1353 3218 Paemanos,

302 3241 361 3326 qui
376 3261 445 3302 uno
468 3236 601 3300 nomine
623 3234 776 3298 Germani
796 3235 1055 3322 appellabantur,
1072 3255 1272 3304 armatorum
1288 3261 1355 3329 pra·

301 3339 412 3402 buisse
429 3337 527 3401 millia
542 3336 669 3400 circiter
684 3333 911 3424 quatlraginta3
928 3336 971 3400 ita
987 3353 1026 3400 ut
1038 3360 1105 3401 non
1118 3340 1238 3418 injuria
1251 3341 1290 3405 de
1302 3339 1355 3404 fide

302 3439 443 3504 auctoris
468 3435 664 3501 dubitaverit
684 3435 817 3522 quidam
838 3436 946 3500 Galliae
968 3459 1103 3526 regum,
1123 3441 1216 3526 quod
1238 3465 1277 3506 ex
1293 3440 1356 3504 uni·

301 3561 395 3604 verso
411 3559 514 3624 regno
534 3553 657 3600 tantam
677 3536 850 3600 hominum
870 3536 955 3600 bello
975 3539 1103 3603 utilium
1122 3541 1354 3606 multitudinem

300 3636 471 3727 (trecentis
490 3636 579 3698 enim
603 3635 745 3699 millibus
766 3638 874 3723 plures
898 3637 1001 3726 fiunt)
1023 3641 1094 3729 cogi
1116 3665 1212 3729 posse
1234 3644 1356 3706 minime

299 3740 527 3815 arbitraretur,
541 3757 727 3822 quanquam
743 3736 897 3802 refertum
914 3738 1149 3806 habitatoribus
1165 3761 1260 3808 esset.

334 3953 416 4017 §HL
429 3952 521 3998 Areon.
532 3949 560 3995 in
569 3947 626 3995 Mil.
640 3973 674 3984 -·
694 3949 816 3998 Plutarch.
829 3951 959 4016 Apophtb.
973 3955 1046 4000 Rom.
1057 3979 1092 3990 -
1106 3955 1159 4004 Cic.
1171 3971 1219 4020 pro
1234 3955 1318 4007 domm
1330 3949 1356 3997 td

298 4037 332 4098 Q.
345 4035 411 4082 fratr.
424 4033 464 4090 11,
480 4046 502 4088 r,
517 4042 541 4078 et
552 4029 584 4077 ad
595 4030 672 4079 Attic.
683 4033 727 4090 tv,
745 4048 766 4079 r.
782 4059 817 4069 —-
835 4033 850 4098 S
864 4037 927 4082 LlV.
942 4037 994 4086 Cic.
1009 4037 1041 4084 ad
1052 4038 1130 4088 Attio,
1147 4041 1193 4096 Π,
1213 4041 1236 4088 3,
1255 4065 1288 4076 ...
1306 4035 1355 4082 Dio.

298 4145 333 4157 -
346 4119 406 4167 Cas.
423 4115 454 4163 de
468 4116 496 4166 Bt
506 4114 570 4164 Gall.
581 4115 619 4173 11,
631 4115 699 4162 ³.-
709 4117 832 4176 omem,
844 4135 868 4178 7.
878 4145 913 4156 -
925 4120 1032 4184 Appitn.
1042 4120 1103 4169 Celt.
