2875 4900
297 376 368 459 444
471 376 538 441 JO.
566 374 906 444 FREINSHEMII
938 375 1185 443 SUPPLEM.

338 494 550 560 LXXXVIII.
563 496 695 559 Dinerat
709 495 806 558 etiam
820 498 901 559 Cato
918 497 952 559 in
967 518 1080 578 reum,
1095 498 1145 559 vir
1157 496 1276 560 nullius
1294 499 1349 578 rei,

296 618 394 683 quam
407 596 517 684 legum
533 610 566 659 et
581 596 680 683 aequi,
699 594 886 659 studiosior.
900 597 948 678 Is,
968 614 1072 685 quum
1085 598 1120 661 in
1135 596 1277 686 petendo
1292 621 1350 661 non

295 698 434 761 obscure
448 695 580 761 vidisset
595 696 801 785 largitionem
813 698 950 781 versari,
967 699 1001 761 in
1017 715 1133 762 senatu
1145 697 1287 779 ditemt,
1306 722 1351 761 ac·

295 814 477 863 creaturum.
495 820 545 879 se,
570 801 758 887 quicumque
777 802 947 887 pecuniam
968 800 1124 880 dedissem
1145 822 1253 863 unum
1275 802 1350 863 erci-

294 902 388 989 piens
407 900 569 980 Silanum,
587 897 678 986 quod
698 899 778 963 Isin
795 900 1005 964 matrimonio
1023 901 1189 965 Serviliam
1208 900 1350 979 babebat,

295 1002 425 1066 Catonis
439 1021 595 1065 sororem.
610 1002 771 1063 Caeterum
783 1023 851 1088 quo
863 1016 1013 1090 tempore
1025 1001 1164 1065 Catilina
1174 1000 1296 1064 bellum
1307 1022 1350 1061 or·

295 1126 350 1167 sus
368 1118 433 1183 est,
450 1123 606 1189 magnum
627 1100 804 1165 severitatis
820 1100 1058 1165 documentum
1072 1104 1110 1165 A.
1122 1100 1256 1165 Fulvius
1271 1121 1350 1162 sena·

296 1218 349 1266 tor
370 1199 477 1282 dedit,
502 1199 605 1264 filium
626 1200 793 1282 necando,
817 1224 916 1289 quem
941 1200 982 1265 ad
1003 1201 1175 1265 Catilinam
1197 1216 1350 1265 eunteme

297 1300 405 1367 medio
418 1302 532 1366 itinere
543 1318 719 1367 retraxerat
729 1327 738 1383 3
751 1304 921 1392 praefatus,
936 1326 1001 1367 nou
1011 1326 1043 1366 se
1053 1302 1208 1369 Catilinae
1219 1303 1350 1367 aduersu

256 1394 262 1401 ⁵
288 1407 451 1492 patrium,
470 1403 528 1466 sed
535 1406 655 1492 patrue
668 1404 819 1469 adversus
834 1402 1024 1484 Catilinam,
1037 1407 1190 1492 genuisse.
1205 1405 1349 1468 Ceterum

296 1505 461 1570 Ciceronis
482 1505 517 1567 in
540 1506 630 1570 Urbe
651 1505 814 1571 retinendi
835 1505 1008 1570 consilium
1031 1505 1162 1571 salubre
1183 1504 1350 1594 reipublice

295 1608 377 1671 fuit:
393 1608 430 1671 P.
446 1608 534 1671 enim
551 1606 730 1688 Lentulus,
747 1593 920 1694 ¹ceterique
936 1606 1184 1686 conjuratorum
1204 1607 1349 1697 principes

296 1732 363 1773 non
383 1708 551 1773 cessabant
572 1706 613 1772 de
629 1709 772 1774 Catilinae
789 1724 950 1798 praecepto
970 1707 1166 1797 adjungere,
1187 1727 1349 1796 quoscum·

296 1832 361 1896 que
376 1810 468 1874 novis
484 1810 583 1874 rebus
599 1808 737 1874 idoneos
750 1807 961 1889 judicassent.

298 1954 307 1957 -
339 1909 521 1974 LXXXIX.
549 1908 675 1973 Idcirco
699 1931 804 1996 quum
829 1910 914 1974 forte
937 1910 1004 1974 duo
1029 1910 1126 2000 legati
1149 1912 1349 1998 Allobrogum

295 2010 477 2091 venissent,
493 2007 534 2073 de
553 2008 801 2099 magistratuum
817 2032 1031 2074 romanorum
1046 2011 1176 2091 injuriis
1193 2026 1347 2100 questum,

167 2108 170 2115 “
264 2162 275 2179 .
295 2134 355 2199 per
368 2112 404 2175 P.
414 2110 638 2193 Umbrenum,
655 2111 712 2199 qui
727 2112 911 2200 negotiatus
930 2113 964 2176 in
982 2112 1085 2177 Gallia
1100 2115 1226 2197 fuerat,
1247 2112 1349 2177 sollici·

296 2229 417 2277 tantur.
435 2212 551 2300 Neque
569 2232 685 2301 parum
702 2214 859 2276 commoti
879 2228 957 2276 sunt
975 2213 1100 2278 feroces
1120 2213 1242 2295 animi,
1260 2232 1347 2300 quun

296 2336 368 2403 spes
379 2314 552 2395 libertatis,
566 2329 599 2377 et
609 2313 715 2401 ampla
728 2312 789 2377 alia
801 2315 934 2401 praemia
946 2314 1208 2380 ostenderentur.
1220 2312 1347 2379 Tandem

295 2416 418 2480 ineerta
431 2414 624 2480 certioribus
638 2413 881 2503 posthabendo,
898 2416 940 2499 Q.
952 2416 1089 2481 Fabium
1101 2417 1257 2507 Sangam,
1272 2408 1347 2504 quod

297 2517 407 2581 civitas
421 2518 456 2581 in
476 2517 575 2580 tutela
596 2515 773 2581 Fabiorum
791 2533 874 2599 erat,
894 2516 1032 2598 adeunt,
1051 2517 1149 2605 eique
1171 2541 1242 2582 rem
1263 2531 1346 2579 totam
1392 2588 1393 2597 χ

296 2619 448 2707 aperiunt
464 2639 471 2681 ι
485 2617 527 2682 ab
538 2617 603 2680 hoo
612 2618 726 2681 Cicero
740 2616 896 2681 edocetur
911 2640 918 2682 :
932 2633 1090 2682 vocantur
1101 2618 1216 2710 legati,
1228 2615 1348 2681 veniunt

297 2743 372 2784 cum
389 2721 534 2784 Muraena
551 2718 686 2782 consule
707 2715 894 2806 designato,
916 2719 1106 2808 magnisque
1123 2717 1290 2806 promissis
1305 2714 1347 2776 in·

295 2823 479 2902 ducuntur,
499 2836 554 2902 ut,
571 2819 680 2884 studio
697 2820 932 2899 conjurationis
948 2819 1123 2909 diligenter
1137 2819 1303 2896 simulato,
1320 2809 1347 2874 id

295 2940 409 3013 agant,
425 2923 471 2986 uti
486 2943 583 3009 quam
598 2921 775 2985 certissima
786 2920 1070 3009 coarguendorurn
1083 2921 1259 2985 noxiorum
1270 2935 1347 3004 argu·

296 3040 406 3090 menta
423 3023 668 3112 indipisceutur.
691 3022 820 3086 Interea
836 3044 902 3087 non
922 3024 957 3086 in
972 3023 1062 3087 Urbe
1081 3023 1209 3103 solum,
1229 3019 1284 3085 sed
1300 3037 1348 3105 per

295 3125 421 3190 Italiam
435 3124 543 3214 magni
558 3139 666 3188 motus
682 3139 791 3204 erant,
809 3139 962 3188 ceterum
978 3124 1193 3188 festinatione·
1205 3139 1238 3188 et
1249 3139 1345 3186 ameu-

298 3228 340 3292 tia
361 3227 605 3307 conjuratorum
624 3227 691 3289 fere
712 3226 857 3306 iunonii3
879 3249 1023 3314 quorum
1042 3249 1060 3290 e
1080 3249 1221 3290 numero
1242 3221 1346 3286 multos
1392 3252 1393 3265 κ

296 3328 447 3394 Metellus
470 3327 565 3391 Celer
586 3328 619 3390 in
642 3327 781 3409 Piceno,
800 3327 834 3390 in
856 3328 1005 3392 citeriore
1025 3328 1129 3392 Gallia
1149 3330 1186 3392 C.
1200 3327 1344 3396 Murena,

297 3431 438 3495 consulis
449 3429 606 3519 designati
621 3430 736 3511 frater,
749 3430 806 3517 qui
820 3430 849 3493 ei
863 3429 1036 3517 provinciae
1051 3445 1202 3518 praeerat,
1217 3451 1254 3491 ex
1269 3441 1346 3488 sena·

295 3532 501 3596 tusconsulto
512 3531 546 3595 in
560 3531 689 3594 vincula
704 3533 924 3612 conjecerunt.
939 3531 1003 3596 Sed
1016 3532 1051 3594 in
1064 3531 1153 3595 Urbe
1168 3549 1269 3618 quum
1283 3547 1307 3587 u
1318 3518 1343 3582 d·

298 3633 345 3696 IX
361 3630 422 3695 kal.
437 3631 586 3695 octobres
598 3646 729 3695 senatus
740 3631 784 3694 ob
796 3632 947 3696 instantia
960 3633 1103 3720 pericula
1115 3646 1247 3695 vocatus
1260 3636 1344 3700 esset,

297 3756 389 3798 novae
410 3732 666 3797 sollicitudinum
687 3755 791 3798 eausae
810 3734 982 3822 plerosque
1004 3749 1199 3798 terruerunt.
1217 3731 1251 3794 P.
1265 3723 1343 3811 Nigi-

297 3835 370 3900 dius
395 3833 546 3924 Figulus,
564 3857 630 3922 quo
648 3835 754 3898 amieo
770 3850 802 3898 et
818 3837 1002 3900 consiliario
1023 3837 1141 3902 intimo
1157 3831 1269 3899 consul
1285 3841 1343 3890 ute·
1392 3876 1393 3893 .

331 4056 346 4120 s
359 4056 523 4105 LXXXVIII.
533 4055 585 4104 Cic.
595 4071 641 4119 pro
651 4057 772 4111 Muraerin,
784 4071 839 4118 cap.
852 4057 894 4115 37·
910 4082 944 4094 -
959 4056 1022 4106 Plut.
1035 4058 1061 4104 in
1073 4057 1127 4104 Cat.
1139 4055 1198 4102 min.
1211 4077 1245 4088 -
1259 4044 1341 4096 Sallust.

296 4141 368 4196 Cutil.
379 4157 432 4208 cap.
444 4141 485 4201 39.
493 4165 527 4176 —
538 4139 595 4190 Dio.
608 4167 641 4178 -
651 4139 706 4194 an.
719 4141 787 4188 Max.
795 4141 827 4198 V,
843 4139 866 4188 8.
926 4190 939 4210 ¹
