2875 4900
283 389 337 462 IN
368 390 482 460 LOC.
509 391 602 458 LIB.
630 390 718 457 CXI
749 390 968 459 LIVIANI.
1096 391 1166 488 739

100 499 186 568 bellet
202 505 355 580 darentnr
372 509 586 591 sencton'buss
607 513 665 600 qui
683 512 718 572 in
736 508 818 573 bello
835 512 961 598 sequuti
979 509 1165 602 Pompeium

101 621 208 688 msam,
228 626 265 676 nt
280 613 321 680 dc
336 614 466 679 illorum
480 635 579 678 corase
596 626 845 702 cognoscerent:
864 614 1047 702 unamfore
1064 620 1166 682 tabel-

101 702 165 770 Iam
170 757 181 789 ,
195 733 267 800 quoe
284 717 373 782 ormi
377 713 522 805 pert‘culo
536 714 731 793 absolverem
747 714 883 778 aberam
889 763 900 796 ,
920 738 996 804 quse
1002 740 1065 804 pm
1080 719 1167 785 hoste

101 803 276 880 habmdm
290 831 449 898 censerem
465 819 610 897 tertiam,
627 839 701 906 qnae
716 816 937 881 mulctandwn
948 824 1099 906 pecuum.

142 908 224 980 LIX.
242 917 333 985 Nihil
348 919 469 986 horum
489 919 589 984 latere
604 919 763 983 &sarem
773 933 902 1007 poterat
918 942 926 984 ε
943 920 1053 1008 itaque
1068 923 1168 990 simul

101 1010 174 1076 satis
194 1037 234 1082 ex
248 1022 358 1109 priore
374 1019 638 1086 consternatione
650 1040 727 1083 suos
739 1018 899 1107 recepisse
911 1019 1000 1086 visus
1013 1037 1078 1105 est,
1098 1047 1167 1089 non

101 1110 290 1205 absistebat,
306 1119 387 1212 (prin
402 1122 504 1212 copiis
520 1119 667 1209 quotidie
682 1119 850 1207 productis
867 1122 1033 1212 pugnandi
1050 1123 1170 1192 iaceret

101 1230 291 1298 potestatem
306 1248 315 1292 ε
333 1222 433 1313 idque
451 1221 534 1288 adeo
553 1222 640 1286 inter
658 1220 751 1284 initia
765 1222 892 1286 cautius
905 1240 1032 1314 egerat,
1048 1223 1169 1292 deinde

102 1317 310 1392 coniunctus
329 1317 495 1414 eo,'quod
512 1321 688 1410 Pompeium
705 1343 784 1386 suos
799 1320 885 1387 intra
902 1327 1101 1391 munitiones
1118 1344 1168 1393 te·

102 1415 215 1504 nebat,
232 1425 364 1518 longius
386 1426 487 1491 esuis
503 1424 635 1506 castris,
652 1424 687 1487 in
701 1425 773 1488 loca
791 1421 880 1487 hosti
897 1428 1040 1513 equiem
1056 1426 1169 1520 degre-

102 1513 258 1594 diebamr.
276 1530 325 1594 Ea
339 1549 472 1616 quoquc
493 1548 544 1592 res
564 1523 713 1590 accendit
734 1524 1010 1613 Pompeianorum
1025 1531 1169 1615 animos,

102 1620 157 1704 qui
169 1625 270 1698 ferme
284 1651 419 1710 omnes,
434 1649 622 1716 qrmnquam
635 1626 717 1690 alius
729 1624 789 1690 alia
801 1624 844 1690 de
856 1648 969 1708 causa,
992 1634 1171 1698 cunetatio-

102 1739 174 1790 nem
189 1729 341 1798 oderant.
361 1731 403 1796 At
424 1729 599 1818 Pompeius
616 1727 681 1792 hoc
698 1727 773 1816 ipso
790 1743 986 1816 argumento
1002 1730 1169 1799 abstinen-

101 1819 179 1892 dum
194 1835 310 1921 prelio
322 1831 517 1913 disserebat,
533 1828 625 1918 quod
638 1844 823 1918 appareret,
839 1828 875 1891 id
884 1851 1093 1919 summopere
1103 1839 1171 1900 Coe-

101 1945 220 2018 sarem,
237 1953 395 2024 tanquam
411 1933 474 2000 sibi
488 1932 627 1998 maxime
645 1931 882 2012 necessarium,
898 1948 1058 2018 expetere.

144 2031 212 2103 LX.
235 2039 431 2112 Postremo,
453 2057 558 2124 quum
582 2054 690 2121 neque
713 2032 844 2096 vincere
866 2053 1003 2097 suorum
1027 2035 1172 2120 animos,

103 2151 207 2222 neque
229 2142 316 2206 ferre
338 2136 493 2202 invidiam
515 2148 643 2226 posset,
665 2133 791 2214 abjecto
814 2134 935 2198 salubri
953 2137 1111 2220 consilio,
1132 2140 1174 2204 ad
1232 2220 1236 2227 ἢ

104 2251 246 2325 pugnam
265 2263 300 2306 se
317 2261 431 2328 parare
449 2236 556 2326 coepit.
582 2235 688 2300 Multa
710 2251 782 2300 tum
805 2253 1045 2301 concurrerunt
1060 2239 1173 2306 incita·

103 2353 230 2428 menta,
250 2359 289 2406 ut
306 2361 456 2430 magnam
476 2359 590 2402 ornnes
607 2336 750 2402 victorie
770 2358 860 2424 spem
879 2339 1113 2427 conciperent:
1135 2341 1173 2406 fi-

103 2433 196 2509 ducia
218 2446 255 2510 in
278 2443 422 2523 viribus,
447 2441 481 2505 in
507 2435 723 2527 imperatore,
745 2438 781 2503 in
803 2462 921 2504 musa:
945 2458 1098 2528 praeterea
1122 2466 1174 2509 res
1206 2504 1213 2514 ,

103 2536 175 2609 due
191 2568 284 2613 noeto
297 2544 460 2633 quantivis
473 2544 588 2630 utique
599 2542 777 2624 momenti;
793 2564 878 2623 una,
892 2542 985 2629 quod
998 2544 1173 2634 Pompeius

103 2645 367 2728 confirmaverat,
382 2647 574 2734 priusquam
598 2644 665 2709 lere
686 2642 728 2707 ad
746 2665 863 2708 manus
881 2646 1064 2728 veniretur,
1083 2670 1175 2712 exer-

104 2742 206 2813 citum
230 2748 362 2813 Caesaris
377 2746 412 2809 in
429 2748 506 2835 fuga
521 2743 612 2825 fore,
631 2758 802 2832 propterea
819 2744 910 2832 quod
927 2746 1073 2833 equites,
1091 2773 1175 2836 quo-

104 2863 177 2913 rum
195 2848 407 2915 multitudine
429 2844 637 2925 abundabat,
656 2844 717 2909 sibi
739 2844 952 2933 recepissent,
972 2867 1008 2910 se
1023 2846 1175 2915 dextrum

103 2946 237 3015 Caesaris
265 2972 369 3015 cornu
395 2949 503 3014 statim
529 2947 624 3011 initio
651 2968 770 3035 pugnae
794 2944 1051 3012 circumdaturos
1075 2965 1176 3038 atque

104 3052 294 3117 turbaturos
308 3074 397 3134 esse3
413 3052 528 3131 altera,
544 3048 634 3137 quod
648 3047 828 3128 Labienus,
843 3046 1082 3131 demonstrato,
1098 3074 1176 3139 prae·
1196 3129 1201 3139 1

104 3168 213 3219 sentes
237 3152 369 3217 Caesaris
396 3151 504 3239 copias
529 3172 680 3241 magnam
709 3163 835 3237 partem
859 3171 900 3212 ex
927 3149 996 3213 aliis
1018 3152 1176 3218 militibus

105 3270 276 3336 constare,
299 3275 398 3342 quam
423 3253 480 3339 qui
505 3252 623 3317 Gallias
648 3250 874 3339 subegissent,
898 3249 932 3313 in
958 3266 1056 3337 eaput
1077 3275 1176 3317 suum

106 3372 288 3423 exsecratus
312 3355 439 3433 fuerat,
461 3354 487 3416 si
509 3353 544 3416 in
568 3368 686 3434 castra,
710 3351 772 3415 uisi
792 3351 919 3432 vietor,
941 3369 1176 3439 reverteretur;

106 3455 207 3546 idque
220 3452 450 3540 jusjurandum
467 3454 597 3539 sequuti
615 3450 735 3516 deinde
750 3473 865 3515 omnes
884 3454 1045 3517 erantsAt
1060 3455 1177 3537 Caesar,

105 3555 173 3623 sive
187 3582 246 3648 per
263 3557 482 3647 exploratores
498 3552 696 3643 recognita,
712 3553 786 3615 sive
807 3552 962 3641 praesagio
984 3554 1106 3637 animi,
1124 3580 1177 3620 re·

106 3660 227 3725 vocetis
249 3659 354 3724 tribus
378 3652 578 3745 legionibus,
595 3674 675 3741 quas
692 3652 927 3717 frumentatum
948 3655 1116 3739 emiserat,
1135 3658 1178 3723 de

107 3760 213 3827 media
234 3776 331 3825 nocte
353 3781 442 3823 sacra
463 3757 560 3823 Marti
583 3772 615 3820 et
639 3754 758 3821 Veneri
778 3756 943 3820 Genetrici
964 3758 1177 3843 l'eeit,quan1

141 3974 262 4040 stent.
277 3976 338 4025 Ces.
358 4002 393 4010 —
412 3973 480 4023 lilut.¹
498 3998 532 4009 -
553 3972 661 4037 Appian.
675 3998 710 4007 -
725 3970 777 4021 Cic.
794 3968 825 4017 ad
841 3971 917 4017 Attio.
926 3971 976 4027 11,
992 3973 1018 4019 6.
1034 4000 1067 4008 -
1084 3973 1176 4021 Juliani

109 4058 223 4109 Cesarea.
239 4087 273 4097 -
285 4060 301 4125 s
314 4059 381 4107 ux.
395 4058 502 4123 Appiatl.
516 4083 551 4093 -
569 4055 630 4105 Ctes.
644 4082 679 4093 -
690 4053 755 4104 etur.
770 4054 796 4101 in
811 4056 898 4117 Pomp.
916 4080 951 4091 —
966 4054 983 4117 5
1000 4058 1053 4103 tx.
1068 4057 1177 4121 Polyxo.

110 4142 183 4193 strat.
192 4142 235 4191 lib.
242 4144 312 4192 v111.
324 4169 359 4181 -
372 4139 480 4207 Appian.
491 4166 525 4178 -
539 4140 630 4187 Lucan.
640 4138 703 4195 Vll,
716 4139 750 4191 46
762 4148 847 4201 etseq.
858 4164 889 4174 -
899 4138 961 4187 ces.

939 4234 1002 4325 tt·
