2875 4900
123 392 179 457 10.
196 387 381 459 FIIEINS.
401 386 537 455 SUPP.
558 386 613 455 IN
638 386 748 453 LOC.
769 385 861 454 LIB.
882 388 1020 459 XCIII.
1045 390 1114 463 253
1164 412 1172 419 “

88 511 173 595 pirata
191 508 357 587 tenebant3
378 506 565 591 durumque
583 505 681 569 armis
704 526 825 594 genus,
849 508 930 574 situs
948 512 1115 599 asperitate

87 610 291 697 propemodum
307 625 377 673 erat
389 606 658 695 inexpugnabile,
674 604 781 671 donec
798 608 989 695 imperator,
1005 636 1117 678 sverm

87 708 209 791 flumine,
226 734 264 774 ex
281 732 349 797 quo
366 708 476 772 hostes
497 708 718 795 aqrtabantur,
737 708 896 796 oppidum
915 710 956 775 ad
977 712 1116 779 deditio·

87 832 144 874 nem
158 810 204 874 siti
220 810 333 900 coegit.

118 913 153 976 II.
170 912 226 975 llic
244 913 273 975 ei
291 912 382 975 limes
398 911 553 973 itinerum
576 930 615 973 eo
636 908 721 971 bello
737 924 770 971 et
784 910 1027 997 expeditionum
1045 916 1116 979 fuit.

86 1012 112 1075 P.
123 1012 257 1076 Servilius
281 1014 391 1076 Isaura
411 1008 603 1090 detuolitus,
625 1009 744 1073 Ciliciae
768 1010 961 1099 lsaurimque
983 1016 1117 1104 vectigal

86 1110 230 1199 imposuit,
245 1114 458 1199 confectaque
471 1110 656 1198 provincia,
668 1110 779 1174 multis
792 1111 915 1200 ubique
927 1114 1119 1201 piratarum,

84 1236 146 1299 quas
165 1213 203 1277 ad
229 1235 318 1277 mare
344 1213 551 1289 habuerunt,
579 1210 692 1282 excisis
720 1212 978 1296 munitionibus,
1004 1238 1119 1305 magna

84 1315 164 1401 gloria
177 1315 320 1379 decessit.
338 1313 559 1401 Praecipuum,
579 1332 786 1398 quecumque
805 1312 992 1395 incedebat,
1009 1315 1119 1380 homi-

84 1416 160 1480 nibus
185 1416 338 1505 gaudium
364 1416 517 1494 fuerunt,
546 1412 680 1499 spectati
705 1413 738 1475 iu
762 1413 899 1477 vinculis
925 1415 1117 1503 predonum

83 1516 180 1599 duces,
195 1540 337 1606 quorum
360 1538 448 1581 unua
471 1514 524 1578 ille
544 1515 669 1603 plures,
691 1536 790 1601 qrmm
814 1538 927 1581 omnes
949 1536 1025 1583 aute
1041 1542 1117 1585 eum
1234 1602 1238 1611 Ι

83 1615 197 1681 Romani
213 1633 385 1706 ceperant3
403 1615 639 1703 intuebaturque
664 1616 779 1703 vulgus
799 1632 863 1681 tam
881 1618 977 1683 avide
993 1620 1120 1685 miseria

82 1738 191 1799 eorum,
209 1742 294 1807 quos
316 1718 485 1797 timuerat,
509 1730 632 1779 utnon
650 1715 751 1779 modo
769 1738 807 1779 ex
830 1716 880 1780 hit
900 1718 1043 1807 oppidis,
1061 1742 1120 1808 per

82 1840 138 1901 qua
161 1820 381 1899 ducebantur,
408 1817 465 1883 sed
493 1818 589 1882 etiam
617 1839 656 1881 ex
682 1816 848 1899 finitimis,
872 1818 997 1885 risendi
1026 1843 1119 1885 causa

81 1937 272 1987 concurreret.

113 2022 164 2085 lll.
181 2024 366 2087 Exercitum
385 2037 494 2085 tamen
515 2020 551 2083 in
568 2019 679 2083 Cilicis
696 2020 827 2085 retineri
848 2022 984 2107 placuit,
1000 2022 1045 2085 ob
1064 2044 1120 2085 su·

81 2138 200 2207 specum
222 2122 422 2189 Mithridatis
447 2121 646 2211 potentiam,
671 2137 703 2183 et
730 2120 818 2185 haud
841 2120 935 2185 dubii
954 2123 1019 2201 jam
1045 2122 1121 2187 belli

79 2242 226 2309 apparatus
242 2249 250 2289 :
268 2248 346 2288 eum
369 2224 405 2289 P.
421 2222 575 2287 Servilius
596 2224 632 2286 l..
652 2222 786 2285 Octavio
807 2222 994 2309 proconsuli
1017 2242 1120 2310 quum

80 2322 252 2409 tradidisset,
267 2328 405 2391 Romam
417 2324 460 2389 ad
471 2323 676 2411 triumphum
690 2322 838 2386 decessit.
852 2324 949 2411 Isque
964 2322 1052 2389 haud
1065 2322 1125 2387 du·

78 2420 198 2491 bitanter
212 2427 380 2508 decretus,
396 2442 431 2491 et
446 2446 566 2514 magno
584 2423 799 2512 spectantium
819 2423 929 2488 studio
943 2426 1122 2492 celebmnrs

79 2541 131 2606 est,
142 2529 227 2615 quod
244 2551 323 2593 eum
338 2529 375 2592 P.
388 2527 541 2592 Servilius
552 2543 722 2614 captorum
738 2524 934 2614 oppidorum
950 2527 1075 2615 spoliis,
1090 2545 1122 2590 et

78 2623 158 2692 drite
166 2631 343 2717 piratarum
353 2628 460 2718 prmda
470 2628 546 2692 satis
558 2625 728 2716 magnifice
741 2627 945 2692 instruxerat.
955 2629 1045 2692 inter
1053 2629 1122 2692 ltaec

79 2725 214 2816 bithyniae
230 2752 290 2795 rex
304 2727 498 2793 Nicomedes
519 2728 677 2808 moriens,
694 2749 882 2816 quanquam
900 2751 938 2792 et
958 2729 1047 2792 Nutu
1068 2753 1121 2792 so·

80 2847 137 2893 rote
156 2829 351 2895 Mithridatis
368 2829 493 2918 prolem
515 2846 720 2916 susceperat,
737 2828 803 2892 site
822 2828 931 2916 gratim
948 2827 1123 2892 refereudte

79 2947 172 3011 musa,
184 2934 249 2997 site
259 2947 299 2996 ut
310 2931 490 3020 graviorem
504 2930 639 2994 inimico
649 2930 717 3018 regi
732 2928 950 2992 adversarium
966 2929 1126 3015 relinque-

80 3047 132 3110 ret,
146 3035 305 3123 populum
320 3053 494 3098 romanum
513 3031 590 3095 iecit
605 3029 769 3100 heredem.
904 3069 909 3078 ·
1045 3089 1049 3099 .

112 3133 161 3198 lv.
176 3135 302 3200 Idcirco
320 3134 449 3223 praeteri
467 3133 549 3198 Asiae
569 3131 615 3220 Μ.
631 3131 730 3196 Iunio
752 3130 861 3194 Silano
879 3129 987 3218 (quod
1006 3131 1032 3195 is
1050 3154 1126 3220 pro-

80 3232 179 3300 victiat
195 3235 416 3305 obtinentium
429 3234 587 3324 bithyniae
600 3233 770 3320 prosimus
786 3230 872 3316 erat)
889 3232 1057 3318 negotium
1074 3232 1127 3298 da·

80 3345 152 3415 tum,
170 3353 208 3402 ut
226 3359 366 3425 regnum
384 3333 571 3400 Nicomedis
593 3335 627 3398 in
648 3332 847 3420 provinciam
868 3329 1036 3422 redigeret.
1055 3336 1124 3400 Sub

79 3429 150 3498 idem
170 3454 300 3528 tempus
318 3437 417 3526 libyci
433 3458 566 3524 quoque
588 3434 681 3522 regni
700 3455 791 3521 pars,
817 3455 889 3519 qum
911 3433 974 3496 sub
997 3435 1125 3522 Apione

79 3527 235 3602 Ptolemaeo
254 3540 380 3619 fuerat,
402 3536 546 3617 ejusdem
568 3549 764 3600 testamento
787 3535 929 3598 romanis
950 3537 1124 3622 provinciis

80 3638 202 3702 toemtit.
218 3640 429 3728 Cyrenaicum
451 3637 582 3704 alterius
602 3636 738 3724 Apionis
754 3634 914 3715 judicium
939 3635 1064 3702 dudum
1084 3637 1125 3702 ad

106 3801 119 3865 S
133 3807 152 3854 1·
165 3808 196 3859 II.
209 3809 238 3860 C.
252 3793 318 3868 677}
327 3809 358 3856 Δ.
373 3803 402 3861 C.
415 3807 456 3870 75.
467 3807 562 3854 -tie
575 3805 640 3870 Ilpit.
651 3832 686 3841 -
696 3805 769 3857 orna.
778 3805 810 3862 V,
825 3805 865 3852 xl.
875 3831 909 3843 --
921 3803 1023 3870 Eutrop.
1034 3805 1075 3854 lib.
1082 3805 1127 3853 VI.

80 3888 240 3940 -strmtm
253 3893 304 3940 111
322 3902 347 3939 at
361 3892 431 3939 m.
447 3889 544 3938 -Val
559 3890 711 3948 Mamm,
728 3889 751 3940 ⁵.
765 3915 800 3931 -ι-
815 3887 948 3968 I’lomffl,
960 3889 985 3934 6.
998 3889 1127 3938 -Frcnn

80 3969 138 4019 ltrst
151 3977 201 4035 ΙΙΙ,
213 3991 237 4034 7.
252 3973 524 4040 -sslllllattallitn
537 3971 990 4033 m,os.-cretnv·e.1.21‚
1004 3980 1028 4020 et
1040 3970 1127 4028 V‚1t.

80 4052 202 4107 -Sslust
216 4057 796 4116 manuacense-mutuemus.
810 4070 914 4120 cap-rr.
931 4081 966 4092 —
979 4055 1128 4118 Eunon-

79 4131 122 4182 an.
131 4139 195 4188 um
210 4169 243 4179 -
259 4143 356 4191 saun.
367 4141 469 4206 utnyu.
482 4167 515 4180 -
528 4141 637 4206 Appon.
651 4141 705 4191 cst.
716 4139 759 4186 us.
771 4141 789 4185 r.
