2875 4900
277 358 347 431 380
457 362 524 428 JO.
551 358 889 429 FREINSHEMII
919 358 1164 427 SUPPLEM.

275 480 379 545 sulem
388 479 465 560 jacti
478 501 486 543 ε
501 500 569 567 quo
583 480 729 543 tumultu
745 479 916 544 Cornelius
927 477 1153 567 perturbatus,
1171 478 1338 543 concilium

275 580 406 645 dimisit.
423 586 543 646 Actum
564 580 684 645 deinde
704 602 741 645 ea
759 580 801 645 de
821 602 857 643 re
876 581 912 643 in
927 594 1043 645 senatu
1059 594 1110 641 est
1124 580 1248 668 magnis
1265 602 1339 643 con·

275 683 494 765 tentionibus,
510 704 614 771 quum
629 682 801 746 Cornelius
813 684 858 745 ita
872 683 957 745 ferre
972 700 1086 743 rursus
1098 680 1214 767 ooepit,
1227 682 1339 768 nequir

273 786 308 848 in
316 799 427 849 senatu
440 784 559 872 legibus
568 782 752 863 solveretur,
763 784 827 847 nisi
833 782 963 847 ducenti
970 778 1159 869 affinium
1170 802 1246 845 neve
1255 781 1338 867 φάε,

272 906 370 973 quum
382 885 503 950 solutus
519 896 611 964 esset,
627 884 842 964 intercederet,
863 904 960 972 quum
978 906 1019 948 ea
1033 884 1073 946 dc
1091 902 1124 944 re
1136 882 1340 971 adpopulatm

260 983 417 1071 fieretur.

317 1086 432 1150 XLIV.
456 1086 533 1149 Haec
555 1085 625 1149 sine
642 1085 788 1149 tumultu
807 1101 878 1150 acta
897 1109 949 1150 res
968 1102 1033 1171 est3
1059 1111 1158 1154 nemo
1179 1087 1270 1151 enim
1287 1107 1340 1149 ne·

274 1210 349 1277 gare
359 1202 503 1277 poterat,
518 1210 579 1275 pro
592 1188 784 1252 auctoritate
795 1202 926 1251 senatus
938 1210 1009 1253 eam
1022 1190 1126 1280 legem
1140 1210 1231 1271 esse,
1247 1207 1339 1276 quam

272 1288 413 1377 populus
434 1286 554 1353 babere
574 1304 674 1353 ratam
696 1304 886 1377 cogeretur:
905 1290 963 1353 sed
981 1305 1089 1355 tamen
1108 1314 1179 1355 eam
1203 1290 1279 1355 tulit
1294 1289 1340 1352 in-

272 1389 345 1453 vitis
371 1390 606 1477 optimatibus,
634 1392 692 1479 qui
717 1391 829 1479 paucis
855 1390 1025 1479 gratifiuri
1054 1393 1214 1457 solebant.
1241 1392 1339 1457 Aliam

272 1488 391 1555 deinde
409 1492 512 1581 legem
532 1493 724 1575 Cornelius,
744 1492 803 1556 etsi
826 1513 923 1555 nemo
948 1512 1132 1582 repugnare
1152 1516 1254 1558 ausus
1276 1509 1338 1571 est,

273 1614 349 1657 cum
369 1592 548 1658 multorum
566 1610 675 1659 tamen
693 1595 818 1658 offensa
840 1594 934 1676 tulit,
958 1609 995 1658 ut
1007 1611 1158 1683 proetores
1175 1618 1223 1658 ea:
1239 1595 1340 1659 edr'otis

272 1696 335 1757 suis
341 1700 500 1785 perpetuis
504 1696 564 1786 jus
577 1696 736 1761 dicerent:
754 1718 827 1783 quae
845 1718 897 1759 res
912 1698 1046 1785 gratiam
1067 1698 1249 1761 ambitiosis
1267 1719 1341 1785 pre·

272 1796 418 1880 toribus,
444 1799 501 1887 qui
522 1800 608 1863 varie
626 1799 678 1879 jus
699 1796 806 1861 dicere
829 1798 993 1880 solebant,
1015 1800 1157 1865 sustulit.
1180 1799 1238 1865 sic
1258 1799 1338 1864 enim

272 1894 388 1961 eodem
402 1900 555 1963 omnibus
569 1898 669 1963 modo
680 1900 734 1980 jus
750 1897 887 1968 reddere
900 1898 1121 1990 cogebamur,
1136 1902 1214 1966 alias
1227 1900 1339 1990 insigni

272 1999 480 2088 nefandoque
502 2002 641 2082 scelere,
662 2015 762 2089 prout
784 1999 954 2081 favebant,
980 2002 1259 2068 succensebantve
1281 2001 1339 2065 liti·

272 2100 442 2189 gentibus,
462 2101 554 2165 aliter
572 2117 671 2189 atque
689 2100 783 2163 aliter
800 2102 1015 2187 pronuntiare
1035 2104 1132 2169 soliti.

314 2202 413 2267 XLV.
438 2202 522 2269 Alias
544 2224 677 2291 quoque
698 2202 883 2289 complures
903 2203 990 2291 leges
1009 2204 1180 2268 Cornelius
1197 2202 1339 2293 promul·

269 2305 372 2393 gavit,
387 2304 508 2392 quibus
521 2305 668 2394 plerique
681 2304 811 2393 collegae
823 2304 1089 2388 intercesserunt,
1104 2327 1163 2392 per
1173 2326 1259 2391 quas
1269 2326 1339 2367 oon·

269 2407 432 2472 tentiones
447 2422 535 2473 totus
548 2408 733 2472 tribunatus
746 2406 815 2487 ejus
827 2422 977 2496 peractus
988 2422 1046 2471 est.
1061 2407 1215 2472 Ambitus
1222 2404 1340 2487 juditio

269 2509 437 2595 provisum
452 2524 539 2591 erat,
561 2531 603 2572 ne
622 2509 721 2597 vulgo
743 2508 949 2597 magistratus
971 2509 1054 2571 male
1074 2526 1289 2597 caperentur:
1308 2528 1339 2570 ea

269 2631 320 2672 res
343 2611 491 2674 excitavit
510 2610 724 2675 attentionem
743 2609 936 2690 hominum,
953 2625 992 2672 ut
1004 2611 1119 2691 etiam,
1134 2631 1177 2672 ne
1194 2611 1280 2674 male
1294 2629 1341 2697 ge·

269 2727 438 2794 cenentur,
461 2709 636 2801 exigerent.
660 2709 740 2774 Ideo
763 2709 825 2773 sub
844 2708 879 2772 id
897 2724 1025 2796 tempus
1042 2709 1125 2773 adeo
1143 2731 1257 2774 severe
1270 2720 1340 2772 sunt

270 2813 416 2877 exercitae
434 2811 691 2900 repetundarum
710 2812 814 2900 leges,
835 2825 874 2873 ut
890 2825 1008 2898 praeter
1024 2812 1198 2875 noxiorum
1216 2831 1338 2900 poenas,

270 2914 367 2977 etiam
379 2913 620 2978 accusatoribus
632 2911 764 2999 praemia
777 2909 1040 2976 decernerentur.
1053 2913 1161 2976 Carbo
1176 2911 1339 3001 equidem,

271 3015 316 3080 Μ.
339 3017 433 3080 Cotta
459 3015 629 3095 damnato,
650 3011 930 3101 quemadmodum
950 3035 1114 3100 exponere
1130 3036 1190 3102 per
1208 3012 1340 3077 oemsio

271 3139 346 3181 nem
367 3118 611 3207 occupavimus,
629 3117 706 3180 licet
724 3113 833 3179 adhuc
849 3114 1039 3179 tribunitius
1051 3130 1151 3195 esset,
1163 3113 1339 3180 consulati·
1386 3144 1393 3245 p

271 3218 333 3282 bus
351 3219 499 3309 insigniis
519 3235 567 3282 est
584 3217 766 3282 decoratus.
872 3290 877 3301 ⁸

313 3319 428 3388 XLVI.
448 3321 491 3382 At
505 3318 593 3383 idem
607 3333 738 3406 postea,
753 3338 856 3403 quum
868 3315 1016 3380 eamdem
1028 3313 1228 3382 obtinuisset
1239 3317 1339 3400 Bithy·

272 3418 378 3501 niam,
394 3441 432 3484 ex
444 3443 509 3507 qua
521 3423 649 3486 Cottam
664 3417 888 3500 damnaverat,
903 3418 944 3482 ab
957 3417 1027 3497 ejus
1039 3417 1125 3500 lilio,
1143 3441 1213 3507 quo
1229 3420 1257 3482 is
1273 3417 1337 3494 die,

271 3536 400 3610 sumpta
409 3522 494 3587 virili
505 3538 596 3613 toga,
607 3521 648 3586 de
659 3519 821 3609 Capitolio
833 3518 1061 3598 descenderat,
1069 3519 1195 3600 judicio
1206 3517 1338 3584 afflictus

272 3637 330 3686 est.
344 3622 449 3712 Igitur
460 3625 495 3688 L.
510 3623 681 3704 Lucullus,
701 3643 805 3709 quum
824 3645 865 3686 ex
875 3622 1000 3686 urbana
1011 3638 1151 3710 praetuta
1161 3621 1338 3686 Sardiniam

271 3737 355 3785 esset
368 3723 521 3804 sortitus,
537 3723 585 3787 ire
596 3723 630 3786 in
643 3721 844 3810 provinciam
856 3723 977 3804 noluit,
989 3739 1161 3811 propterea
1171 3721 1264 3810 quod
1275 3741 1338 3809 par

271 3823 402 3912 ticipem
419 3847 453 3890 se
468 3825 604 3912 negabat
616 3825 767 3886 buturum
779 3824 936 3902 iulamiae,
951 3840 1100 3911 quatum
1115 3825 1160 3890 ob
1177 3821 1335 3887 avaritiam

307 4021 323 4087 S
336 4025 426 4072 mu.
438 4025 500 4075 Dio.
516 4051 551 4062 --
571 4027 662 4073 Ascon-
676 4051 711 4062 -
722 4025 775 4074 Cic.
789 4027 816 4074 in
827 4028 910 4075 Vatia.
924 4042 979 4091 oap.
991 4043 1016 4075 a.
1032 4053 1068 4064 -
1088 4026 1104 4090 S
1121 4027 1212 4076 xuv.
1230 4024 1288 4072 nto.
1303 4045 1335 4058 -

274 4109 362 4156 Ancon.
377 4135 413 4144 —
424 4107 440 4173 S
454 4111 531 4157 xtv.
543 4111 601 4157 Dio.
613 4137 645 4144 ·-
656 4111 748 4156 Asnam.
