2875 4900
254 408 302 479 90
413 386 482 453 JO.
510 386 871 459 FREINSHEMII
904 386 1162 457 SUPPLEM.

254 534 267 558 «ι
277 506 365 568 mina
376 506 486 594 praelio
500 507 613 597 fregit;
627 507 746 573 deinde
758 531 829 573 rem
843 508 954 573 multis
968 508 1112 573 millibus
1125 508 1321 596 improbam,

254 629 363 671 «unus
378 610 514 673 consilio
526 612 675 697 perfecit,
692 628 733 675 ut
745 612 896 677 universa
911 612 1045 699 Europa
1058 611 1205 674 maximis
1217 611 1323 675 adhuc

255 708 400 773 «viribus
418 711 592 777 subnisum
615 714 799 801 expelleret.
817 713 947 777 Theseo
965 735 1045 777 vero
1062 710 1147 775 duce
1162 710 1321 775 amazoni·

253 842 265 865 ιι
275 833 327 875 ees
339 834 480 901 pugnas,
496 829 528 877 et
537 813 698 903 quidquid
709 816 751 879 ab
761 839 802 880 eo
813 816 913 881 heroe
926 816 1049 880 facturn
1063 830 1128 895 est,
1143 838 1214 878 non
1225 813 1322 877 modo

255 930 371 978 “vetus
395 916 551 980 memoria
575 917 737 1004 loquitur,
761 916 819 981 sed
842 917 962 1007 passim
982 915 1144 981 nobilium
1165 913 1323 979 artificum

255 1036 377 1102 «opera
391 1014 627 1082 demonstrant.

297 1118 483 1183 XXXVIII.
495 1148 508 1174 «ι
517 1120 567 1185 Ne
579 1120 646 1201 jam
655 1120 877 1208 Thrasybulos
887 1119 996 1199 vobis,
1009 1134 1044 1182 ct
1056 1118 1211 1183 Cononas
1225 1116 1325 1181 addu-

255 1248 266 1271 «
278 1240 407 1300 cemus,
420 1234 453 1283 et
462 1222 662 1309 Cynaegirus,
675 1236 707 1285 et
716 1242 849 1285 omnem
860 1220 948 1284 illam
961 1221 1216 1285 clarissimorum
1228 1220 1326 1308 impe·

255 1335 440 1404 «natorum,
459 1324 712 1389 fortissimorum
721 1325 867 1387 virorum
881 1344 1034 1403 manum,
1049 1321 1205 1385 Periclem
1218 1335 1325 1383 tamen

256 1454 267 1477 a
278 1421 439 1487 indictum
453 1425 541 1491 abire
555 1448 622 1489 non
637 1426 791 1507 sinimus,
807 1442 846 1489 ut
858 1424 955 1488 simul
963 1424 1117 1487 virtutem
1130 1421 1215 1501 ejus,
1232 1421 1327 1484 simul

256 1524 424 1589 «studium
434 1526 525 1591 urbis
535 1544 652 1592 nostrae
666 1528 700 1591 in
715 1528 836 1591 virtute
847 1524 1039 1590 honoranda
1053 1523 1250 1612 prodamus:
1262 1540 1329 1585 tsn-

254 1642 332 1689 «tus
352 1628 440 1690 enim
461 1628 514 1693 ille
530 1630 580 1692 vir
598 1630 676 1711 fuit,
695 1646 733 1693 ut
755 1650 860 1693 novus
877 1630 908 1692 ei
924 1628 1032 1691 honor
1045 1626 1196 1691 decretus
1213 1625 1327 1706 luerit,

256 1758 269 1783 «
280 1726 411 1791 duobus
426 1732 580 1795 connexis
591 1732 670 1795 olere
681 1732 814 1795 ramttlis
828 1732 934 1818 capite
947 1731 1072 1809 cincto,
1084 1728 1329 1816 probaruntque

257 1847 314 1895 «et
335 1854 424 1912 rem,
449 1850 482 1897 et
505 1850 654 1899 auctores
678 1834 823 1900 universi
846 1834 982 1922 populi3
1004 1848 1104 1921 atque
1128 1830 1205 1895 inde
1228 1830 1329 1893 claros

257 1932 366 1996 «viros
385 1933 566 1999 coronandi
589 1937 797 2001 consuetudo
818 1953 907 2017 orta,
927 1936 1102 2022 statimque
1119 1934 1249 2021 vulgata
1270 1948 1330 1995 est.

260 2035 396 2122 «Neque
408 2036 627 2101 transeundus
642 2038 790 2103 Phocion
805 2054 872 2118 est,
889 2038 963 2101 licet
975 2051 1050 2099 aetas
1063 2033 1132 2114 ejus
1143 2035 1179 2097 in
1191 2031 1331 2120 Philippi

256 2152 312 2200 «et
328 2137 501 2203 Alexandri
518 2155 665 2229 tempora
682 2140 812 2222 incidit,
831 2162 975 2228 quorum
991 2138 1138 2227 potentia
1154 2152 1188 2202 et
1200 2137 1334 2200 fortuna

257 2260 487 2303 «summorum
501 2242 647 2304 virorum
663 2242 840 2307 obscurare
856 2243 976 2306 famam
993 2240 1163 2329 potuisset.

303 2340 459 2403 XXXIX.
476 2341 567 2405 «Nec
588 2358 697 2407 tamen
721 2344 767 2407 illi
791 2344 838 2407 sic
856 2341 986 2407 officere
1007 2341 1134 2406 nomini
1155 2338 1335 2404 Phocionis

258 2457 481 2530 «potuerunt,
509 2445 590 2531 quin
618 2462 789 2510 strenuum
815 2446 943 2526 virum,
971 2444 1203 2532 optimumque
1228 2439 1335 2505 civem

260 2544 382 2607 «sitisse
399 2546 559 2628 sciamus,
583 2548 658 2634 qui,
676 2571 780 2636 quum
803 2547 994 2635 quadragies
1015 2545 1190 2634 quinquies
1208 2543 1337 2608 exerci-

258 2660 352 2709 «tum
372 2644 520 2729 duxerit,
540 2671 669 2736 semper
689 2649 806 2713 absens
824 2650 946 2713 electus
964 2662 1100 2734 praetor,
1120 2662 1230 2709 tamen
1247 2643 1339 2707 inte·

257 2779 271 2803 «ι
282 2747 397 2836 gritate
410 2748 501 2831 vitae,
517 2750 731 2839 civilibusque
750 2750 875 2815 artibus
895 2750 994 2814 hodic
1017 2765 1067 2813 est
1090 2748 1211 2811 notior.
1225 2748 1340 2832 Atque

259 2882 273 2908 α
283 2873 321 2916 ea
333 2850 477 2916 hominis
492 2853 617 2916 mentio
631 2854 769 2942 publicae
783 2852 887 2916 laudis
902 2850 1078 2932 admonet,
1098 2873 1203 2938 quum
1222 2846 1342 2912 eadem

259 2983 272 3006 «
282 2968 316 3017 et
331 2954 468 3018 civitatis
485 2970 603 3019 nostrae
618 2955 719 3020 fuerit
734 2956 768 3019 in
785 2970 928 3042 utroque
944 2976 1063 3043 genere
1078 2951 1280 3042 praestantia,
1299 2966 1343 3014 ut

258 3055 534 3146 «ingeniosissimi
550 3057 701 3122 homines
723 3057 906 3145 disputent,
922 3055 1042 3119 belline
1059 3076 1101 3117 an
1115 3075 1194 3116 vero
1207 3050 1345 3139 sapien·

260 3157 336 3219 «tiae
355 3155 471 3220 studiis
493 3159 630 3223 Athenae
654 3158 779 3223 luerint
799 3156 972 3222 clariores?
993 3158 1042 3220 An
1064 3156 1154 3219 enim
1172 3153 1239 3218 ulla
1262 3175 1344 3241 pars

260 3257 461 3346 «disciplinae
476 3275 542 3341 est,
560 3261 594 3323 in
611 3283 676 3348 qua
690 3260 895 3325 laudabiliter
909 3258 1029 3323 versari
1044 3257 1228 3319 humanum
1245 3254 1347 3342 inge-

260 3389 274 3410 «
285 3359 377 3421 nium
397 3361 517 3446 possit,
531 3383 630 3448 quam
644 3384 711 3425 non
729 3379 786 3426 aut
799 3361 986 3426 invenerint
1003 3374 1181 3438 nostrates,
1199 3371 1257 3419 aut
1271 3369 1348 3442 prae

263 3461 409 3524 «caeteris
428 3463 653 3526 excoluerint?

308 3561 375 3625 XL.
393 3563 460 3626 «Ut
483 3564 570 3628 enim
592 3587 610 3628 a
628 3564 734 3652 poetis
753 3562 940 3643 ordiamur,
965 3559 1056 3649 quod
1074 3581 1178 3648 genus
1196 3556 1349 3622 edoctis

261 3665 548 3752 «antiquissimum
565 3681 631 3746 est,
645 3664 811 3730 comoediae
826 3663 1053 3754 tragoedioeque
1067 3663 1227 3750 plurimos
1240 3675 1354 3747 etque

264 3767 506 3832 «nobilissimos
520 3782 670 3831 auctores
687 3769 821 3831 Athenae
836 3769 994 3832 tulerunt.
1011 3767 1210 3852 Quanquam
1226 3762 1353 3852 profe·

299 3995 316 4060 S
330 3998 406 4044 XXX
412 3996 465 4042 vn.
479 3995 555 4042 Corn.
566 3995 631 4059 Nep.
641 3995 760 4044 Themist.
771 3967 825 4062 cap.
837 4012 861 4044 o.
873 4024 907 4033 —
916 3998 1021 4045 Pausan.
1030 3996 1074 4043 lib.
1084 3998 1105 4042 1.
1118 4022 1153 4030 —
1164 3994 1180 4058 s
1191 3993 1357 4043 XXXVIII.

265 4080 320 4128 val.
330 4083 401 4128 Max.
413 4083 453 4137 II,
468 4081 498 4136 6,
513 4080 536 4128 5.
547 4107 581 4116 -
591 4079 714 4128 Plutarch.
728 4081 755 4128 in
767 4082 844 4130 Phoc.
857 4097 911 4146 cap.
926 4079 1139 4128 11.-I’lotarcb.
1154 4105 1190 4116 ·-
1202 4076 1256 4128 Cie.
1267 4077 1357 4124 Tusc-

266 4167 358 4227 Quaest.
372 4167 397 4224 I,
414 4181 438 4222 ι,
453 4165 519 4212 etde
533 4167 601 4212 Orat.
613 4167 637 4222 I,
650 4173 672 4220 4.
