2875 4900
275 393 344 464 7²²
451 361 880 436 10.FRE1NSHEM11
910 366 1151 433 SUPPLEM.

272 486 515 552 transeuntibus
545 482 711 549 modicum
735 504 889 566 amnem,
925 483 1008 549 nihil
1035 506 1144 549 rerum
1172 502 1345 575 gereretur

261 587 368 677 (nam
393 586 540 674 Pompeii
562 600 713 649 conatum
738 584 969 650 transducendi
990 587 1097 674 copias
1123 608 1208 674 pons
1235 588 1343 651 inter·

272 703 388 776 ruptus
408 684 632 772 destituerat),
651 689 757 749 Cesar
776 684 990 751 audacissimo
1010 687 1153 753 facinore
1171 704 1343 753 morantes

271 787 432 853 Brundisii
449 789 594 877 legiones
609 786 771 851 adducere
784 786 920 873 pararit.
936 787 1050 869 Quum
1070 788 1156 853 enim
1171 789 1344 877 pompeia·

271 914 321 955 nae
336 892 450 954 classes
468 889 568 953 maria
585 886 773 951 obsiderent
793 886 958 975 undique,
981 887 1155 953 hibernum
1172 888 1233 953 sibi
1249 906 1341 953 tem·

270 1015 331 1080 pus
347 990 547 1078 aptissimum
560 987 741 1068 judicabat,
759 986 838 1051 dum
860 988 988 1071 hostes,
1012 990 1254 1078 tempestatibus
1274 988 1342 1051 de·

269 1092 391 1174 territi,
413 1112 552 1155 vacuum
574 1105 606 1151 et
627 1087 865 1152 incustoditum
887 1090 1057 1168 trajectum
1077 1089 1315 1175 relinquerent.

257 1231 261 1240 ·
311 1192 431 1256 XXIV.
456 1188 521 1253 Sed
542 1187 648 1253 Bibuli
670 1188 835 1275 primum,
861 1188 980 1253 deinde
1008 1190 1140 1253 Libonis
1167 1190 1340 1279 diligentia

268 1294 388 1356 lactum
407 1307 490 1371 erat,
507 1307 546 1353 ut
561 1290 723 1353 Antonius
739 1306 837 1378 portu
854 1291 941 1354 exire
959 1313 1025 1354 nou
1041 1291 1184 1355 auderet.
1201 1292 1340 1381 Quippe

265 1394 348 1457 'Libo
368 1414 498 1481 parvam
522 1391 680 1471 insulam,
705 1392 817 1477 portui
841 1390 1036 1455 brundisino
1063 1393 1240 1473 objectam,
1266 1416 1339 1481 qua

266 1492 462 1556 necessarius
489 1506 557 1554 erat
588 1491 805 1569 transjecturis
838 1512 1006 1579 egressus,
1032 1508 1271 1580 occupaverat:
1301 1513 1339 1558 et

265 1593 411 1681 quamvls
429 1608 563 1681 propter
579 1592 722 1679 inopiam
746 1614 856 1679 aquae,
878 1608 910 1657 ct
930 1608 1097 1681 acceptum
1121 1594 1162 1657 ab
1182 1596 1338 1659 Antonio
1421 1652 1422 1677 ,

265 1694 517 1773 detrimentum,
541 1692 603 1755 alio
626 1708 755 1755 coactus
779 1710 847 1756 crat
871 1714 905 1757 se
932 1694 1094 1781 recipere3
1117 1693 1218 1759 hiems
1240 1716 1337 1759 mare
1421 1698 1422 1701 ’

264 1794 445 1860 claudebat.
464 1794 590 1858 Idcirco
605 1795 730 1873 Cesar,
747 1793 917 1881 impatiens
935 1816 1051 1875 morae,
1067 1796 1210 1859 fortassis
1231 1796 1336 1861 etiarn

263 1910 450 1983 suspectans
470 1894 668 1975 Antonium,
685 1914 727 1956 ne
744 1910 928 1981 exspectare
953 1912 1106 1958 eventum
1130 1896 1244 1976 vellet,
1266 1898 1337 1961 sub

263 1997 395 2060 alteram
419 1996 560 2085 vigiliam
582 1994 750 2083 ignoratus
774 1994 908 2058 excessit
931 1996 1061 2076 castris,
1085 2018 1334 2088 conscensoque

263 2098 412 2161 vehiculo
426 2096 566 2186 perrexit
577 2094 619 2159 ad
632 2096 761 2176 locum,
775 2096 833 2159 ubi
850 2096 1027 2160 naviculam
1045 2112 1078 2161 et
1089 2099 1251 2186 optimum
1264 2124 1332 2189 gu·

264 2197 470 2262 bernatorem
494 2196 634 2285 opperiri
653 2212 721 2284 'per
744 2218 852 2260 servos
874 2198 1055 2284 praemissos
1075 2198 1230 2280 jusserat,
1255 2214 1332 2265 tan-

265 2321 363 2387 quam
386 2298 539 2363 nuntium
564 2296 695 2361 Caesaris
718 2297 820 2377 trajici
848 2314 1022 2386 oporteret.
1048 2302 1131 2362 Cum
1155 2299 1204 2363 bis
1226 2304 1331 2367 servis

262 2399 346 2487 (tres
370 2399 507 2465 omnino
526 2398 636 2488 erant)
655 2399 724 2487 ipse
743 2421 877 2487 quoque
901 2400 1007 2464 servili
1026 2400 1140 2466 habitu
1160 2402 1328 2468 fortunam
1421 2477 1422 2480 Ἴ

262 2501 485 2581 dissimulans,
503 2523 617 2564 navem
633 2501 828 2565 scalmorum
845 2499 1018 2564 duodecim
1031 2500 1235 2582 conscendit,
1250 2503 1328 2568 licet

260 2604 414 2667 horrente
430 2602 675 2690 tempestatibus
694 2603 792 2682 mari,
811 2617 844 2665 et
858 2601 962 2665 ventis
977 2603 1229 2689 pertinacissime
1245 2603 1327 2668 llan-

260 2705 358 2769 tibus.
1421 2693 1422 2696 ¹

305 2803 555 2892 XXV.'Mag‘no
574 2802 700 2883 labore,
721 2802 794 2866 licet
815 2825 921 2890 prono
939 2804 1047 2884 alveo,
1070 2821 1262 2890 perventum
1284 2807 1324 2868 ad

261 2907 382 2971 ostium
399 2904 503 2969 amnis
518 2919 603 2984 erat,
620 2927 724 2991 quum
743 2904 846 2968 ventis
861 2919 893 2966 et
909 2920 989 2968 estu
1006 2903 1141 2968 adverso
1158 2927 1323 2970 remorum

259 3003 389 3073 irritum
409 3005 554 3069 laborem
572 3006 642 3068 fore
659 3005 817 3094 apparuit.
843 3005 893 3069 lbi
911 3004 1093 3096 desperanti
1114 3007 1324 3095 gubernatori

259 3110 308 3173 vir
326 3110 441 3197 ingens
460 3105 575 3187 animi,
600 3123 632 3171 et
655 3108 794 3172 fortuma
814 3129 879 3170 suns
903 3123 1017 3171 cuncta
1041 3130 1168 3172 cessura
1186 3123 1323 3195 putans,

260 3207 372 3293 «Quid
390 3209 502 3289 times,
517 3207 648 3295 inquit?
663 3209 820 3272 Caesarem
835 3207 955 3272 nebisn.
973 3208 1022 3274 Ad
1041 3211 1125 3272 hane
1143 3233 1256 3274 vocem
1273 3227 1323 3272 at·
1421 3265 1422 3274 ,

259 3310 370 3376 tonitis
387 3309 560 3391 omnibus,
583 3325 616 3372 et
637 3331 768 3372 summo
787 3325 907 3372 conatu
922 3309 1167 3374 intendentibus
1189 3333 1322 3388 nervos,
1421 3369 1422 3380 ,

258 3412 379 3476 ostium
397 3425 584 3498 superatum
606 3425 656 3473 est
676 3408 922 3498 nequidquam:
940 3425 1057 3474 ventus
1073 3412 1160 3474 enim
1182 3411 1323 3476 subinde

258 3511 300 3576 ad
314 3511 391 3576 litus
407 3509 569 3590 rejiciebat
584 3510 746 3593 lembum,
763 3509 869 3574 donec
882 3511 987 3574 vicina
1000 3511 1065 3590 jam
1084 3513 1175 3594 luce,
1194 3515 1322 3578 timenti

258 3611 482 3704 gubernatori,
501 3634 543 3676 ne
558 3611 599 3674 ab
615 3611 764 3676 hostibus
780 3613 1060 3699 conspicerentur,
1078 3614 1186 3678 Cesar
1197 3615 1323 3678 inritis·

166 3750 169 3756 1
257 3716 358 3780 simus
372 3713 477 3779 redire
495 3711 650 3800 permisit
671 3713 757 3795 Quia
776 3729 883 3778 tameo
900 3713 1037 3777 omnino
1058 3713 1241 3778 faciendum
1259 3738 1322 3802 pu-

291 3927 417 3998 §unt
430 3927 492 3975 cns.
510 3949 545 3962 ·-
556 3925 619 3974 Vell.
629 3927 668 3985 ll,
679 3926 723 3974 68.
737 3955 772 3965 -
787 3927 937 3993 Appiam-
952 3929 1014 3989 Dio,
1026 3929 1070 3977 lib.
1082 3931 1147 3978 xm.
1164 3957 1200 3966 —
1214 3930 1278 3979 Plut.
1295 3931 1320 3978 in

257 4017 317 4065 Cu.
332 4008 608 4074 -Flor.1V.a.—§
623 4010 786 4058 nmmo.
802 4039 831 4047 -
848 4012 908 4060 Cres.
928 4040 963 4048 -
979 4013 1043 4061 Plut.
1057 4015 1084 4060 ln
1098 4015 1191 4060 Antea.
1205 4040 1239 4052 -
1254 4012 1320 4060 Flet.
1421 4039 1422 4052 t

258 4125 292 4136 -
306 4099 397 4144 Lucra.
408 4096 440 4155 V,
455 4095 514 4153 ⁵⁰7·
