2875 4900
280 356 322 428 :ia
452 360 521 426 JO.
548 357 889 428 FREINSHEMII
920 357 1166 427 SUPPLEM.

278 478 423 544 bendum
435 477 646 542 existimabat.
660 477 691 540 Is
706 499 785 566 ergo
797 476 888 540 hunc
901 479 1040 542 maxime
1054 479 1087 542 in
1100 478 1234 542 modum
1248 480 1347 544 disse-

277 583 343 645 ruit
363 605 370 645 :
387 611 399 636 ι
417 581 499 662 Quae
521 579 562 644 de
581 580 701 642 virtute
723 594 823 666 atque
847 579 949 666 gloria
972 581 1009 644 C.
1025 579 1119 642 Marii
1138 579 1225 644 dicta
1246 598 1344 662 sunt,

276 713 289 738 «
300 705 406 770 neque
423 681 464 744 ab
482 679 619 744 inimicis
639 679 708 760 ejus
725 694 902 766 negantur;
919 694 952 742 et
966 701 1028 767 ego
1046 679 1209 744 neminem
1227 680 1343 745 eadem

276 798 390 848 «atate
406 783 633 870 imperatorem
650 802 726 844 oum
741 778 805 842 hoc
819 778 999 866 comparari
1015 780 1275 866 posaearbitror.

321 884 462 948 XXXII.
479 913 492 938 a
504 883 680 960 Craterum,
698 878 977 967 quemadmodum
990 879 1130 966 reliqua,
1149 902 1221 966 quae
1235 881 1345 944 oriun-

277 1001 356 1046 «tur
381 999 414 1045 et
441 979 616 1062 occidunt,
641 996 723 1044 stata
744 979 909 1044 crescendi
937 979 1171 1069 minuendique
1196 995 1345 1070 tempora

276 1083 437 1164 «habent,
457 1103 565 1168 neque
586 1079 666 1144 fines
685 1103 703 1144 a
725 1096 840 1143 natura
859 1081 1064 1168 praescriptos
1084 1081 1243 1144 transilire
1263 1105 1344 1170 pos·

274 1215 287 1238 «ι
297 1199 393 1262 sunt3
412 1183 455 1244 ita
469 1198 502 1246 et
515 1181 666 1246 humanae
679 1181 791 1244 virtuti
807 1202 886 1244 suus
900 1196 1010 1260 ortus,
1024 1178 1143 1244 deinde
1156 1182 1344 1262 maturitas,

243 1316 246 1322 ·
277 1299 479 1372 «postremo,
497 1305 569 1370 quae
592 1282 680 1346 illam
699 1281 899 1370 exstinguat,
920 1297 1069 1345 senectus
1088 1296 1146 1344 est.
1165 1283 1234 1346 Nec
1249 1283 1344 1346 aliter

274 1415 287 1441 «ι
298 1383 338 1448 de
360 1385 460 1473 gloria
477 1382 715 1464 judicaverim:
739 1383 919 1446 multorum
938 1380 1038 1445 hodie
1060 1381 1114 1444 vix
1132 1382 1266 1446 nomina
1287 1405 1345 1446 co-
1412 1368 1419 1388 ’

274 1503 516 1576 agnoscuntur,
539 1507 622 1573 quos
644 1484 765 1547 iciruus
785 1483 920 1546 vetustis
944 1483 1146 1570 temporibus
1168 1483 1344 1548 clarissima

273 1587 379 1648 «fama
396 1583 553 1650 floruisse.
571 1584 717 1648 Priorem
734 1599 844 1647 autem
860 1584 961 1672 gloria
975 1583 1126 1647 virtutem
1143 1607 1213 1649 esse
1226 1608 1339 1650 necea·

275 1710 370 1752 usum
391 1705 455 1768 est,
475 1709 578 1774 quum
597 1687 683 1748 hanc
704 1684 757 1747 itta
774 1699 992 1771 consequatur
1001 1708 1012 1765 3
1036 1699 1072 1747 at
1088 1707 1160 1772 quae
1178 1687 1343 1772 posterius

274 1819 288 1846 ι
299 1805 367 1852 orta
385 1804 479 1868 sunt,
496 1787 618 1852 diutius
634 1799 791 1850 manent:
807 1807 846 1847 eo
860 1783 914 1865 fit,
928 1799 969 1847 ut
983 1805 1050 1847 non
1066 1781 1153 1847 idem
1169 1784 1343 1873 utriusque

277 1889 342 1951 «sit
358 1887 431 1952 finis
452 1903 548 1975 atque
570 1885 745 1967 terminus,
763 1884 821 1948 sed
843 1885 945 1948 ferme
967 1900 1037 1946 tum
1053 1885 1215 1974 praecipue
1234 1885 1344 1976 vigeat

264 2020 289 2045 ..
300 1990 401 2072 fama,
415 2005 589 2078 postquam
601 1987 698 2074 longa
710 2001 819 2068 aetate,
832 2001 890 2049 aut
901 1985 1018 2048 morbo
1030 1985 1193 2074 corporis,
1207 2003 1263 2050 aut
1275 1988 1342 2051 aiio

275 2122 288 2148 a
299 2091 397 2155 veluti
415 2091 479 2154 situ
487 2090 594 2152 virtus
611 2086 778 2151 emarcuit.

246 2237 250 2248 ·
320 2194 474 2257 XXXIII.
491 2189 640 2254 «Idcirco
655 2211 759 2276 quum
776 2188 863 2252 nulla
880 2189 979 2253 fuerit
995 2212 1140 2278 unquam
1158 2191 1343 2278 respublica

274 2315 491 2382 «nragnorum
515 2290 637 2355 ducum
661 2289 816 2370 feracior,
839 2289 898 2352 ubi
923 2292 1174 2356 commentarios
1197 2292 1342 2358 historiae

274 2424 287 2449 r
298 2417 440 2459 romanae
452 2409 548 2481 atque
559 2392 689 2456 annales
702 2412 817 2456 ornnes
828 2391 998 2474 evolveris,
1012 2393 1177 2457 neminem
1188 2394 1341 2482 reperies,

274 2498 348 2559 acui
363 2496 403 2559 arl
421 2496 481 2559 hos
496 2516 598 2557 annos
614 2494 666 2556 ille
677 2492 770 2581 vigor
785 2492 885 2555 animi
902 2516 940 2557 ac
952 2494 1115 2581 corporis,
1127 2516 1225 2581 quem
1237 2495 1342 2559 rirtu·

273 2614 361 2659 «tent
376 2616 547 2675 vocamus,
568 2592 742 2657 duraverit.
758 2593 854 2657 Unde
870 2594 1032 2681 sapienter
1044 2619 1063 2657 a
1081 2595 1257 2674 majoribus
1274 2619 1341 2661 uo-

274 2700 370 2761 «stris
396 2696 610 2761 constitutum
633 2710 700 2772 est,
727 2708 766 2756 ut
787 2710 863 2781 post
884 2694 1190 2785 quinquagesimum
1212 2718 1342 2761 annum

273 2830 286 2855 ι
297 2798 417 2863 militia
434 2797 476 2861 sit
488 2796 629 2876 vacati03
648 2818 666 2857 a
684 2795 800 2882 quinto
819 2810 852 2857 et
866 2795 1064 2883 sexagesimo
1080 2813 1211 2861 senator
1227 2798 1343 2861 venire

274 2922 365 2963 «non
381 2914 516 2987 cogatur
537 2896 570 2959 in
593 2895 735 2975 curiam3
752 2895 786 2958 in
806 2895 946 2959 comitiis
962 2893 1004 2959 de
1022 2912 1124 2983 ponte
1141 2901 1343 2987 sexagenarii

274 2998 496 3080 «dejiciantur.
515 2996 597 3079 Quae
612 2996 760 3083 profecto
773 2996 835 3060 itus
854 3018 920 3059 non
934 2996 1146 3084 placuissent,
1165 2999 1227 3062 nisi
1244 3022 1343 3063 sene·

275 3111 369 3160 actus
388 3096 433 3161 ita
451 3094 597 3185 corporis
616 3095 781 3183 animique
804 3095 887 3159 vires
907 3114 1089 3178 enervaret,
1107 3114 1145 3161 ut
1163 3099 1262 3164 iidem
1278 3100 1344 3165 ho-

275 3197 420 3279 «mines,
443 3214 614 3285 postquam
638 3213 729 3261 aetate
748 3197 865 3261 mutati
887 3213 983 3278 sunt,
1000 3198 1134 3263 minime
1153 3199 1252 3265 iidem
1268 3224 1342 3267 esse

275 3294 479 3360 irrideantur.

318 3397 471 3461 XXXIV.
488 3398 586 3459 «Haec
603 3398 682 3461 mihi
701 3399 769 3461 visa
786 3400 913 3463 suntin
932 3400 1082 3487 prasenti
1099 3400 1342 3469 consultatione

276 3496 468 3585 «diligenter
490 3496 613 3560 attendi
636 3498 755 3561 debere
775 3522 783 3562 τ
806 3522 849 3562 ne
869 3498 997 3589 decepti
1018 3516 1051 3563 et
1072 3501 1227 3588 opinione
1248 3503 1341 3588 fatri,

274 3598 394 3661 «alium
419 3618 599 3685 quaeramus
621 3598 782 3679 Marium,
804 3599 903 3663 aliurn
926 3599 1152 3689 adipiscamur.
1174 3602 1258 3665 Nam
1284 3605 1342 3670 itte

272 3698 442 3787 «profecto
456 3698 593 3780 Marius,
612 3699 670 3786 qui
685 3699 852 3787 Jugurthae
873 3701 970 3789 fregit
984 3703 1156 3784 ferociam,
1173 3705 1230 3790 qui
1248 3705 1342 3771 Cim·

273 3800 373 3863 «bros
391 3798 624 3887 'I'eutonosque
646 3798 913 3865 decantatissimis
933 3803 1053 3892 pugnis
1074 3804 1241 3889 contudit,
1257 3808 1342 3873 olim

310 4006 327 4071 s
340 4008 437 4056 XXXI.
449 4008 511 4057 rtur.
524 4009 651 4056 insertor.
663 4026 684 4057 c.
697 4025 721 4071 7.
737 4038 768 4045 -
782 4009 800 4075 ς
813 3991 938 4077 xitxnt.
949 4014 1034 4061 Seuer.
1048 4012 1079 4059 de
1092 4012 1162 4060 nm.
1177 4013 1247 4073 rita,
1258 4030 1281 4063 c.
1296 4030 1343 4065 ao.

272 4120 308 4134 ··-
323 4096 383 4142 I'ctt.
396 4108 450 4142 roc.
460 4092 601 4157 &pantani
609 4110 690 4151 senes,
707 4092 795 4152 idest,
810 4094 918 4157 suffragii
929 4096 983 4154 jure
994 4096 1091 4159 privati.
