<?xml version="1.0" encoding="UTF-8"?>
<!DOCTYPE html PUBLIC "-//W3C//DTD XHTML 1.0 Transitional//EN"
    "http://www.w3.org/TR/xhtml1/DTD/xhtml1-transitional.dtd">
<html xmlns="http://www.w3.org/1999/xhtml" xml:lang="en" lang="en">
 <head>
  <title>
</title>
<meta http-equiv="Content-Type" content="text/html;charset=utf-8" />
  <meta name='ocr-system' content='tesseract 3.04.00' />
  <meta name='ocr-capabilities' content='ocr_page ocr_carea ocr_par ocr_line ocrx_word'/>
</head>
<body>
  <div class='ocr_page' id='page_1' title='image "bibliothecaclas116lemagoog_0046.png"; bbox 0 0 2875 4900; ppageno 0'>
   <div class='ocr_carea' id='block_1_1' title="bbox 279 351 1255 440">
    <p class='ocr_par' dir='ltr' id='par_1_1' title="bbox 279 351 1255 440">
     <span class='ocr_line' id='line_1_1' title="bbox 279 351 1255 440; baseline -0.007 -14"><span class='ocrx_word' id='word_1_1' title='bbox 279 355 324 440; x_wconf 75' lang='grc'>34</span> <span class='ocrx_word' id='word_1_2' title='bbox 457 351 1172 422; x_wconf 75' lang='lat' dir='ltr'>10.FRE1NSHEM115UPPLEM.</span> <span class='ocrx_word' id='word_1_3' title='bbox 1251 393 1255 400; x_wconf 37' lang='grc' dir='ltr'><em>ι</em></span> 
     </span>
    </p>
   </div>
   <div class='ocr_carea' id='block_1_2' title="bbox 191 472 1348 3993">
    <p class='ocr_par' dir='ltr' id='par_1_2' title="bbox 275 472 1344 1058">
     <span class='ocr_line' id='line_1_2' title="bbox 277 472 1343 562; baseline 0.006 -30"><span class='ocrx_word' id='word_1_4' title='bbox 277 492 388 554; x_wconf 70' lang='lat' dir='ltr'>«mm,</span> <span class='ocrx_word' id='word_1_5' title='bbox 404 473 572 537; x_wconf 86' lang='lat' dir='ltr'>consulem</span> <span class='ocrx_word' id='word_1_6' title='bbox 584 473 698 560; x_wconf 88' lang='lat' dir='ltr'>populi</span> <span class='ocrx_word' id='word_1_7' title='bbox 709 472 853 554; x_wconf 84' lang='lat' dir='ltr'>romani,</span> <span class='ocrx_word' id='word_1_8' title='bbox 862 473 1025 562; x_wconf 84' lang='lat' dir='ltr'>vigentem</span> <span class='ocrx_word' id='word_1_9' title='bbox 1032 489 1126 538; x_wconf 73' lang='lat' dir='ltr'>aetate</span> <span class='ocrx_word' id='word_1_10' title='bbox 1136 489 1169 538; x_wconf 93' lang='lat' dir='ltr'>et</span> <span class='ocrx_word' id='word_1_11' title='bbox 1177 495 1343 540; x_wconf 87' lang='lat' dir='ltr'>armorum</span> 
     </span>
     <span class='ocr_line' id='line_1_3' title="bbox 277 573 1343 664; baseline 0 -26"><span class='ocrx_word' id='word_1_12' title='bbox 277 573 418 663; x_wconf 80' lang='lat' dir='ltr'>«glorie,</span> <span class='ocrx_word' id='word_1_13' title='bbox 438 573 519 636; x_wconf 83' lang='lat' dir='ltr'>nihil</span> <span class='ocrx_word' id='word_1_14' title='bbox 537 573 650 637; x_wconf 84' lang='lat' dir='ltr'>fecisse</span> <span class='ocrx_word' id='word_1_15' title='bbox 667 593 790 636; x_wconf 81' lang='lat' dir='ltr'>novum</span> <span class='ocrx_word' id='word_1_16' title='bbox 803 589 861 638; x_wconf 88' lang='lat' dir='ltr'>aut</span> <span class='ocrx_word' id='word_1_17' title='bbox 879 575 1018 656; x_wconf 88' lang='lat' dir='ltr'>mirum,</span> <span class='ocrx_word' id='word_1_18' title='bbox 1035 575 1064 638; x_wconf 88' lang='lat' dir='ltr'>si</span> <span class='ocrx_word' id='word_1_19' title='bbox 1082 576 1163 664; x_wconf 89' lang='lat' dir='ltr'>eripi</span> <span class='ocrx_word' id='word_1_20' title='bbox 1179 575 1285 640; x_wconf 85' lang='lat' dir='ltr'>datam</span> <span class='ocrx_word' id='word_1_21' title='bbox 1302 576 1343 639; x_wconf 91' lang='lat' dir='ltr'>ab</span> 
     </span>
     <span class='ocr_line' id='line_1_4' title="bbox 278 674 1342 765; baseline 0.004 -27"><span class='ocrx_word' id='word_1_22' title='bbox 278 690 415 739; x_wconf 68' lang='lat' dir='ltr'>asenatu</span> <span class='ocrx_word' id='word_1_23' title='bbox 430 674 631 763; x_wconf 83' lang='lat' dir='ltr'>provinciam</span> <span class='ocrx_word' id='word_1_24' title='bbox 649 695 732 764; x_wconf 82' lang='lat' dir='ltr'>aegre</span> <span class='ocrx_word' id='word_1_25' title='bbox 748 675 790 737; x_wconf 89' lang='lat' dir='ltr'>sit</span> <span class='ocrx_word' id='word_1_26' title='bbox 802 697 935 763; x_wconf 63' lang='lat' dir='ltr'>passum</span> <span class='ocrx_word' id='word_1_27' title='bbox 949 674 1008 740; x_wconf 87' lang='lat' dir='ltr'>sed</span> <span class='ocrx_word' id='word_1_28' title='bbox 1020 698 1128 763; x_wconf 87' lang='lat' dir='ltr'>neque</span> <span class='ocrx_word' id='word_1_29' title='bbox 1143 698 1162 739; x_wconf 91' lang='lat' dir='ltr'>e</span> <span class='ocrx_word' id='word_1_30' title='bbox 1176 678 1342 765; x_wconf 80' lang='lat' dir='ltr'>republica</span> 
     </span>
     <span class='ocr_line' id='line_1_5' title="bbox 275 774 1344 864; baseline 0.002 -24"><span class='ocrx_word' id='word_1_31' title='bbox 275 807 289 832; x_wconf 77' lang='grc' dir='ltr'>ι</span> <span class='ocrx_word' id='word_1_32' title='bbox 298 777 415 858; x_wconf 86' lang='lat' dir='ltr'>fuisse,</span> <span class='ocrx_word' id='word_1_33' title='bbox 428 792 467 838; x_wconf 90' lang='lat' dir='ltr'>ut</span> <span class='ocrx_word' id='word_1_34' title='bbox 478 775 520 838; x_wconf 92' lang='lat' dir='ltr'>ad</span> <span class='ocrx_word' id='word_1_35' title='bbox 536 790 663 840; x_wconf 89' lang='lat' dir='ltr'>tantum</span> <span class='ocrx_word' id='word_1_36' title='bbox 681 774 803 838; x_wconf 88' lang='lat' dir='ltr'>bellum</span> <span class='ocrx_word' id='word_1_37' title='bbox 818 776 995 864; x_wconf 87' lang='lat' dir='ltr'>imperator</span> <span class='ocrx_word' id='word_1_38' title='bbox 1008 778 1111 841; x_wconf 82' lang='lat' dir='ltr'>exacti</span> <span class='ocrx_word' id='word_1_39' title='bbox 1122 777 1188 858; x_wconf 80' lang='lat' dir='ltr'>jam</span> <span class='ocrx_word' id='word_1_40' title='bbox 1200 778 1276 860; x_wconf 81' lang='lat' dir='ltr'>aeri,</span> <span class='ocrx_word' id='word_1_41' title='bbox 1287 801 1344 842; x_wconf 85' lang='lat' dir='ltr'>ex·</span> 
     </span>
     <span class='ocr_line' id='line_1_6' title="bbox 275 875 1344 958; baseline 0.003 -17"><span class='ocrx_word' id='word_1_42' title='bbox 275 879 487 942; x_wconf 76' lang='lat' dir='ltr'>«hausturum</span> <span class='ocrx_word' id='word_1_43' title='bbox 507 875 644 958; x_wconf 83' lang='lat' dir='ltr'>virium,</span> <span class='ocrx_word' id='word_1_44' title='bbox 662 892 695 940; x_wconf 92' lang='lat' dir='ltr'>et</span> <span class='ocrx_word' id='word_1_45' title='bbox 712 878 767 940; x_wconf 90' lang='lat' dir='ltr'>cui</span> <span class='ocrx_word' id='word_1_46' title='bbox 785 877 887 941; x_wconf 89' lang='lat' dir='ltr'>modo</span> <span class='ocrx_word' id='word_1_47' title='bbox 902 875 1043 942; x_wconf 85' lang='lat' dir='ltr'>difficilis</span> <span class='ocrx_word' id='word_1_48' title='bbox 1061 879 1097 942; x_wconf 92' lang='lat' dir='ltr'>iu</span> <span class='ocrx_word' id='word_1_49' title='bbox 1116 880 1208 944; x_wconf 81' lang='lat' dir='ltr'>ltalia</span> <span class='ocrx_word' id='word_1_50' title='bbox 1231 879 1344 944; x_wconf 89' lang='lat' dir='ltr'>militia</span> 
     </span>
     <span class='ocr_line' id='line_1_7' title="bbox 277 978 856 1058; baseline 0 -14"><span class='ocrx_word' id='word_1_51' title='bbox 277 980 430 1058; x_wconf 77' lang='lat' dir='ltr'>«fuisset,</span> <span class='ocrx_word' id='word_1_52' title='bbox 449 993 537 1042; x_wconf 83' lang='lat' dir='ltr'>trans</span> <span class='ocrx_word' id='word_1_53' title='bbox 557 1001 646 1042; x_wconf 91' lang='lat' dir='ltr'>mare</span> <span class='ocrx_word' id='word_1_54' title='bbox 662 978 856 1044; x_wconf 81' lang='lat' dir='ltr'>mitteretur.</span> 
     </span>
    </p>

    <p class='ocr_par' dir='ltr' id='par_1_3' title="bbox 273 1079 1346 1874">
     <span class='ocr_line' id='line_1_8' title="bbox 320 1079 1346 1146; baseline 0.002 -2"><span class='ocrx_word' id='word_1_55' title='bbox 320 1081 474 1144; x_wconf 83' lang='lat' dir='ltr'>XXXIV.</span> <span class='ocrx_word' id='word_1_56' title='bbox 491 1079 577 1144; x_wconf 75' lang='lat' dir='ltr'>«Sed</span> <span class='ocrx_word' id='word_1_57' title='bbox 592 1102 654 1144; x_wconf 89' lang='lat' dir='ltr'>nec</span> <span class='ocrx_word' id='word_1_58' title='bbox 670 1079 716 1144; x_wconf 91' lang='lat' dir='ltr'>ibi</span> <span class='ocrx_word' id='word_1_59' title='bbox 734 1080 917 1145; x_wconf 72' lang='lat' dir='ltr'>substitisse</span> <span class='ocrx_word' id='word_1_60' title='bbox 930 1081 1188 1146; x_wconf 82' lang='lat' dir='ltr'>adversariorum</span> <span class='ocrx_word' id='word_1_61' title='bbox 1203 1081 1346 1146; x_wconf 79' lang='lat' dir='ltr'>insolen-</span> 
     </span>
     <span class='ocr_line' id='line_1_9' title="bbox 276 1179 1343 1272; baseline 0.002 -28"><span class='ocrx_word' id='word_1_62' title='bbox 276 1182 394 1261; x_wconf 80' lang='lat' dir='ltr'>«tiam,</span> <span class='ocrx_word' id='word_1_63' title='bbox 406 1202 521 1245; x_wconf 89' lang='lat' dir='ltr'>verum</span> <span class='ocrx_word' id='word_1_64' title='bbox 532 1179 630 1246; x_wconf 87' lang='lat' dir='ltr'>etiam</span> <span class='ocrx_word' id='word_1_65' title='bbox 640 1179 682 1244; x_wconf 86' lang='lat' dir='ltr'>ad</span> <span class='ocrx_word' id='word_1_66' title='bbox 692 1181 886 1272; x_wconf 84' lang='lat' dir='ltr'>sanguinem</span> <span class='ocrx_word' id='word_1_67' title='bbox 896 1203 935 1245; x_wconf 88' lang='lat' dir='ltr'>ac</span> <span class='ocrx_word' id='word_1_68' title='bbox 943 1181 1047 1246; x_wconf 73' lang='lat' dir='ltr'>cedes</span> <span class='ocrx_word' id='word_1_69' title='bbox 1059 1182 1214 1270; x_wconf 86' lang='lat' dir='ltr'>erupisse.</span> <span class='ocrx_word' id='word_1_70' title='bbox 1223 1183 1343 1246; x_wconf 83' lang='lat' dir='ltr'>Filium</span> 
     </span>
     <span class='ocr_line' id='line_1_10' title="bbox 275 1280 1345 1371; baseline 0.001 -26"><span class='ocrx_word' id='word_1_71' title='bbox 275 1313 288 1336; x_wconf 65' lang='lat' dir='ltr'>a</span> <span class='ocrx_word' id='word_1_72' title='bbox 298 1282 457 1364; x_wconf 86' lang='lat' dir='ltr'>consulis,</span> <span class='ocrx_word' id='word_1_73' title='bbox 472 1280 692 1369; x_wconf 88' lang='lat' dir='ltr'>eumdemque</span> <span class='ocrx_word' id='word_1_74' title='bbox 703 1281 848 1345; x_wconf 81' lang='lat' dir='ltr'>considis</span> <span class='ocrx_word' id='word_1_75' title='bbox 856 1282 987 1346; x_wconf 86' lang='lat' dir='ltr'>alterius</span> <span class='ocrx_word' id='word_1_76' title='bbox 996 1304 1172 1371; x_wconf 81' lang='lat' dir='ltr'>generum,</span> <span class='ocrx_word' id='word_1_77' title='bbox 1181 1284 1345 1363; x_wconf 71' lang='lat' dir='ltr'>occisum,</span> 
     </span>
     <span class='ocr_line' id='line_1_11' title="bbox 275 1381 1345 1472; baseline 0.003 -26"><span class='ocrx_word' id='word_1_78' title='bbox 275 1399 422 1470; x_wconf 76' lang='lat' dir='ltr'>«patrem</span> <span class='ocrx_word' id='word_1_79' title='bbox 441 1381 510 1460; x_wconf 85' lang='lat' dir='ltr'>ejus</span> <span class='ocrx_word' id='word_1_80' title='bbox 529 1381 625 1470; x_wconf 78' lang='lat' dir='ltr'>fuga,</span> <span class='ocrx_word' id='word_1_81' title='bbox 646 1403 796 1446; x_wconf 85' lang='lat' dir='ltr'>socerum</span> <span class='ocrx_word' id='word_1_82' title='bbox 811 1381 1069 1452; x_wconf 75' lang='lat' dir='ltr'>dissimulatione</span> <span class='ocrx_word' id='word_1_83' title='bbox 1088 1399 1123 1448; x_wconf 90' lang='lat' dir='ltr'>et</span> <span class='ocrx_word' id='word_1_84' title='bbox 1142 1385 1345 1472; x_wconf 83' lang='lat' dir='ltr'>temporibus</span> 
     </span>
     <span class='ocr_line' id='line_1_12' title="bbox 274 1482 1346 1572; baseline 0.002 -24"><span class='ocrx_word' id='word_1_85' title='bbox 274 1482 526 1572; x_wconf 81' lang='lat' dir='ltr'>«obsequendo,</span> <span class='ocrx_word' id='word_1_86' title='bbox 540 1483 595 1547; x_wconf 81' lang='lat' dir='ltr'>vix</span> <span class='ocrx_word' id='word_1_87' title='bbox 612 1483 786 1548; x_wconf 86' lang='lat' dir='ltr'>retinuisse</span> <span class='ocrx_word' id='word_1_88' title='bbox 802 1484 911 1550; x_wconf 81' lang='lat' dir='ltr'>vitam.</span> <span class='ocrx_word' id='word_1_89' title='bbox 928 1484 1025 1548; x_wconf 83' lang='lat' dir='ltr'>Sullae</span> <span class='ocrx_word' id='word_1_90' title='bbox 1042 1503 1121 1547; x_wconf 88' lang='lat' dir='ltr'>vero</span> <span class='ocrx_word' id='word_1_91' title='bbox 1136 1485 1232 1548; x_wconf 87' lang='lat' dir='ltr'>sicuti</span> <span class='ocrx_word' id='word_1_92' title='bbox 1249 1484 1346 1550; x_wconf 85' lang='lat' dir='ltr'>dolo·</span> 
     </span>
     <span class='ocr_line' id='line_1_13' title="bbox 273 1583 1344 1674; baseline 0.003 -28"><span class='ocrx_word' id='word_1_93' title='bbox 273 1605 367 1648; x_wconf 75' lang='lat' dir='ltr'>«rem</span> <span class='ocrx_word' id='word_1_94' title='bbox 385 1606 451 1648; x_wconf 92' lang='lat' dir='ltr'>non</span> <span class='ocrx_word' id='word_1_95' title='bbox 472 1583 649 1667; x_wconf 86' lang='lat' dir='ltr'>injustum,</span> <span class='ocrx_word' id='word_1_96' title='bbox 667 1585 712 1648; x_wconf 88' lang='lat' dir='ltr'>ita</span> <span class='ocrx_word' id='word_1_97' title='bbox 730 1583 924 1648; x_wconf 80' lang='lat' dir='ltr'>modestiam</span> <span class='ocrx_word' id='word_1_98' title='bbox 942 1585 977 1647; x_wconf 93' lang='lat' dir='ltr'>in</span> <span class='ocrx_word' id='word_1_99' title='bbox 994 1585 1131 1648; x_wconf 82' lang='lat' dir='ltr'>victoria</span> <span class='ocrx_word' id='word_1_100' title='bbox 1147 1586 1344 1674; x_wconf 70' lang='lat' dir='ltr'>eingidnrem</span> 
     </span>
     <span class='ocr_line' id='line_1_14' title="bbox 274 1681 1345 1773; baseline 0.007 -27"><span class='ocrx_word' id='word_1_101' title='bbox 274 1714 288 1738; x_wconf 76' lang='grc' dir='ltr'>«ι</span> <span class='ocrx_word' id='word_1_102' title='bbox 298 1681 407 1749; x_wconf 81' lang='lat' dir='ltr'>fuisse.</span> <span class='ocrx_word' id='word_1_103' title='bbox 423 1686 472 1748; x_wconf 88' lang='lat' dir='ltr'>De</span> <span class='ocrx_word' id='word_1_104' title='bbox 481 1684 641 1748; x_wconf 88' lang='lat' dir='ltr'>sententia</span> <span class='ocrx_word' id='word_1_105' title='bbox 652 1700 784 1748; x_wconf 87' lang='lat' dir='ltr'>senatus</span> <span class='ocrx_word' id='word_1_106' title='bbox 795 1700 828 1748; x_wconf 90' lang='lat' dir='ltr'>et</span> <span class='ocrx_word' id='word_1_107' title='bbox 839 1685 955 1773; x_wconf 91' lang='lat' dir='ltr'>optimi</span> <span class='ocrx_word' id='word_1_108' title='bbox 965 1685 1125 1773; x_wconf 84' lang='lat' dir='ltr'>cujusque</span> <span class='ocrx_word' id='word_1_109' title='bbox 1133 1687 1345 1753; x_wconf 73' lang='lat' dir='ltr'>constitutam</span> 
     </span>
     <span class='ocr_line' id='line_1_15' title="bbox 275 1784 1274 1874; baseline 0.005 -26"><span class='ocrx_word' id='word_1_110' title='bbox 275 1785 553 1874; x_wconf 75' lang='lat' dir='ltr'>«rempublicam,</span> <span class='ocrx_word' id='word_1_111' title='bbox 569 1785 734 1849; x_wconf 87' lang='lat' dir='ltr'>liberrima</span> <span class='ocrx_word' id='word_1_112' title='bbox 752 1784 1000 1874; x_wconf 78' lang='lat' dir='ltr'>magistratuum</span> <span class='ocrx_word' id='word_1_113' title='bbox 1018 1787 1149 1850; x_wconf 90' lang='lat' dir='ltr'>comitia</span> <span class='ocrx_word' id='word_1_114' title='bbox 1166 1787 1274 1854; x_wconf 85' lang='lat' dir='ltr'>fuisse.</span> 
     </span>
    </p>

    <p class='ocr_par' dir='ltr' id='par_1_4' title="bbox 191 1886 1347 2784">
     <span class='ocr_line' id='line_1_16' title="bbox 320 1886 1346 1977; baseline 0.003 -27"><span class='ocrx_word' id='word_1_115' title='bbox 320 1888 457 1952; x_wconf 89' lang='lat' dir='ltr'>XXXV.</span> <span class='ocrx_word' id='word_1_116' title='bbox 475 1917 488 1944; x_wconf 77' lang='grc' dir='ltr'>ι</span> <span class='ocrx_word' id='word_1_117' title='bbox 498 1889 605 1974; x_wconf 84' lang='lat' dir='ltr'>Atque</span> <span class='ocrx_word' id='word_1_118' title='bbox 616 1886 686 1950; x_wconf 75' lang='lat' dir='ltr'>baec</span> <span class='ocrx_word' id='word_1_119' title='bbox 696 1886 807 1950; x_wconf 90' lang='lat' dir='ltr'>omnia</span> <span class='ocrx_word' id='word_1_120' title='bbox 817 1887 910 1950; x_wconf 88' lang='lat' dir='ltr'>socio</span> <span class='ocrx_word' id='word_1_121' title='bbox 923 1902 957 1951; x_wconf 93' lang='lat' dir='ltr'>et</span> <span class='ocrx_word' id='word_1_122' title='bbox 970 1886 1120 1968; x_wconf 83' lang='lat' dir='ltr'>adjutore</span> <span class='ocrx_word' id='word_1_123' title='bbox 1133 1888 1175 1970; x_wconf 90' lang='lat' dir='ltr'>Q.</span> <span class='ocrx_word' id='word_1_124' title='bbox 1186 1888 1346 1977; x_wconf 88' lang='lat' dir='ltr'>Pompeio</span> 
     </span>
     <span class='ocr_line' id='line_1_17' title="bbox 275 1986 1344 2078; baseline 0.003 -26"><span class='ocrx_word' id='word_1_125' title='bbox 275 2004 404 2078; x_wconf 80' lang='lat' dir='ltr'>«gesta,</span> <span class='ocrx_word' id='word_1_126' title='bbox 417 2003 456 2051; x_wconf 94' lang='lat' dir='ltr'>ut</span> <span class='ocrx_word' id='word_1_127' title='bbox 466 1986 610 2052; x_wconf 85' lang='lat' dir='ltr'>duorum</span> <span class='ocrx_word' id='word_1_128' title='bbox 623 1987 797 2051; x_wconf 87' lang='lat' dir='ltr'>consulum</span> <span class='ocrx_word' id='word_1_129' title='bbox 806 1988 975 2052; x_wconf 83' lang='lat' dir='ltr'>voluntate</span> <span class='ocrx_word' id='word_1_130' title='bbox 983 2011 1021 2053; x_wconf 91' lang='lat' dir='ltr'>ac</span> <span class='ocrx_word' id='word_1_131' title='bbox 1032 2011 1196 2054; x_wconf 86' lang='lat' dir='ltr'>consensu</span> <span class='ocrx_word' id='word_1_132' title='bbox 1208 1989 1344 2055; x_wconf 85' lang='lat' dir='ltr'>fierent:</span> 
     </span>
     <span class='ocr_line' id='line_1_18' title="bbox 275 2087 1345 2179; baseline 0 -25"><span class='ocrx_word' id='word_1_133' title='bbox 275 2113 406 2178; x_wconf 75' lang='lat' dir='ltr'>«neque</span> <span class='ocrx_word' id='word_1_134' title='bbox 422 2087 511 2153; x_wconf 89' lang='lat' dir='ltr'>aliud</span> <span class='ocrx_word' id='word_1_135' title='bbox 528 2109 700 2178; x_wconf 82' lang='lat' dir='ltr'>oppressos</span> <span class='ocrx_word' id='word_1_136' title='bbox 722 2088 894 2176; x_wconf 76' lang='lat' dir='ltr'>tyrannide</span> <span class='ocrx_word' id='word_1_137' title='bbox 915 2090 1096 2154; x_wconf 83' lang='lat' dir='ltr'>factionum</span> <span class='ocrx_word' id='word_1_138' title='bbox 1118 2090 1229 2155; x_wconf 87' lang='lat' dir='ltr'>Patres</span> <span class='ocrx_word' id='word_1_139' title='bbox 1252 2105 1345 2179; x_wconf 89' lang='lat' dir='ltr'>opta-</span> 
     </span>
     <span class='ocr_line' id='line_1_19' title="bbox 275 2188 1347 2281; baseline -0.001 -24"><span class='ocrx_word' id='word_1_140' title='bbox 275 2193 390 2257; x_wconf 74' lang='lat' dir='ltr'>·visse.</span> <span class='ocrx_word' id='word_1_141' title='bbox 422 2189 512 2273; x_wconf 91' lang='lat' dir='ltr'>Quid</span> <span class='ocrx_word' id='word_1_142' title='bbox 539 2211 617 2253; x_wconf 86' lang='lat' dir='ltr'>vero</span> <span class='ocrx_word' id='word_1_143' title='bbox 643 2188 794 2270; x_wconf 88' lang='lat' dir='ltr'>stultius,</span> <span class='ocrx_word' id='word_1_144' title='bbox 819 2190 981 2277; x_wconf 89' lang='lat' dir='ltr'>siquidem</span> <span class='ocrx_word' id='word_1_145' title='bbox 1008 2190 1161 2256; x_wconf 85' lang='lat' dir='ltr'>violentia</span> <span class='ocrx_word' id='word_1_146' title='bbox 1189 2208 1347 2281; x_wconf 82' lang='lat' dir='ltr'>arguatur</span> 
     </span>
     <span class='ocr_line' id='line_1_20' title="bbox 274 2289 1346 2379; baseline 0.002 -25"><span class='ocrx_word' id='word_1_147' title='bbox 274 2291 412 2374; x_wconf 73' lang='lat' dir='ltr'>«Sullae,</span> <span class='ocrx_word' id='word_1_148' title='bbox 431 2311 530 2377; x_wconf 87' lang='lat' dir='ltr'>quam</span> <span class='ocrx_word' id='word_1_149' title='bbox 554 2289 678 2353; x_wconf 89' lang='lat' dir='ltr'>irritare</span> <span class='ocrx_word' id='word_1_150' title='bbox 700 2289 879 2378; x_wconf 89' lang='lat' dir='ltr'>impetum,</span> <span class='ocrx_word' id='word_1_151' title='bbox 898 2313 966 2379; x_wconf 91' lang='lat' dir='ltr'>quo</span> <span class='ocrx_word' id='word_1_152' title='bbox 982 2292 1100 2356; x_wconf 80' lang='lat' dir='ltr'>violata</span> <span class='ocrx_word' id='word_1_153' title='bbox 1117 2293 1228 2357; x_wconf 87' lang='lat' dir='ltr'>omnia</span> <span class='ocrx_word' id='word_1_154' title='bbox 1243 2292 1346 2358; x_wconf 88' lang='lat' dir='ltr'>ruodo</span> 
     </span>
     <span class='ocr_line' id='line_1_21' title="bbox 191 2391 1345 2480; baseline 0.003 -25"><span class='ocrx_word' id='word_1_155' title='bbox 191 2408 192 2416; x_wconf 56' lang='lat'>¹</span> <span class='ocrx_word' id='word_1_156' title='bbox 276 2415 335 2457; x_wconf 66' lang='lat' dir='ltr'>nac</span> <span class='ocrx_word' id='word_1_157' title='bbox 353 2411 462 2457; x_wconf 81' lang='lat' dir='ltr'>eversa</span> <span class='ocrx_word' id='word_1_158' title='bbox 480 2391 634 2480; x_wconf 88' lang='lat' dir='ltr'>queraris.</span> <span class='ocrx_word' id='word_1_159' title='bbox 654 2391 783 2457; x_wconf 88' lang='lat' dir='ltr'>Scilicet</span> <span class='ocrx_word' id='word_1_160' title='bbox 799 2393 836 2457; x_wconf 85' lang='lat' dir='ltr'>L.</span> <span class='ocrx_word' id='word_1_161' title='bbox 857 2391 997 2457; x_wconf 89' lang='lat' dir='ltr'>Cinnam</span> <span class='ocrx_word' id='word_1_162' title='bbox 1013 2415 1137 2459; x_wconf 83' lang='lat' dir='ltr'>norum</span> <span class='ocrx_word' id='word_1_163' title='bbox 1155 2395 1345 2477; x_wconf 88' lang='lat' dir='ltr'>consulem,</span> 
     </span>
     <span class='ocr_line' id='line_1_22' title="bbox 275 2492 1347 2583; baseline 0.002 -26"><span class='ocrx_word' id='word_1_164' title='bbox 275 2509 331 2558; x_wconf 73' lang='lat' dir='ltr'>net</span> <span class='ocrx_word' id='word_1_165' title='bbox 338 2494 529 2583; x_wconf 86' lang='lat' dir='ltr'>Verginium</span> <span class='ocrx_word' id='word_1_166' title='bbox 538 2494 600 2557; x_wconf 87' lang='lat' dir='ltr'>hac</span> <span class='ocrx_word' id='word_1_167' title='bbox 612 2492 757 2557; x_wconf 88' lang='lat' dir='ltr'>balbutie</span> <span class='ocrx_word' id='word_1_168' title='bbox 766 2493 954 2577; x_wconf 91' lang='lat' dir='ltr'>tribunum,</span> <span class='ocrx_word' id='word_1_169' title='bbox 968 2494 1091 2558; x_wconf 88' lang='lat' dir='ltr'>laturos</span> <span class='ocrx_word' id='word_1_170' title='bbox 1101 2510 1347 2583; x_wconf 74' lang='lat' dir='ltr'>tempestatem,</span> 
     </span>
     <span class='ocr_line' id='line_1_23' title="bbox 275 2594 1347 2683; baseline 0.002 -24"><span class='ocrx_word' id='word_1_171' title='bbox 275 2595 350 2659; x_wconf 77' lang='lat' dir='ltr'>«cui</span> <span class='ocrx_word' id='word_1_172' title='bbox 367 2617 495 2660; x_wconf 88' lang='lat' dir='ltr'>summa</span> <span class='ocrx_word' id='word_1_173' title='bbox 514 2594 616 2683; x_wconf 83' lang='lat' dir='ltr'>gloria</span> <span class='ocrx_word' id='word_1_174' title='bbox 633 2594 727 2674; x_wconf 87' lang='lat' dir='ltr'>belli,</span> <span class='ocrx_word' id='word_1_175' title='bbox 747 2617 940 2682; x_wconf 86' lang='lat' dir='ltr'>summaque</span> <span class='ocrx_word' id='word_1_176' title='bbox 960 2594 1110 2659; x_wconf 77' lang='lat' dir='ltr'>lacuudia</span> <span class='ocrx_word' id='word_1_177' title='bbox 1128 2596 1208 2677; x_wconf 83' lang='lat' dir='ltr'>riri,</span> <span class='ocrx_word' id='word_1_178' title='bbox 1226 2598 1261 2660; x_wconf 85' lang='lat' dir='ltr'>C.</span> <span class='ocrx_word' id='word_1_179' title='bbox 1273 2596 1347 2661; x_wconf 86' lang='lat' dir='ltr'>Ma·</span> 
     </span>
     <span class='ocr_line' id='line_1_24' title="bbox 275 2694 896 2784; baseline -0.003 -25"><span class='ocrx_word' id='word_1_180' title='bbox 275 2728 288 2753; x_wconf 71' lang='lat' dir='ltr'>a</span> <span class='ocrx_word' id='word_1_181' title='bbox 298 2696 381 2777; x_wconf 87' lang='lat' dir='ltr'>rius,</span> <span class='ocrx_word' id='word_1_182' title='bbox 393 2696 430 2761; x_wconf 88' lang='lat' dir='ltr'>P.</span> <span class='ocrx_word' id='word_1_183' title='bbox 448 2696 610 2784; x_wconf 88' lang='lat' dir='ltr'>Sulpicius</span> <span class='ocrx_word' id='word_1_184' title='bbox 628 2694 896 2760; x_wconf 87' lang='lat' dir='ltr'>succubuissent!</span> 
     </span>
    </p>

    <p class='ocr_par' dir='ltr' id='par_1_5' title="bbox 273 2796 1348 3896">
     <span class='ocr_line' id='line_1_25' title="bbox 320 2796 1348 2884; baseline -0.002 -23"><span class='ocrx_word' id='word_1_185' title='bbox 320 2797 473 2861; x_wconf 84' lang='lat' dir='ltr'>XXXVI.</span> <span class='ocrx_word' id='word_1_186' title='bbox 490 2797 555 2859; x_wconf 81' lang='lat' dir='ltr'>«Et</span> <span class='ocrx_word' id='word_1_187' title='bbox 572 2797 610 2860; x_wconf 88' lang='lat' dir='ltr'>iis</span> <span class='ocrx_word' id='word_1_188' title='bbox 629 2818 705 2859; x_wconf 90' lang='lat' dir='ltr'>cum</span> <span class='ocrx_word' id='word_1_189' title='bbox 721 2796 953 2884; x_wconf 89' lang='lat' dir='ltr'>incipientibus</span> <span class='ocrx_word' id='word_1_190' title='bbox 975 2797 1084 2861; x_wconf 90' lang='lat' dir='ltr'>adhuc</span> <span class='ocrx_word' id='word_1_191' title='bbox 1105 2798 1203 2861; x_wconf 76' lang='lat' dir='ltr'>Sullae</span> <span class='ocrx_word' id='word_1_192' title='bbox 1224 2796 1348 2884; x_wconf 73' lang='lat' dir='ltr'>opibus</span> 
     </span>
     <span class='ocr_line' id='line_1_26' title="bbox 274 2886 1345 2989; baseline 0 -26"><span class='ocrx_word' id='word_1_193' title='bbox 274 2886 464 2989; x_wconf 78' lang='lat' dir='ltr'>«negotium</span> <span class='ocrx_word' id='word_1_194' title='bbox 479 2897 596 2979; x_wconf 75' lang='lat' dir='ltr'>fuisse3</span> <span class='ocrx_word' id='word_1_195' title='bbox 614 2919 705 2961; x_wconf 91' lang='lat' dir='ltr'>nunc</span> <span class='ocrx_word' id='word_1_196' title='bbox 722 2899 936 2987; x_wconf 91' lang='lat' dir='ltr'>pugnandum</span> <span class='ocrx_word' id='word_1_197' title='bbox 953 2898 1024 2963; x_wconf 82' lang='lat' dir='ltr'>lore</span> <span class='ocrx_word' id='word_1_198' title='bbox 1038 2922 1114 2965; x_wconf 89' lang='lat' dir='ltr'>eum</span> <span class='ocrx_word' id='word_1_199' title='bbox 1132 2897 1345 2963; x_wconf 83' lang='lat' dir='ltr'>confirmatis.</span> 
     </span>
     <span class='ocr_line' id='line_1_27' title="bbox 275 2998 1346 3087; baseline -0.004 -23"><span class='ocrx_word' id='word_1_200' title='bbox 275 2999 438 3066; x_wconf 72' lang='lat' dir='ltr'>qusdem</span> <span class='ocrx_word' id='word_1_201' title='bbox 455 2998 526 3063; x_wconf 89' lang='lat' dir='ltr'>illos</span> <span class='ocrx_word' id='word_1_202' title='bbox 542 2998 675 3079; x_wconf 79' lang='lat' dir='ltr'>milites,</span> <span class='ocrx_word' id='word_1_203' title='bbox 693 2998 750 3085; x_wconf 92' lang='lat' dir='ltr'>qui</span> <span class='ocrx_word' id='word_1_204' title='bbox 767 2999 858 3062; x_wconf 91' lang='lat' dir='ltr'>nullo</span> <span class='ocrx_word' id='word_1_205' title='bbox 871 2999 952 3063; x_wconf 91' lang='lat' dir='ltr'>dum</span> <span class='ocrx_word' id='word_1_206' title='bbox 964 3000 1113 3087; x_wconf 78' lang='lat' dir='ltr'>exemplo</span> <span class='ocrx_word' id='word_1_207' title='bbox 1124 3014 1235 3085; x_wconf 85' lang='lat' dir='ltr'>portas</span> <span class='ocrx_word' id='word_1_208' title='bbox 1246 2998 1346 3061; x_wconf 86' lang='lat' dir='ltr'>Urbis</span> 
     </span>
     <span class='ocr_line' id='line_1_28' title="bbox 274 3098 1345 3181; baseline -0.002 -16"><span class='ocrx_word' id='word_1_209' title='bbox 274 3133 287 3155; x_wconf 69' lang='grc' dir='ltr'>σι</span> <span class='ocrx_word' id='word_1_210' title='bbox 298 3100 458 3165; x_wconf 89' lang='lat' dir='ltr'>hostiliter</span> <span class='ocrx_word' id='word_1_211' title='bbox 468 3114 577 3163; x_wconf 88' lang='lat' dir='ltr'>essent</span> <span class='ocrx_word' id='word_1_212' title='bbox 585 3100 656 3161; x_wconf 87' lang='lat' dir='ltr'>ausi</span> <span class='ocrx_word' id='word_1_213' title='bbox 668 3098 845 3181; x_wconf 86' lang='lat' dir='ltr'>recludere,</span> <span class='ocrx_word' id='word_1_214' title='bbox 855 3122 946 3165; x_wconf 90' lang='lat' dir='ltr'>nunc</span> <span class='ocrx_word' id='word_1_215' title='bbox 955 3099 1091 3165; x_wconf 79' lang='lat' dir='ltr'>feliciter</span> <span class='ocrx_word' id='word_1_216' title='bbox 1100 3115 1256 3163; x_wconf 89' lang='lat' dir='ltr'>tentatam</span> <span class='ocrx_word' id='word_1_217' title='bbox 1265 3099 1345 3180; x_wconf 81' lang='lat' dir='ltr'>vim,</span> 
     </span>
     <span class='ocr_line' id='line_1_29' title="bbox 276 3199 1344 3291; baseline -0.001 -25"><span class='ocrx_word' id='word_1_218' title='bbox 276 3223 511 3291; x_wconf 71' lang='lat' dir='ltr'>aquosumque</span> <span class='ocrx_word' id='word_1_219' title='bbox 525 3199 655 3280; x_wconf 88' lang='lat' dir='ltr'>juberet</span> <span class='ocrx_word' id='word_1_220' title='bbox 669 3200 866 3288; x_wconf 86' lang='lat' dir='ltr'>imperator,</span> <span class='ocrx_word' id='word_1_221' title='bbox 884 3201 1113 3266; x_wconf 81' lang='lat' dir='ltr'>incunctanter</span> <span class='ocrx_word' id='word_1_222' title='bbox 1127 3199 1344 3265; x_wconf 74' lang='lat' dir='ltr'>adhibituros.</span> 
     </span>
     <span class='ocr_line' id='line_1_30' title="bbox 276 3300 1345 3390; baseline 0.005 -30"><span class='ocrx_word' id='word_1_223' title='bbox 276 3304 456 3366; x_wconf 68' lang='lat' dir='ltr'>..Praeterea</span> <span class='ocrx_word' id='word_1_224' title='bbox 472 3300 562 3389; x_wconf 90' lang='lat' dir='ltr'>quod</span> <span class='ocrx_word' id='word_1_225' title='bbox 579 3322 685 3389; x_wconf 87' lang='lat' dir='ltr'>neque</span> <span class='ocrx_word' id='word_1_226' title='bbox 699 3300 768 3365; x_wconf 87' lang='lat' dir='ltr'>lieri</span> <span class='ocrx_word' id='word_1_227' title='bbox 777 3317 943 3390; x_wconf 89' lang='lat' dir='ltr'>oporteat,</span> <span class='ocrx_word' id='word_1_228' title='bbox 955 3323 1063 3389; x_wconf 88' lang='lat' dir='ltr'>neque</span> <span class='ocrx_word' id='word_1_229' title='bbox 1075 3302 1194 3390; x_wconf 87' lang='lat' dir='ltr'>possit,</span> <span class='ocrx_word' id='word_1_230' title='bbox 1207 3317 1245 3365; x_wconf 95' lang='lat' dir='ltr'>ut</span> <span class='ocrx_word' id='word_1_231' title='bbox 1256 3300 1345 3365; x_wconf 84' lang='lat' dir='ltr'>Sulla</span> 
     </span>
     <span class='ocr_line' id='line_1_31' title="bbox 274 3401 1345 3493; baseline 0.004 -31"><span class='ocrx_word' id='word_1_232' title='bbox 274 3404 422 3493; x_wconf 72' lang='lat' dir='ltr'>«legibus</span> <span class='ocrx_word' id='word_1_233' title='bbox 441 3424 516 3467; x_wconf 89' lang='lat' dir='ltr'>reus</span> <span class='ocrx_word' id='word_1_234' title='bbox 534 3417 716 3492; x_wconf 85' lang='lat' dir='ltr'>peragatur,</span> <span class='ocrx_word' id='word_1_235' title='bbox 735 3402 770 3466; x_wconf 91' lang='lat' dir='ltr'>id</span> <span class='ocrx_word' id='word_1_236' title='bbox 788 3403 853 3466; x_wconf 89' lang='lat' dir='ltr'>hoc</span> <span class='ocrx_word' id='word_1_237' title='bbox 871 3419 1019 3491; x_wconf 88' lang='lat' dir='ltr'>tempore</span> <span class='ocrx_word' id='word_1_238' title='bbox 1034 3425 1142 3491; x_wconf 90' lang='lat' dir='ltr'>neque</span> <span class='ocrx_word' id='word_1_239' title='bbox 1161 3401 1345 3491; x_wconf 87' lang='lat' dir='ltr'>optandum</span> 
     </span>
     <span class='ocr_line' id='line_1_32' title="bbox 273 3502 1346 3592; baseline 0 -25"><span class='ocrx_word' id='word_1_240' title='bbox 273 3502 569 3592; x_wconf 77' lang='lat' dir='ltr'>«postulandumve</span> <span class='ocrx_word' id='word_1_241' title='bbox 589 3502 700 3567; x_wconf 84' lang='lat' dir='ltr'>fuisse.</span> <span class='ocrx_word' id='word_1_242' title='bbox 726 3503 915 3569; x_wconf 78' lang='lat' dir='ltr'>Universum</span> <span class='ocrx_word' id='word_1_243' title='bbox 940 3505 1047 3569; x_wconf 79' lang='lat' dir='ltr'>Asiam</span> <span class='ocrx_word' id='word_1_244' title='bbox 1071 3519 1279 3591; x_wconf 83' lang='lat' dir='ltr'>erumpentes</span> <span class='ocrx_word' id='word_1_245' title='bbox 1301 3505 1346 3567; x_wconf 89' lang='lat' dir='ltr'>ab</span> 
     </span>
     <span class='ocr_line' id='line_1_33' title="bbox 274 3603 1346 3687; baseline 0.006 -24"><span class='ocrx_word' id='word_1_246' title='bbox 274 3606 426 3669; x_wconf 69' lang='lat' dir='ltr'>«Euxino</span> <span class='ocrx_word' id='word_1_247' title='bbox 438 3606 546 3669; x_wconf 89' lang='lat' dir='ltr'>Ponto</span> <span class='ocrx_word' id='word_1_248' title='bbox 561 3604 717 3669; x_wconf 81' lang='lat' dir='ltr'>barbaros</span> <span class='ocrx_word' id='word_1_249' title='bbox 732 3606 823 3670; x_wconf 85' lang='lat' dir='ltr'>velut</span> <span class='ocrx_word' id='word_1_250' title='bbox 838 3605 963 3670; x_wconf 75' lang='lat' dir='ltr'>diluvio</span> <span class='ocrx_word' id='word_1_251' title='bbox 977 3604 1170 3687; x_wconf 85' lang='lat' dir='ltr'>inundasse;</span> <span class='ocrx_word' id='word_1_252' title='bbox 1184 3603 1346 3669; x_wconf 86' lang='lat' dir='ltr'>trucidata</span> 
     </span>
     <span class='ocr_line' id='line_1_34' title="bbox 275 3706 1346 3795; baseline -0.002 -24"><span class='ocrx_word' id='word_1_253' title='bbox 275 3722 348 3771; x_wconf 72' lang='lat' dir='ltr'>«tot</span> <span class='ocrx_word' id='word_1_254' title='bbox 365 3706 485 3771; x_wconf 86' lang='lat' dir='ltr'>civium</span> <span class='ocrx_word' id='word_1_255' title='bbox 504 3727 716 3771; x_wconf 88' lang='lat' dir='ltr'>romanorum</span> <span class='ocrx_word' id='word_1_256' title='bbox 736 3706 825 3771; x_wconf 82' lang='lat' dir='ltr'>foedo</span> <span class='ocrx_word' id='word_1_257' title='bbox 842 3706 992 3795; x_wconf 90' lang='lat' dir='ltr'>exemplo</span> <span class='ocrx_word' id='word_1_258' title='bbox 1010 3727 1079 3770; x_wconf 81' lang='lat' dir='ltr'>esse</span> <span class='ocrx_word' id='word_1_259' title='bbox 1099 3706 1216 3786; x_wconf 75' lang='lat' dir='ltr'>millia,</span> <span class='ocrx_word' id='word_1_260' title='bbox 1233 3726 1346 3795; x_wconf 85' lang='lat' dir='ltr'>regern</span> 
     </span>
     <span class='ocr_line' id='line_1_35' title="bbox 275 3808 1155 3896; baseline 0.001 -25"><span class='ocrx_word' id='word_1_261' title='bbox 275 3808 424 3872; x_wconf 72' lang='lat' dir='ltr'>auomini</span> <span class='ocrx_word' id='word_1_262' title='bbox 442 3829 579 3871; x_wconf 85' lang='lat' dir='ltr'>romano</span> <span class='ocrx_word' id='word_1_263' title='bbox 597 3808 856 3873; x_wconf 89' lang='lat' dir='ltr'>inimicissimum</span> <span class='ocrx_word' id='word_1_264' title='bbox 875 3808 1013 3889; x_wconf 85' lang='lat' dir='ltr'>instare,</span> <span class='ocrx_word' id='word_1_265' title='bbox 1028 3830 1155 3896; x_wconf 88' lang='lat' dir='ltr'>urgere.</span> 
     </span>
    </p>

    <p class='ocr_par' dir='ltr' id='par_1_6' title="bbox 318 3908 1346 3993">
     <span class='ocr_line' id='line_1_36' title="bbox 318 3908 1346 3993; baseline 0.004 -22"><span class='ocrx_word' id='word_1_266' title='bbox 318 3908 563 3973; x_wconf 77' lang='lat' dir='ltr'>XXXVll.·Ab</span> <span class='ocrx_word' id='word_1_267' title='bbox 572 3908 688 3974; x_wconf 87' lang='lat' dir='ltr'>eodem</span> <span class='ocrx_word' id='word_1_268' title='bbox 697 3908 1026 3993; x_wconf 85' lang='lat' dir='ltr'>fidelissimossocios,</span> <span class='ocrx_word' id='word_1_269' title='bbox 1033 3910 1166 3977; x_wconf 86' lang='lat' dir='ltr'>unicam</span> <span class='ocrx_word' id='word_1_270' title='bbox 1173 3908 1346 3975; x_wconf 87' lang='lat' dir='ltr'>hostilium</span> 
     </span>
    </p>
   </div>
   <div class='ocr_carea' id='block_1_3' title="bbox 308 4086 781 4154">
    <p class='ocr_par' dir='ltr' id='par_1_7' title="bbox 308 4086 781 4154">
     <span class='ocr_line' id='line_1_37' title="bbox 308 4086 781 4154; baseline 0.002 -19"><span class='ocrx_word' id='word_1_271' title='bbox 308 4086 446 4151; x_wconf 71' lang='lat' dir='ltr'>mxv.</span> <span class='ocrx_word' id='word_1_272' title='bbox 461 4087 513 4137; x_wconf 90' lang='lat' dir='ltr'>Cic.</span> <span class='ocrx_word' id='word_1_273' title='bbox 528 4088 554 4136; x_wconf 90' lang='lat' dir='ltr'>in</span> <span class='ocrx_word' id='word_1_274' title='bbox 569 4090 658 4149; x_wconf 79' lang='lat' dir='ltr'>bento,</span> <span class='ocrx_word' id='word_1_275' title='bbox 672 4106 727 4154; x_wconf 83' lang='lat' dir='ltr'>cap.</span> <span class='ocrx_word' id='word_1_276' title='bbox 738 4090 781 4145; x_wconf 71' lang='lat' dir='ltr'>tt.</span> 
     </span>
    </p>
   </div>
   <div class='ocr_carea' id='block_1_4' title="bbox 0 0 1442 4900">
    <p class='ocr_par' dir='ltr' id='par_1_8' title="bbox 0 0 1442 4900">
     <span class='ocr_line' id='line_1_38' title="bbox 0 0 1442 4900; baseline 0 0"><span class='ocrx_word' id='word_1_277' title='bbox 0 0 1442 4900; x_wconf 95' lang='lat' dir='ltr'> </span> 
     </span>
    </p>
   </div>
  </div>
 </body>
</html>
