2875 4900
278 409 347 495 342
447 409 516 478 JO.
542 406 887 477 FREINSHEMII
919 403 1169 473 SUPPLEM.

277 531 425 596 ciebant:
439 552 548 620 neque
561 530 735 618 quisquam
750 543 818 592 erat
831 547 946 617 regum
958 523 1141 604 ducumve,
1153 519 1247 609 quin,
1259 515 1338 581 adito

276 635 435 723 Tigrane,
455 633 518 697 sibi
541 633 677 697 seorsim
699 653 843 721 pugnam
869 643 1038 718 posceret:
1056 647 1154 715 neque
1173 625 1252 687 enim
1271 621 1340 684 atti·

277 757 349 798 nere
356 782 366 814 ,
384 747 511 798 tantum
525 736 780 798 excrementum
796 731 858 796 levi
871 753 974 820 operte
979 731 1082 818 pretio
1082 727 1234 818 sangari.
1245 725 1340 789 Etiam

278 836 433 925 Tigranes
449 835 572 899 facetus
589 857 659 899 esse
676 834 801 916 voluit,
818 851 868 915 et,
886 831 1080 920 «Siquidem
1097 831 1132 894 hi
1148 853 1208 919 pro
1224 827 1340 916 legatis,

226 943 232 955 ’
277 937 429 1026 «inquit,
445 937 586 1020 adsunt,
604 937 728 1026 oppido
747 937 842 1000 multi
861 952 959 1017 sunt;
979 935 1029 997 sin
1045 955 1124 998 vero
1141 955 1200 1020 pro
1216 929 1342 994 bellato-

277 1040 409 1122 aribus,
427 1039 551 1129 oppido
567 1039 662 1130 pauci
672 1071 695 1104 ι.
705 1041 828 1128 ‘Longe
845 1038 905 1103 alia
921 1035 1134 1102 aestimatione
1153 1055 1226 1098 suas
1243 1032 1343 1120 Tigra·

278 1141 396 1228 nisque
410 1141 494 1205 vires
510 1141 666 1206 Lucullus
684 1140 859 1229 pensabat,
878 1139 1055 1203 inhabilem
1078 1137 1223 1201 hostium
1243 1133 1343 1200 multi·

277 1241 425 1306 tudinem
442 1264 500 1306 sua
516 1243 603 1306 mole
620 1243 799 1332 perituram
814 1259 922 1322 ratus,
942 1242 986 1322 si,
1006 1240 1198 1329 priusquam
1212 1235 1343 1302 ordinari

277 1357 407 1430 posset,
423 1343 621 1408 turbaretur.

322 1445 422 1509 XLV.
445 1445 573 1511 Idcirco
590 1447 687 1510 simul
703 1469 780 1511 cum
798 1447 873 1510 luce
886 1445 997 1533 copias
1013 1459 1151 1508 armatas
1165 1443 1342 1506 instructas·

279 1565 345 1631 que
367 1545 479 1610 castris
502 1545 630 1630 educit,
654 1569 784 1611 amnem
806 1547 1013 1611 transiturus.
1036 1547 1114 1610 Erat
1132 1544 1167 1608 in
1188 1565 1293 1608 aversa
1309 1540 1343 1604 ab

280 1643 433 1710 hostibus
450 1663 542 1735 parte
560 1647 774 1713 commodum
794 1665 1037 1736 transgressum
1055 1647 1177 1712 vadum
1195 1671 1203 1711 :
1225 1645 1258 1710 id
1273 1643 1341 1708 dum

279 1746 380 1834 petit,
404 1747 545 1834 speciem
561 1748 716 1839 fugientis
738 1749 879 1838 praebuit
897 1749 1049 1839 Tigrani,
1065 1749 1160 1838 isque
1177 1771 1241 1838 pras
1261 1747 1342 1811 volu-

281 1864 370 1938 ptate
388 1849 529 1938 gestiens
538 1850 683 1915 Taxilem
695 1851 911 1940 compellabat
922 1901 931 1934 ,
944 1853 1051 1916 «Ecce
1061 1867 1170 1916 autem
1180 1849 1287 1914 invicti
1303 1845 1342 1908 tui

280 1981 294 2004 α
304 1951 444 2015 Romani
457 1951 633 2043 fugiunt»,
651 1954 814 2042 inquiens.
834 1956 959 2018 Rursus
974 1954 1046 2034 ille,
1063 1953 1222 2016 «Utinam
1237 1951 1279 2014 ita
1292 1947 1342 2024 sit,

279 2081 295 2109 ι
306 2075 326 2116 o
340 2055 411 2117 rex!
423 2069 458 2118 at
468 2076 547 2121 vero
562 2055 700 2144 comptis
713 2055 786 2120 illos
796 2055 913 2146 signis,
923 2055 1086 2144 armisque
1097 2053 1295 2142 fulgentibus
1307 2049 1344 2110 in·

279 2154 419 2227 «cedere
441 2155 560 2220 video:
579 2156 645 2220 hoc
664 2156 706 2221 ad
725 2180 869 2247 pugnam
893 2173 1009 2222 euntes
1032 2156 1175 2238 faciunt,
1193 2156 1227 2218 in
1242 2153 1344 2217 itinere

280 2256 459 2321 :coriaceis
481 2259 678 2348 tegumentis
700 2281 791 2323 arma
814 2257 957 2324 condere
979 2258 1065 2324 soliti
1078 2289 1101 2323 a.
1123 2259 1189 2321 Vix
1213 2254 1343 2331 finierat,

282 2379 388 2444 quum
403 2357 507 2446 prima
522 2359 639 2449 Aquila
652 2358 810 2426 flectentis
829 2385 945 2455 agmen
959 2361 1102 2443 Luculli,
1118 2381 1233 2426 versus
1245 2357 1344 2446 Tigra·

283 2481 359 2524 nem
370 2460 419 2525 ire
429 2460 498 2525 visa
509 2478 575 2543 est,
588 2463 880 2552 manipulatimque
891 2465 1043 2529 cobortes
1056 2463 1168 2552 sequi:
1184 2478 1253 2526 tum
1263 2478 1344 2531 vero,

283 2576 439 2649 tanquam
455 2585 494 2626 ex
508 2563 675 2652 profunda
687 2564 843 2630 ebrietate
857 2560 1005 2631 reuersus
1017 2566 1058 2629 ad
1071 2588 1106 2629 se
1119 2564 1292 2655 Tigranes,
1303 2556 1345 2621 bis

283 2678 372 2728 terve
391 2665 585 2748 exclamato,
604 2696 617 2721 κ
630 2668 722 2732 Itane
744 2668 778 2731 in
802 2690 863 2733 nos
886 2668 931 2732 illi
943 2668 978 2732 ?·
996 2690 1134 2757 propere
1149 2688 1229 2731 suos
1243 2658 1345 2727 instrui

280 2765 385 2845 jubet.

327 2868 442 2933 XLVI.
460 2868 603 2935 Mediam
614 2872 717 2936 aciem
729 2871 904 2962 regendam
916 2872 978 2937 sibi
991 2872 1110 2936 sumit:
1127 2870 1246 2933 laevum
1256 2880 1347 2929 cornu

282 2969 454 3036 Adiabeno
469 2972 539 3062 regi
554 2974 731 3062 permittit3
745 2973 916 3057 dextrum,
933 2972 991 3037 ubi
1005 2973 1151 3062 plerique
1165 2958 1347 3057 cataphracti

283 3074 396 3161 pn'mis
410 3068 446 3138 in
464 3074 635 3140 ordinibus
657 3076 804 3157 stabant,
823 3076 933 3141 Medo.
952 3078 1023 3141 Hoc
1042 3078 1077 3138 in
1093 3094 1201 3138 cornu
1218 3069 1347 3161 primum

270 3173 431 3254 ⁸invectus
454 3177 626 3259 Lucullus,
643 3178 765 3267 reperit
786 3178 928 3242 victoriae
947 3178 1042 3241 viam.
1067 3176 1248 3239 Tumulum
1272 3165 1348 3232 enim

285 3276 480 3364 quemdam,
497 3279 560 3342 sub
576 3301 645 3367 quo
669 3279 866 3367 cataphracti
891 3278 1039 3345 collocati
1061 3292 1171 3359 erant,
1193 3270 1349 3360 conspica-

285 3392 360 3460 tus,
379 3379 445 3443 hoc
462 3378 546 3461 situ,
567 3396 606 3444 ut
627 3380 662 3444 in
683 3380 804 3444 vertice
822 3380 937 3468 planus
958 3396 991 3443 et
1012 3394 1145 3467 patens,
1165 3375 1256 3441 aditu
1271 3362 1349 3436 haud

286 3478 380 3544 valde
406 3502 521 3569 aspero
545 3502 703 3569 passuum
719 3504 787 3545 non
812 3482 914 3545 ferme
932 3481 1189 3569 quingentomm
1209 3464 1349 3541 adscendi

286 3596 414 3667 posset,
435 3582 600 3646 Thracum
618 3582 960 3671 Gallograecorumque
977 3582 1040 3645 alas
1055 3603 1094 3645 ex
1108 3572 1246 3666 obliquo
1259 3576 1290 3639 in
1304 3590 1349 3634 cc·

287 3681 532 3769 taphractorunt
553 3683 684 3748 ordines
699 3682 867 3749 incurrere
879 3683 990 3767 jubet,
1012 3684 1212 3771 ensibusque
1227 3692 1348 3749 contos,

285 3784 321 3847 in
337 3784 459 3872 quibus
474 3785 582 3849 omnis
600 3784 733 3849 illorum
749 3786 797 3849 vis
816 3801 882 3866 est,
903 3784 1108 3874 detorquere.
1126 3782 1260 3849 Interim
1273 3780 1348 3866 ipses

286 3885 473 3974 conspicuis
491 3886 588 3949 armis
604 3885 762 3967 indutus,
786 3902 912 3951 exserto
932 3886 1039 3977 gladio
1056 3900 1132 3953 ante
1150 3885 1255 3975 prima
1270 3880 1350 3968 signa

323 4093 443 4160 snam.
454 4094 581 4162 uptun.
594 4122 631 4133 -
642 4094 925 4161 Appias.tttth1td.-
941 4096 1071 4149 namon.
1092 4124 1127 4135 -
1142 4094 1207 4152 ent.
1224 4120 1258 4132 -
1276 4064 1349 4136 tout·

289 4178 363 4231 sun.
377 4181 418 4239 11,
434 4196 458 4238 ι,
477 4188 517 4236 rt.
536 4209 571 4219 -
585 4180 602 4247 ς
618 4180 696 4228 va.
710 4177 776 4237 Plu,
