2875 4900
291 352 361 424 508
462 357 530 424 JO.
555 353 901 424 FREINSHEMII
932 352 1179 425 SUPPLEM.

288 496 425 558 vorum,
446 474 654 557 Nannetum,
677 473 962 562 Curiosopitorum
977 473 1027 559 (is
1045 488 1094 537 est
1113 470 1339 539 commotu

288 576 514 665 qnircopotru),
528 576 711 658 Cisntium,
729 575 763 641 id
781 591 851 656 est,
862 576 1064 639 Venetorum
1080 574 1135 663 (V
1133 576 1272 639 ennemu
1286 577 1340 662 epi·

287 677 469 766 scopatur),
492 677 729 758 Osismiorum,
756 676 981 757 Diablintum,
1005 698 1086 765 quas
1111 676 1192 743 duas
1214 676 1340 767 civimtes

287 778 489 866 ignoramus,
507 779 632 859 Quarta
642 776 889 867 Lugdunensis,
902 800 976 865 quse
988 790 1022 843 et
1034 777 1193 857 Senonia,
1208 778 1287 843 inter
1296 777 1341 841 se·

287 901 430 965 quanam
446 895 480 944 et
495 880 637 969 ligerim
654 878 713 943 has
732 878 990 968 amplectebatur
1005 880 1167 963 civitates,
1188 880 1339 945 Senonum

288 980 503 1067 metropolin,
522 982 725 1060 Carnutum,
744 979 998 1063 altisiodorum,
1018 980 1236 1059 llieassiutn,
1258 982 1340 1043 Aure·

287 1080 468 1160 lianorum,
482 1080 700 1157 Parisiorum,
713 1078 942 1163 Melduorum,
957 1103 1040 1170 quos
1052 1081 1340 1149 honestamentis

286 1180 513 1268 pronuntiant.

333 1282 479 1345 CXLIII.
505 1281 638 1370 Alpium
661 1283 898 1349 maritimarum
927 1284 1070 1351 civitates
1100 1284 1234 1349 obscuri
1256 1280 1340 1347 bede

287 1382 431 1446 nominis
447 1382 744 1470 Rigomagensritm
761 1381 1009 1463 Sellina‘snsirnt,
1032 1382 1286 1449 caminensem
1298 1403 1339 1445 re·

184 1510 188 1522 ¹
288 1484 441 1547 ferunuir
456 1505 465 1547 ε
483 1484 627 1549 notiores
647 1500 823 1572 praeterea,
841 1482 1129 1551 Ebrudunensium
1147 1483 1339 1571 metropolis,

286 1584 489 1649 Ambmnnm
501 1583 600 1649 bodie
618 1600 737 1649 vocant
751 1584 1058 1674 archiepiscopalem
1072 1585 1205 1667 urbem;
1223 1584 1339 1649 Dinien·

285 1684 392 1765 sium,
413 1684 667 1767 saniciensium,
691 1685 792 1749 Senos
812 1685 976 1774 appellant
997 1686 1116 1775 vulgo;
1138 1685 1337 1762 Glanatenna,

285 1801 319 1849 et
331 1786 579 1867 Venciensium,
596 1808 670 1873 quse
685 1785 717 1850 S.
736 1786 847 1853 Paulli
861 1786 1041 1853 Veneriensis
1059 1789 1252 1876 episcopans
1266 1806 1338 1849 nunc

285 1902 472 1974 suurpatur.
496 1889 540 1951 At
560 1886 596 1951 in
617 1887 774 1952 Penninis
797 1886 941 1955 Graiisve
956 1885 1112 1977 Alpibus,
1132 1889 1193 1953 ubi
1210 1884 1338 1953 suntil-

284 1988 460 2077 lobrogum
484 1986 643 2069 Sabaudi,
663 2004 697 2052 et
720 1988 944 2053 Helvetiorum
967 1988 1141 2075 particula,
1167 1984 1337 2075 monopolis

286 2092 512 2171 Ceutronum,
539 2088 575 2153 id
603 2105 670 2171 est,
694 2089 881 2155 Tarantasis
903 2090 1049 2169 locetur,
1075 2104 1108 2155 et
1131 2106 1248 2178 praeter
1270 2088 1337 2151 banc

285 2188 483 2254 Vallensium
507 2191 617 2255 civitas
642 2190 849 2273 Octodurus,
872 2189 971 2255 bodie
993 2190 1027 2255 S.
1053 2190 1205 2255 Mattrr'tir'
1224 2188 1336 2253 nemim

286 2293 406 2357 notior.
429 2293 571 2356 Muima
596 2292 847 2381 Sequanorum,
874 2290 1094 2381 burgundiam
1122 2292 1335 2375 Helvetiosque

282 2395 467 2484 complexa,
481 2395 741 2485 Crispolinorum
755 2394 917 2462 civitatem
931 2393 1126 2484 agnoscebat
1139 2389 1335 2480 metropolin,

284 2519 359 2585 qum
376 2499 534 2562 Vesontio
552 2515 620 2579 ost,
635 2499 687 2562 vel
704 2514 744 2562 ut
758 2495 856 2562 hodie
870 2496 1101 2585 pronuntiant,
1117 2491 1336 2560 suammet

284 2599 576 2686 asehepiseopotus.

326 2700 469 2765 CXLIV.
485 2700 572 2764 Huic
583 2700 729 2764 civitates
743 2715 818 2764 octo
830 2699 997 2780 suberant,
1011 2698 1234 2787 Equestrium,
1247 2695 1278 2760 id
1289 2708 1335 2770 est,

283 2800 521 2866 Noviodunum
536 2800 578 2866 ad
601 2803 709 2868 Ιιοιιιιι
731 2803 929 2882 Lemanum,
950 2823 1023 2888 quae
1039 2801 1206 2866 Generum
1222 2815 1253 2864 et
1266 2799 1335 2860 Lau·

282 2923 418 2966 sannam
435 2901 646 2984 interjacens,
665 2901 766 2967 bodie
781 2903 873 2967 Nion
885 2903 1083 2992 appellatum
1099 2895 1296 2972 Elviooruni.
1310 2891 1334 2956 ld

281 3019 348 3084 est,
373 3003 590 3083 Aventicum,
612 3025 702 3067 nunc
724 3003 907 3082 Avorrcltes;
936 3004 1159 3068 basiliensium
1186 3007 1335 3071 Castrum

281 3103 523 3187 Viridunense,
550 3105 699 3168 &suum
728 3103 991 3184 Ebmdunense,
1019 3107 1170 3168 Castrum
1197 3105 1335 3190 Argenu-

279 3204 397 3284 riense,
409 3205 503 3284 cujus
516 3227 556 3267 ex
569 3205 674 3270 minis
685 3205 845 3270 Colmaria
856 3205 1031 3270 surrexisse
1043 3221 1193 3293 putatur,
1204 3206 1333 3268 Castrum

280 3307 505 3388 Rauracense,
523 3306 646 3370 oeteris
668 3306 797 3394 oppidis
820 3323 891 3372 tum
911 3307 1084 3388 illustrius,
1108 3307 1208 3372 bodie
1231 3319 1332 3368 nomen

280 3409 483 3494 Augustum,
499 3406 558 3471 sed
577 3407 648 3473 sine
664 3408 791 3497 specie,
810 3409 972 3490 retinens,
992 3431 1095 3497 prope
1120 3408 1286 3484 Basileon,
1306 3399 1331 3460 iu

280 3529 379 3594 quam
400 3509 586 3573 vetustioris
606 3524 640 3573 et
659 3507 799 3598 dignitas
813 3525 848 3575 et
865 3510 1037 3598 appellatio
1055 3509 1207 3574 translata
1222 3504 1333 3570 videtur

280 3603 342 3674 sub
362 3610 473 3698 graecis
486 3610 738 3699 imperatoribus
753 3633 761 3676 τ
775 3627 808 3676 et
819 3628 935 3700 portus
949 3611 1105 3676 Abusina.
1122 3611 1165 3674 Hi
1179 3611 1330 3697 Belgsnffll

279 3711 510 3799 Celtarumque
541 3711 718 3777 nobiliores
748 3714 861 3800 populi
888 3715 1032 3780 luerunt
1055 3711 1274 3810 Aquitaniam,
1300 3697 1330 3764 ²1¹

278 3835 368 3876 mare
389 3814 506 3892 sitam,
534 3834 640 3900 eoque
662 3830 791 3878 vetusta
815 3815 994 3880 incolarum
1021 3815 1130 3903 lingua
1157 3810 1329 3902 appellatam

279 3914 685 3994 Armwricam,·0oeanus
704 3916 745 3979 ab
764 3939 881 3982 occasu
897 3915 1037 3997 claudit,
1055 3917 1185 3980 boreale
1201 3915 1272 3977 litus
1287 3927 1329 3968 ot·

278 4031 418 4102 tumque
433 4016 510 4079 solis
527 4016 650 4105 Ligeris
666 4016 785 4082 llusius
809 4019 974 4100 terminat,
992 4042 1011 4082 a
1032 4016 1167 4082 meridie
1186 4004 1328 4103 Pyreneis

278 4117 447 4186 montibus
467 4135 501 4183 et
516 4119 723 4186 Narbonensi
740 4119 842 4186 Gallia
858 4119 982 4186 linitur.
1004 4121 1076 4185 Huc
1093 4117 1230 4210 spatium
1244 4127 1328 4174 tern-
