2875 4900
267 384 320 455 IN
348 384 462 453 LOC.
488 383 582 452 LIB.
611 382 705 451 CIII
733 382 948 453 LIVIANI.
1074 388 1146 484 479

93 504 218 587 bellum,
236 506 291 594 qui
310 505 513 593 Brigantium
531 500 689 592 oppidum
707 502 893 587 habebant3
912 503 1147 596 hominesque,

94 626 151 667 uon
163 620 233 667 ante
242 605 310 669 risa
323 605 442 685 classe,
460 604 507 668 sic
521 604 693 684 exterruit,
708 618 748 667 ut
762 602 917 692 imperata
932 625 1083 697 prompte
1098 611 1147 675 fa·

92 720 188 769 cturos
207 708 447 794 pollicerentur.
469 705 521 770 Sic
534 721 646 794 pacata
659 704 844 791 provincia,
858 707 1076 797 gentibusque
1089 713 1147 776 ali·
1249 728 1253 735 ’

93 824 164 894 quot
181 809 270 873 noris
293 809 431 898 imperio
447 807 597 889 adjectis,
612 806 679 886 juri
699 805 845 870 dicundo
864 811 1147 901 conventibusque

93 907 170 973 dedit
197 933 348 999 operam,
378 926 416 973 ut
440 906 651 973 concordiam
676 906 844 971 civitatum
869 908 1046 994 stabiliret,
1076 936 1148 1000 quai

92 1025 212 1097 propter
233 1012 303 1076 ieris
323 1010 419 1075 alieni
438 1008 698 1099 magnitudinem
714 1008 877 1098 plerisque
891 1011 971 1075 locis
987 1016 1149 1080 convelle·

92 1109 185 1177 batur.
724 1114 731 1124 '

128 1213 254 1279 LXXII.
272 1214 376 1303 Igitur
396 1213 595 1293 constituto,
609 1227 648 1275 iit
665 1233 709 1273 eir
728 1211 904 1277 debitorum
918 1213 1067 1281 reditibus
1082 1219 1149 1283 dese

91 1335 145 1377 sem
159 1316 320 1380 creditores
332 1317 544 1404 pertinerent,
564 1312 663 1376 donec
679 1311 865 1378 dissolutum
881 1336 925 1377 ces
942 1314 1084 1381 alterium
1100 1343 1149 1383 es·

91 1430 146 1495 set,
163 1440 235 1482 cum
257 1441 375 1509 magna
389 1418 492 1507 gratia
507 1414 693 1494 sociorum,
708 1436 744 1477 se
764 1417 972 1503 exercituque
987 1419 1150 1509 locuplete

92 1516 185 1601 prada
198 1536 312 1600 aucto,
329 1533 483 1606 praeterea
500 1515 746 1605 imperatorium
760 1538 881 1580 nomen
895 1517 981 1584 bello
992 1519 1149 1611 adeptus,

92 1636 150 1679 non
170 1634 350 1707 exspectato
370 1640 575 1696 successore,
594 1615 636 1680 ad
658 1616 817 1704 triumphi
832 1618 930 1682 simul
946 1624 1152 1691 consulatus·

93 1738 147 1801 que
160 1721 348 1807 petitionem
361 1718 508 1784 decessit.
526 1720 569 1782 Et
588 1716 747 1805 quidem,
765 1717 856 1805 quod
872 1718 1029 1807 grandem
1047 1746 1150 1812 pecu·

93 1819 145 1881 nite
161 1844 320 1887 suminam
342 1821 385 1886 ad
407 1821 557 1885 serarium
579 1820 730 1901 miserat,
753 1819 902 1885 decretus
916 1822 946 1886 ci
964 1825 1151 1915 triumphus

92 1934 149 1984 est:
169 1920 224 1987 sed
245 1939 315 1986 erat
336 1921 487 2011 improba
508 1920 652 1985 hominis
674 1937 706 1984 et
727 1921 876 1986 intricata
896 1924 1051 2009 ambiti03
1074 1952 1150 1995 nam

92 2023 285 2104 postulaturo
310 2022 517 2109 triumphum
539 2037 630 2085 extra
653 2021 777 2085 Urbem
803 2022 1022 2107 manendum,
1042 2030 1152 2094 candi-

92 2119 158 2186 dato
174 2124 308 2190 honoris
324 2121 504 2211 petendum
520 2122 555 2185 iii
573 2122 655 2186 urbe
672 2138 752 2186 erat.

129 2224 271 2291 LXXIII.
292 2224 397 2314 Igitur
419 2223 461 2287 ab
482 2240 598 2286 senatu
620 2222 810 2304 contendit,
829 2240 867 2288 ut
881 2225 1031 2307 adseritis,
1052 2245 1085 2293 et
1092 2254 1155 2318 pei·

92 2328 196 2389 niueos
215 2329 372 2416 petentis,
394 2328 551 2389 rationem
564 2324 701 2403 liaberi,
721 2324 836 2389 liceret.
860 2326 977 2415 Neque
999 2329 1152 2415 deerant,

93 2427 140 2512 qui
161 2429 323 2510 faverent,
342 2428 432 2492 nulla
456 2426 491 2491 id
513 2426 583 2516 lege
604 2426 831 2514 prohibitum,
855 2446 1008 2515 praeterea
1030 2449 1063 2498 et
1084 2435 1153 2500 aliis

93 2549 269 2598 muccosum
298 2531 480 2609 jactantes:
505 2526 563 2592 sed
587 2528 682 2592 multi
712 2528 1001 2615 contradicebant,
1025 2551 1058 2599 et
1077 2555 1153 2604 ante

93 2650 194 2696 omues
211 2637 312 2714 Cato,
330 2633 405 2720 qui,
421 2654 466 2695 ne
481 2631 649 2695 decretum
673 2652 710 2694 ea
733 2629 823 2694 dere
838 2629 946 2714 fieret,
961 2632 1065 2719 diem,
1080 2661 1153 2725 quae

93 2747 243 2817 posuema
252 2750 323 2800 erat
331 2733 498 2822 temporis,
506 2733 591 2796 intra
602 2730 694 2818 quod
703 2731 849 2819 profiteri
859 2734 1048 2802 candidatos
1056 2761 1152 2828 opon-

93 2831 188 2916 tebat,
203 2834 345 2901 dicendo
366 2834 495 2898 exemit,
519 2833 577 2897 His
596 2833 756 2922 cognitis,
774 2835 897 2916 Caesar,
922 2858 963 2901 ne
980 2843 1153 2906 consulatu

94 2935 325 3017 excluderetur,
336 2934 426 3000 unde
437 2935 510 3025 plus
523 2935 585 2999 sibi
598 2934 737 3016 virium,
750 2951 782 2999 et
793 2935 982 3024 ampliorem
996 2941 1154 3030 triumphi

94 3037 246 3102 materiam
267 3037 501 3126 pollicebatur,
526 3035 661 3100 dimisso
684 3035 871 3125 triumpho,
893 3037 1014 3104 Urbem
1033 3042 1156 3131 ingres·

94 3156 158 3218 sus,
180 3162 250 3206 eam
274 3139 435 3204 continuo
458 3138 602 3226 suscepit
627 3138 810 3218 actionem,
837 3161 901 3224 qua
920 3143 1154 3229 rempublicam

94 3256 212 3325 captans
221 3241 394 3324 invadere,
408 3257 526 3330 praeter
536 3242 694 3305 Catonem
705 3256 805 3326 atque
817 3241 1026 3325 Ciceronem,
1040 3269 1155 3314 omnes

95 3336 205 3407 fefellit.

131 3441 273 3509 Lxxtv.
285 3443 436 3531 Namque
449 3443 643 3530 Pompeium
656 3458 689 3507 et
702 3443 873 3524 Crassum,
886 3447 1092 3516 emulatione
1101 3475 1158 3541 po-

96 3546 191 3609 anda
209 3545 395 3626 discordes,
413 3545 499 3608 inter
513 3566 549 3608 se
561 3559 594 3606 et
605 3543 667 3606 sibi
676 3543 879 3627 eonciliavit,
898 3545 949 3609 his
962 3547 1104 3638 legibus,
1123 3567 1158 3619 ut

94 3646 223 3710 omnibus
242 3649 278 3710 iii
299 3646 389 3710 rebus
406 3644 592 3733 adjumento
614 3645 746 3710 invicem
763 3661 883 3726 essent,·
901 3652 1054 3738 nequid,
1073 3657 1161 3743 quod

94 3742 209 3812 cuilibet
222 3748 336 3811 lterum
345 3745 568 3836 displicuisset,
583 3748 619 3809 iii
633 3745 793 3834 republica
804 3763 957 3838 ageretur.
970 3753 1048 3817 Haec
1060 3755 1158 3821 liber-

124 3966 240 4031 §mn
253 3973 312 4020 Dio.
320 3998 357 4008 -
369 3970 494 4020 Plutarch.
506 3997 542 4009 -
554 3970 570 4036 S
582 3971 686 4019 mn.
700 3973 758 4020 Dio.
773 3999 807 4009 -
819 3975 920 4021 Suetoir.
933 3999 969 4009 -
982 3975 1091 4039 Appiau.
1102 3979 1157 4029 Civ,

94 4046 134 4095 lili.
144 4053 174 4099 11.
188 4081 223 4090 -
235 4053 252 4118 s
266 4057 387 4104 mni.
398 4055 507 4120 Appiam
517 4081 553 4091 -
562 4053 615 4106 cte.
625 4055 654 4102 in
662 4056 728 4104 llull.
738 4059 777 4116 11,
789 4071 814 4120 9.
828 4083 862 4093 -
875 4058 976 4105 Sueten.
987 4085 1022 4098 -
1032 4059 1156 4116 Plutarch.

95 4128 118 4177 ln
129 4133 187 4183 Cu.
201 4147 226 4186 et
237 4137 293 4188 Cet.
308 4165 345 4176 -
355 4138 409 4187 Lii.
423 4138 490 4204 Epit.
