2875 4900
257 360 308 427 ln
342 358 454 427 LOC.
479 359 573 428 LlB.
600 359 768 429 XCVIII
798 353 1170 452 L1v1nn1.359

104 479 272 594 proximis.
286 464 448 568 Regem
439 503 473 542 ιιι
497 445 678 545 extremuin
703 501 819 570 agmen
845 479 937 540 amici
959 495 1169 564 receperunt,

104 582 304 670 signumque
316 579 479 645 dederunt
491 583 646 670 receptui.
658 583 796 662 Milites,
809 579 913 644 subita
927 601 962 642 re
975 581 1170 668 perturbati,

104 697 280 770 postquam
295 681 502 746 vulneratum
525 703 594 748 esse
616 706 727 773 regem
750 681 942 762 audierunt,
963 682 1168 745 interfectum

104 783 180 863 rati,
197 783 307 846 statim
324 782 358 844 in
375 805 491 870 campo
507 783 793 849 circumdederunt
809 781 963 846 lecticam.

146 883 262 948 XCIV.
285 883 410 972 Igitur,
435 900 474 946 nt
499 886 675 972 spirantem
700 897 952 974 cognoscerent,
980 882 1170 946 Timotheus

105 984 267 1065 medicus,
279 987 347 1066 jam
363 985 511 1050 cohibito
529 987 688 1075 sanguiue
702 985 932 1064 refocillatum,
949 983 990 1045 de
1005 983 1171 1070 superiore

103 1087 176 1150 loco
188 1086 342 1151 ostendit.
359 1089 448 1168 Rex,
464 1086 562 1150 simul
577 1085 619 1149 ad
632 1108 667 1150 se
680 1086 793 1167 rediit,
812 1085 941 1174 signum
958 1083 1100 1172 receptui
1118 1082 1172 1146 ‹la-

105 1203 174 1249 tum
196 1185 273 1250 tulit
293 1188 448 1276 graviter,
468 1187 650 1275 eodemque
666 1186 774 1252 adhuc
791 1185 844 1250 die
859 1184 901 1248 ad
917 1200 1017 1247 castra
1037 1207 1169 1248 romana

104 1284 206 1349 duxit.
223 1285 288 1351 Sed
301 1285 354 1350 illa
370 1309 504 1375 quoque
519 1288 597 1376 suga
609 1288 675 1368 jam
695 1287 823 1351 deserta
839 1301 940 1349 erant.
962 1286 1072 1366 Quum
1094 1309 1170 1374 spo-

103 1387 260 1450 liarentur
276 1390 414 1469 mortui,
430 1388 641 1452 tribunorum
658 1403 800 1475 quatuor
814 1403 845 1450 et
859 1387 990 1475 viginti,
1008 1385 1172 1450 centurio-

104 1507 183 1550 num
202 1503 335 1552 centum
351 1487 607 1580 quinquaginta,
624 1489 781 1553 dicuntur
796 1491 903 1576 agnito
920 1487 1088 1567 cadavera3
1109 1487 1170 1549 rni-

102 1589 195 1652 litum
212 1611 346 1677 quoque
361 1611 574 1654 romanorum
589 1591 663 1678 plus
680 1603 804 1676 septem
827 1588 923 1652 millia
943 1587 1104 1650 cecidisse.
1129 1589 1171 1650 At

102 1689 324 1772 Mithridates,
340 1708 512 1779 percurato
532 1693 686 1772 vulnere,
706 1690 818 1778 plures
835 1690 900 1752 hoc
916 1709 1019 1778 genus
1036 1682 1169 1751 insidia-

105 1805 190 1856 tores
214 1792 249 1854 in
272 1792 383 1856 castris
407 1791 475 1856 suis
500 1815 596 1881 agere
617 1792 819 1879 suspicatus,
844 1805 1037 1854 convocatos
1056 1789 1172 1854 milites

103 1891 214 1956 subito
235 1890 270 1955 in
292 1892 507 1956 contubernia
526 1893 622 1972 iussit
643 1892 830 1958 discedere:
847 1890 937 1978 quod
960 1913 1063 1978 quum
1087 1905 1171 1954 esset

102 1993 244 2072 lactum,
260 2006 293 2055 et
307 1990 464 2075 Romani,
482 2016 550 2082 quo
568 2016 602 2057 se
618 1995 816 2084 reciperent,
835 2015 902 2057 non
920 1992 1095 2072 haberent,
1114 1991 1171 2055 dc-

103 2093 273 2178 prehensi,
289 2093 516 2182 supplicioque
532 2096 639 2159 affecti
656 2111 746 2160 sont.

144 2195 244 2258 XCV.
266 2193 348 2259 Inde
371 2214 536 2284 regressus
558 2199 594 2260 in
615 2199 777 2264 minorem
796 2197 1003 2279 Armeniam,
1025 2218 1092 2283 quo
1117 2193 1172 2258 ad·

102 2295 247 2373 ventanti
262 2296 421 2359 Lucullo
413 2297 557 2385 mopiam
569 2313 811 2364 commeatuum
824 2298 943 2362 faceret
952 2296 1172 2388 ,adsportata,

103 2412 224 2484 quanta
234 2413 379 2485 poterat,
396 2419 526 2463 annona
534 2399 651 2487 ,quod
668 2415 737 2464 erat
754 2400 917 2493 reIIquum
931 2395 1171 2484 corrumpebat.

102 2500 185 2562 Tum
205 2492 339 2562 detecte
356 2514 436 2563 sont
450 2497 519 2563 aliae
537 2500 690 2565 adversus
706 2522 816 2591 regem
834 2499 976 2581 insidiae,
999 2500 1040 2563 ab
1058 2498 1174 2563 Attilio

101 2613 237 2685 paratas,
251 2619 389 2663 romano
401 2615 549 2664 senatore
563 2622 603 2667 ex
616 2603 815 2690 proscriptis.
832 2604 917 2665 Eum
937 2624 1009 2677 rex,
1028 2600 1175 2689 pristinae

102 2697 267 2788 dignitatis
282 2699 462 2813 referentia
481 2702 628 2788 torqueri
648 2724 716 2765 non
738 2724 870 2790 passus,
886 2702 1022 2791 simplici
1042 2714 1168 2781 morte,

103 2815 250 2880 caeteros,
269 2800 419 2885 quicum
440 2824 480 2865 eo
502 2802 781 2890 conspiraverant,
806 2804 1005 2867 excruciatos
1028 2802 1170 2879 necavit3

101 2900 233 2963 libertos
249 2899 392 2966 hominis
406 2901 529 2967 dimisit
542 2904 675 2985 illaesos,
694 2903 845 2969 debuisse
860 2905 933 2969 illos
946 2920 1084 2991 patrono
1098 2924 1169 2965 mo·

103 3024 170 3065 rem
187 3019 318 3089 gerere,
335 3004 496 3089 praefatus.

141 3102 262 3167 XCVI.
285 3103 404 3167 Castris
420 3102 587 3168 deinde
560 3127 645 3170 circa
663 3106 799 3169 Talaura
816 3126 930 3192 aspero
946 3120 978 3166 et
995 3117 1170 3165 montuoso

101 3206 163 3267 situ
176 3202 310 3292 positis,
328 3204 501 3271 Lucullum
520 3206 734 3293 exspectabat.
754 3206 870 3293 Neque
888 3202 993 3268 defuit
1008 3202 1061 3265 ille
1079 3224 1169 3266 acce-

100 3306 198 3385 dere,
214 3320 318 3369 castra
333 3306 532 3395 conjungere
549 3308 681 3389 castris,
700 3305 873 3395 modisque
889 3304 1042 3368 omnihus
1059 3303 1099 3369 ad
1113 3324 1173 3392 pu·

100 3426 195 3493 gnam
212 3405 368 3470 barbaros
386 3406 511 3471 elicere.
533 3408 655 3471 Contra
670 3400 875 3472 Mithridates
896 3428 973 3470 suos
994 3406 1079 3470 intra
1097 3428 1173 3470 rnu-

101 3509 245 3573 nimenta
262 3507 470 3591 continebat,
492 3509 665 3598 'ligranem
688 3510 870 3600 opperiens.
895 3510 938 3572 Et
959 3530 1015 3595 per
1040 3508 1170 3574 eosdem

101 3608 166 3673 dies
176 3609 261 3672 alius
271 3606 477 3673 Mithridates
490 3609 606 3674 Mediae
621 3632 694 3691 rex,
705 3610 889 3697 palantibus
900 3609 985 3673 forte
997 3611 1170 3689 Romanis,

101 3731 136 3771 er
158 3708 338 3795 improviso
361 3709 572 3798 superfusus,
597 3712 719 3775 multos
742 3712 918 3780 interemit.
944 3713 1020 3776 Haec
1041 3712 1170 3791 omnia,

101 3810 197 3873 semel
219 3810 416 3873 exacerbatis
438 3809 578 3876 militum
599 3812 732 3895 animis,
755 3814 916 3902 augebant
935 3812 1017 3893 iras,
1041 3812 1171 3875 seditio-

133 4012 258 4079 §rictu
268 4017 325 4065 Dio.
339 4044 374 4055 -
387 4018 495 4084 Appias.
510 4048 542 4058 -
557 4020 573 4083 S
593 4020 684 4070 XCIV.
700 4022 824 4072 Plutarch.
840 4048 874 4061 -·-
893 4022 1000 4088 Appisn.
1017 4048 1050 4057 -
1066 4021 1120 4067 llio.
1138 4048 1172 4055 --=-

102 4097 204 4159 §KCM
219 4099 327 4166 Appias.
341 4128 374 4138 -
386 4102 445 4149 nto.
