2875 4900
303 378 370 422 aaa
474 351 906 421 10.FRE1NSHEM11
936 350 1180 421 SUPPLEM.

299 505 313 529 a
322 470 456 537 modum
468 487 582 536 namra
592 470 696 553 ducit,
707 492 806 557 quam
818 472 909 559 sequi
921 472 1076 559 optimam
1086 472 1160 537 vitre
1169 473 1339 562 magistram

297 594 454 661 «aequum
469 588 534 653 est,
547 588 595 665 ut
610 593 685 658 spes
704 592 792 635 meas
807 594 920 637 omues
942 573 1006 637 hoc
1027 574 1131 661 pretio
1154 589 1341 638 commutare

301 674 405 737 «nihil
426 671 577 737 abnuam.
590 702 603 728 ι
628 670 704 735 Non
731 686 800 734 erat
824 693 861 735 ea
887 692 979 735 mens
1006 672 1179 757 Cilicibus,
1203 688 1241 736 nt
1263 673 1342 761 pacis

301 796 431 853 amore,
453 770 597 860 munite
621 770 766 835 studium
788 771 981 854 abjicerent,
1007 772 1101 853 cujus
1127 796 1219 838 causa
1240 794 1341 861 pacem

282 873 285 878 ’
301 878 471 961 otiumque
480 871 683 959 reliquissent
693 894 701 934 :
710 870 755 934 ita
764 871 906 935 Sertorio
916 872 1038 952 relicto,
1048 874 1081 935 in
1089 873 1224 937 Africam
1236 894 1268 936 se
1276 893 1343 935 oon·

295 976 463 1053 tulerunt,
476 969 587 1035 ubido
600 992 702 1058 regno
716 970 916 1035 Mauritania
929 972 1116 1036 bellabatur.
1128 976 1170 1038 At
1180 972 1343 1051 Sertorius,

303 1096 362 1155 ne,
378 1071 469 1160 quod
481 1085 647 1158 supererat
660 1069 817 1153 militum,
830 1071 938 1159 inopia
952 1071 1118 1155 deficeret,
1133 1074 1223 1137 alteri
1240 1094 1272 1137 se
1284 1094 1345 1159 par·

304 1175 386 1237 tium
411 1170 584 1260 applicuit3
611 1170 774 1258 rebusque
801 1172 884 1236 bene
910 1173 1024 1261 gestis,
1050 1196 1153 1261 quum
1176 1174 1217 1239 ab
1241 1172 1344 1238 Incolis

303 1277 449 1340 locorum
459 1286 635 1352 amaretur,
646 1270 725 1359 quid
736 1288 846 1359 postea
854 1273 940 1337 facto
953 1296 1036 1361 opus
1046 1291 1139 1357 esset,
1149 1274 1345 1340 deliberabat.

295 1424 298 1428 .
345 1375 483 1439 XXVII.
501 1372 685 1460 Anmpitem
707 1388 741 1437 et
760 1372 946 1461 impeditam
971 1374 1240 1439 consultationem
1259 1360 1363 1461 legati

303 1475 530 1540 Lusitanorum
546 1472 765 1567 abruperunt,
781 1472 823 1537 ad
841 1473 1014 1561 imperium
1028 1476 1131 1563 gentis
1148 1498 1224 1539 eum
1239 1494 1348 1540 vocan-

304 1592 371 1658 tes3
393 1596 466 1661 qum
485 1589 598 1637 contra
617 1596 771 1637 romanos
788 1590 925 1638 terrores
941 1573 1038 1639 ducit·
1054 1568 1168 1664 egeris,
1191 1574 1348 1641 laudatum

302 1674 344 1739 ab
362 1674 534 1755 omnibus,
548 1673 605 1762 qui
616 1696 691 1737 cum
704 1674 763 1738 illo
776 1674 921 1757 fuerant,
935 1675 1129 1758 Sertorium,
1145 1678 1236 1743 velut
1247 1674 1348 1741 divino
1395 1746 1400 1757 ε

304 1798 439 1839 munere
451 1774 613 1855 oblatum,
628 1776 761 1839 rebatur
771 1797 779 1839 :
790 1790 857 1839 erat
870 1775 957 1839 e'nim
973 1776 1026 1840 ille
1036 1777 1146 1840 animo
1160 1776 1349 1863 consilioque

305 1878 481 1958 maximus,
505 1875 634 1939 virtutis
655 1874 896 1939 liberalissimus
920 1876 1110 1957 aestima'tor,
1135 1876 1169 1939 in
1191 1872 1350 1965 puniendo

304 1977 507 2057 moderatus,
525 1974 684 2040 facundus
700 1974 787 2039 idem
803 1992 836 2039 et
850 1974 969 2056 comis,
986 1991 1099 2039 ettam
1115 1976 1149 2038 in
1163 1973 1350 2039 confirman-

303 2078 353 2143 dis
363 2077 447 2159 suis,
462 2098 559 2165 quam
576 2074 734 2140 terrendis
749 2075 914 2157 hostibus,
929 2076 1097 2165 singularis
1107 2074 1233 2141 artifex.
1244 2068 1350 2164 Igitur,

297 2194 431 2267 accepta
446 2177 651 2257 conditione,
668 2199 745 2240 cum
760 2174 890 2241 duobus
912 2178 1070 2259 millibus,
1087 2178 1263 2259 sexcentis,
1278 2194 1352 2263 quos

303 2279 439 2344 vocabat
453 2280 628 2356 Romanos,
650 2294 683 2341 et
704 2278 931 2366 septingentis,
956 2278 1011 2367 qui
1031 2300 1070 2343 ex
1091 2278 1183 2342 omui
1201 2278 1304 2343 Africa
1323 2294 1352 2337 se

304 2378 346 2442 ad
365 2402 441 2442 eum
464 2378 685 2457 contulerant,
707 2377 769 2440 levi
789 2376 938 2466 praesidio
960 2370 1072 2443 relicto
1095 2378 1129 2441 in
1152 2376 1353 2454 Mauritania,

306 2497 418 2544 nactus
432 2481 602 2544 obstruam
619 2494 767 2560 noctem,
783 2495 864 2543 oestu
878 2479 1038 2563 secundo,
1056 2481 1240 2568 bartivaque
1252 2477 1353 2544 celeri·

306 2596 389 2660 tate,
404 2580 506 2644 vitare
519 2579 665 2668 prmlium
684 2579 718 2641 in
736 2593 936 2668 transgressu
949 2597 1085 2645 conatus
1100 2579 1158 2646 est.

348 2679 500 2744 XXVIII.
519 2678 582 2742 Sed
600 2695 792 2742 occurrente
804 2702 881 2744 cum
898 2680 1034 2745 navibus
1049 2685 1160 2763 Cotta,
1173 2681 1266 2762 juxta
1281 2676 1354 2742 Mel·

305 2780 415 2844 lariam
428 2779 463 2844 in
475 2779 558 2842 freto
568 2776 722 2843 dimicare
733 2796 882 2861 coaetus,
898 2781 931 2844 vi
944 2783 1108 2872 perrupit,
1120 2782 1205 2847 etad
1220 2796 1355 2846 montem

306 2883 480 2961 ballemm,
502 2902 601 2967 quem
616 2880 762 2944 Lusitani
783 2898 1014 2969 praeceperant,
1038 2879 1217 2948 contendit.
1240 2883 1356 2946 Horum

307 2981 408 3070 copiis
424 2979 597 3068 assumptis
614 2977 724 3066 (eraut
740 2997 850 3045 autem
868 2987 1064 3048 cetratorum
1086 2982 1183 3048 millia
1208 2977 1357 3071 quatuor,

307 3083 430 3168 equites
446 3078 674 3168 septingenti),
686 3078 832 3145 Furlidio
846 3103 921 3146 cum
935 3082 1117 3171 legionibus
1132 3079 1315 3146 adventanti
1327 3097 1358 3140 se

210 3243 218 3250 .
306 3183 445 3262 objecit:
460 3180 585 3246 isenim
596 3181 743 3246 Baerimm
754 3187 829 3246 cum
846 3181 982 3270 imperio
995 3181 1172 3248 obtinebat.
1187 3185 1274 3247 Cum
1287 3181 1358 3254 boc,

307 3281 552 3346 difficultatibus
565 3281 712 3345 locorum
726 3279 872 3364 adjutus,
886 3284 931 3346 ita
941 3284 1090 3364 certavit,
1107 3298 1144 3346 ut
1156 3281 1224 3364 ille,
1237 3279 1359 3346 duobus

309 3381 452 3447 millibus
464 3382 685 3445 Romanorum
703 3379 844 3464 amissis,
863 3382 976 3447 cedere
996 3399 1177 3470 cogeretur.
1195 3383 1253 3446 liis
1270 3380 1361 3469 igitur

310 3484 444 3570 aliisque
463 3481 571 3544 multis
587 3479 727 3544 ducibus
748 3481 939 3565 interfectis,
959 3483 1116 3570 pulsisve,
1135 3485 1171 3548 C.
1184 3480 1361 3547 Metellusa

310 3583 398 3646 Sulla
409 3583 527 3646 missus
537 3597 600 3661 est,
611 3581 702 3646 claro
714 3583 897 3670 veterisque
908 3583 1000 3646 lamet
1009 3583 1193 3671 imperator.
1205 3581 1273 3663 Qui
1282 3592 1362 3668 post·

311 3703 409 3769 quam
426 3683 460 3745 iu
479 3681 665 3746 ulteriorem
682 3682 883 3770 provinciam
901 3681 1007 3764 venit,
1028 3681 1216 3769 artibusque
1236 3675 1362 3746 Sertorii

310 3783 479 3872 fatigatus,
493 3803 600 3869 neque
614 3804 730 3871 cogere
741 3782 906 3871 potuitad
919 3782 1149 3872 pugnandum,
1163 3804 1271 3870 neque
1284 3781 1362 3842 inse·

346 3993 362 4058 3
379 3992 473 4042 xxti.
487 3991 551 4040 etue
564 3993 590 4038 ia
607 3993 698 4040 sertor.
714 4006 769 4056 cap.
783 3993 823 4040 1³.
839 4019 873 4030 -
891 3991 907 4057 s
930 3993 1038 4042 xxvu.
1052 3993 1148 4042 Sallust.
1164 3993 1227 4040 Hist.
1242 3993 1266 4049 l,
1280 4005 1320 4037 ar.
1332 4011 1363 4022 -·

310 4081 383 4126 Oros.
392 4076 426 4134 V,
435 4075 477 4123 ²3.
487 4101 521 4111 -
530 4073 594 4121 rtur.
604 4075 630 4121 in
643 4075 729 4139 Pomp.
740 4089 794 4139 cap.
806 4089 848 4135 η.
