2875 4900
306 430 371 502 130
472 432 540 499 JO.
567 426 909 499 FREINSHEMII
939 422 1186 496 SUPPLEM.

298 534 474 615 -euntibus
495 568 565 613 esse
587 560 787 637 potuerunt,
809 563 936 611 tantum
954 562 987 610 te
1003 546 1116 635 populi
1132 547 1258 609 romani
1273 562 1366 611 tene·

297 652 375 716 nbat
384 650 515 732 odium,
526 666 578 731 ut,
591 649 671 714 dum
687 648 783 713 nobis
797 670 947 729 noceres,
959 669 1020 710 nec
1030 646 1180 729 hnmani,
1194 670 1256 711 nec
1264 646 1364 711 divini

296 754 397 833 «juris
419 753 516 817 ullios
541 751 754 816 meminisses.
779 750 821 815 Et
842 750 961 813 borum
986 747 1120 835 quidem
1147 745 1244 812 etiam
1269 749 1364 812 bonis

297 886 310 911 ι
319 838 436 941 raptis,
452 868 565 917 contra
581 851 725 917 edictum
743 865 912 931 nostrum,
926 848 1017 938 quod
1029 849 1177 914 asiaticos
1191 872 1283 939 reges
1297 850 1364 914 Eu·

296 976 396 1043 «rope
416 952 585 1043 prohibet,
609 952 777 1035 trajecisti,
794 948 1020 1015 Macedoniam
1039 948 1226 1031 incursasti,
1243 949 1364 1015 Graecis

295 1088 308 1112 a
317 1056 477 1121 abstulisti
492 1054 672 1119 libertatem
691 1075 700 1119 a
716 1074 825 1141 neque
837 1069 914 1116 ante
929 1052 971 1115 ad
985 1066 1129 1115 mentem
1148 1072 1297 1114 reversus
1310 1073 1364 1131 es,

296 1180 415 1245 «quam
436 1154 627 1219 Macedonia
649 1153 837 1240 Graeciaque
859 1152 1013 1240 receptis,
1038 1166 1173 1214 centum
1198 1152 1364 1241 sexaginta

296 1288 308 1311 κ
318 1273 453 1320 tuorum
468 1254 565 1319 millia
576 1252 698 1336 occidi,
712 1268 815 1317 castra
828 1252 921 1316 omni
930 1266 1086 1340 apparatu
1096 1250 1173 1315 belli
1184 1250 1365 1317 instructis·

296 1358 399 1421 -sima
411 1357 512 1421 semel
527 1356 713 1443 iterumque
728 1353 810 1441 cepi.

340 1456 490 1523 XXVIII.
515 1458 621 1539 «Quae
644 1454 754 1519 omnia
776 1476 879 1542 quum
901 1455 1012 1518 animo
1035 1475 1109 1517 meo
1129 1452 1364 1537 obversantur,

295 1560 476 1625 «rationem
494 1556 620 1623 consilii
634 1556 683 1621 tui
695 1578 764 1620 non
777 1554 934 1643 expedio,
948 1551 1039 1643 quod
1052 1576 1166 1618 eorum
1180 1576 1270 1617 nunc
1283 1576 1364 1641 pur-

295 1693 308 1717 «
317 1660 478 1755 gationem
493 1658 663 1723 instituisti
674 1705 683 1739 ,
693 1678 836 1745 quorum
853 1673 947 1721 antea
958 1678 1018 1745 per
1028 1654 1222 1719 Archelaum
1233 1656 1364 1719 reniam

293 1760 482 1848 «petiveras.
501 1762 553 1825 An
569 1759 687 1848 igitur,
701 1779 801 1845 quem
816 1758 931 1847 procul
951 1772 1100 1845 agentern
1118 1755 1270 1838 timebas,
1284 1779 1363 1822 eum

294 1862 383 1925 «huc
396 1860 523 1925 venisse
535 1859 634 1937 reris,
652 1875 691 1924 ut
708 1874 817 1923 tecum
829 1856 954 1939 judicio
971 1856 1209 1923 contenderet?
1221 1858 1279 1923 scd
1291 1860 1364 1939 ejus

293 1964 363 2027 «rei
377 1962 510 2050 quidem
526 1978 655 2049 ternpus
677 1961 755 2025 olim
773 1960 940 2048 praeteriit,
956 1982 995 2023 ex
1009 1982 1077 2047 quo
1093 1960 1153 2025 tibi
1166 1960 1289 2024 bellum
1307 1962 1363 2024 in·

293 2061 430 2129 «ferenti
445 2060 640 2143 restitimus,
655 2076 706 2142 et,
720 2059 827 2127 donec
840 2083 923 2149 opus
937 2061 998 2125 erit
1007 2110 1017 2143 ,
1026 2049 1221 2126 resistemus.
1232 2060 1363 2125 Idcirco

292 2164 365 2228 «bis
384 2162 528 2243 omissis,
544 2160 635 2249 quod
650 2184 757 2226 unum
775 2162 857 2226 scire
876 2162 1030 2243 interest,
1052 2162 1233 2250 responde,
1246 2184 1364 2249 pacem

291 2286 389 2329 scum
408 2264 566 2329 Archelao
592 2264 709 2328 factam
735 2262 873 2351 accipis,
895 2284 936 2326 an
960 2261 1138 2327 recusas?-
1156 2262 1364 2328 Mithridates

291 2366 445 2431 iracunda
459 2366 554 2429 Sullae
566 2365 713 2429 oratione
725 2364 872 2446 territus,
884 2366 1066 2454 acciperem
1079 2363 1255 2453 respondit.
1270 2365 1363 2430 Tum

292 2464 424 2530 demum
440 2467 590 2532 salutavit
602 2488 678 2531 eum
693 2467 798 2550 Sulla,
813 2467 1045 2555 amplexusque
1055 2483 1088 2530 et
1101 2467 1263 2532 osculatus
1277 2485 1338 2534 est

335 2565 458 2629 XXIII.
483 2564 738 2630 Ariobarzanem
748 2565 867 2631 deinde
882 2583 917 2632 et
930 2567 1142 2634 Nicomedem
1159 2569 1278 2634 accitos
1294 2569 1363 2634 Mi·

291 2665 422 2731 thridati
447 2666 647 2748 conciliarit,
667 2667 874 2756 reditumque
890 2668 931 2732 iis
954 2668 992 2732 in
1009 2691 1068 2734 sua
1088 2691 1187 2758 regna
1205 2672 1361 2738 confecit.

202 2837 217 2858 .
290 2769 396 2832 Asiam
411 2769 635 2832 Romanorum
647 2791 736 2850 esse,
750 2769 794 2833 ita
809 2792 852 2833 ne
866 2769 921 2833 cui
936 2768 1056 2832 civitati
1069 2768 1239 2834 descivisse
1251 2770 1293 2836 ad
1306 2795 1363 2836 re-

290 2891 364 2958 gem
389 2855 495 2932 baudi
516 2884 619 2950 esset,
644 2885 863 2933 convenerat:
880 2867 914 2933 id
936 2891 1003 2932 non
1031 2869 1155 2959 integre
1172 2889 1362 2956 semotum,

290 2961 472 3058 multasque
488 2985 600 3058 postea
617 2969 714 3034 urbes
731 2969 914 3034 tributarias
928 2993 997 3034 esse
1010 2970 1128 3050 lactas,
1142 2972 1302 3038 Memnon
1319 2999 1362 3042 ex

291 3072 442 3136 Heraclea
453 3070 587 3136 Pontica
598 3071 736 3159 scriptor
749 3070 861 3152 tradit,
875 3071 909 3134 in
921 3087 1028 3158 partes
1041 3072 1143 3161 regias
1154 3072 1199 3135 ob
1210 3095 1363 3140 commu·

290 3195 364 3237 nem
381 3173 516 3262 patriam
528 3171 709 3261 proclivior.
727 3170 818 3236 Idem
833 3171 893 3236 tria
908 3171 1102 3236 talentorum
1120 3171 1219 3236 millia
1234 3173 1361 3240 Sullam

288 3269 508 3338 aMitlIridate
528 3273 688 3362 accepisse
710 3288 886 3355 memorat,
906 3286 944 3336 ut
969 3270 1105 3336 domum
1121 3290 1360 3340 reverteretur:

289 3395 384 3438 neves
405 3396 514 3466 regem
535 3374 738 3463 septuaginta
754 3397 830 3438 curn
848 3373 1035 3463 quingentis
1051 3373 1238 3463 sagittariis,
1259 3376 1362 3442 item·

288 3497 352 3563 que
361 3476 503 3562 captivos
512 3473 744 3560 tradidisse(in
754 3474 874 3561 quibus
885 3491 919 3538 et
929 3474 970 3555 Q.
979 3474 1361 3562 Oppius,etL.Cassius,

289 3576 397 3642 nescio
410 3597 477 3664 quo
493 3597 588 3651 casu,
601 3573 751 3638 redactus
763 3575 797 3637 in
809 3589 1002 3662 potestatem
1017 3574 1137 3656 bostis,
1152 3573 1311 3665 luerunt)
1324 3595 1363 3644 et

288 3678 315 3742 si
337 3697 410 3764 quse
433 3675 493 3740 alia
516 3695 555 3740 ex
578 3675 696 3740 loedere
721 3673 944 3754 debebantur,
966 3675 1080 3740 fecisse
1108 3677 1185 3740 satis
1208 3695 1361 3763 constat,

288 3775 406 3844 deinde
416 3777 449 3840 in
462 3791 633 3865 paternum
646 3797 783 3864 regnum
794 3823 805 3857 ,
816 3775 909 3854 cujus
922 3775 985 3863 ipsi
1000 3773 1228 3840 confirmatum
1240 3777 1359 3845 mdem

287 3901 366 3968 pace
378 3880 431 3959 jus
445 3893 529 3958 erat,
544 3875 688 3942 rediisse.

318 4095 334 4160 s
347 4095 456 4145 nvn.
469 4093 533 4142 l’lnt.
542 4095 568 4140 ir
581 4093 661 4152 Sulla,
672 4107 725 4159 cap.
737 4100 779 4154 tp.
789 4119 824 4130 -
835 4091 942 4156 Appisn.
955 4117 992 4129 -
1004 4092 1132 4141 Memnon.
1140 4119 1174 4130 -
1183 4092 1248 4140 Flor.
1258 4095 1312 4152 Ill,
1326 4095 1355 4142 5.

283 4203 317 4214 -
327 4179 378 4226 biv.
391 4177 458 4240 Epit.
473 4201 507 4212 -
519 4173 535 4241 s
545 4177 644 4224 XXIX.
657 4176 723 4225 Plut.
736 4201 773 4212 --
781 4175 846 4224 Vell.
858 4177 894 4233 ll,
910 4177 952 4224 al.
966 4203 1001 4212 --
1014 4175 1120 4240 Appiae.
