2875 4900
899 193 907 224 Ι

252 397 324 468 316
420 400 489 467 JO.
516 400 859 470 FREINSHEMll
890 401 1139 470 SUPPLEM.

250 540 324 581 rum
337 532 447 582 rerum
458 517 560 601 anxii,
571 541 639 582 non
652 536 834 609 exspectata
850 521 940 602 luce,
956 519 1111 608 pecunias
1128 541 1202 584 suas
1214 523 1321 610 supel-

250 620 455 707 lectilemque
475 621 667 684 emittebant
684 643 702 684 e
717 623 848 704 castris;
873 637 906 684 et
921 643 1024 710 quum
1041 620 1106 685 hoe
1119 645 1138 684 a
1156 622 1268 687 multis
1289 639 1319 687 et

249 719 405 785 divitibus
426 720 532 803 fieret,
551 722 641 785 brevi
658 721 816 812 angustiae
830 723 915 786 circa
929 737 1057 810 portam
1074 739 1183 806 erant,
1201 737 1235 786 et
1247 723 1318 786 rixae
1399 796 1403 811 1

195 811 202 828 ’
248 840 448 912 agasonum,
464 822 684 910 unoquolibet
699 839 774 889 ante
793 824 873 888 alios
890 823 977 888 exire
987 839 1198 912 properante,
1208 823 1318 889 audie·
1402 881 1403 891 ,

250 923 383 990 bantur.

294 1025 401 1088 XXX.
423 1025 609 1106 Exercitus,
632 1048 669 1090 re
693 1027 839 1116 cognita,
864 1027 1007 1114 visisque
1026 1025 1150 1090 ducum
1171 1029 1318 1110 sarcinis,
1402 1046 1404 1116 t

251 1141 343 1189 metu
363 1141 396 1189 et
415 1124 641 1215 indignatione
661 1143 864 1209 commotus,
887 1126 1049 1217 prodique
1070 1149 1104 1192 se
1121 1129 1319 1211 vociferans,

143 1303 146 1309 1
248 1227 332 1290 vallo
350 1242 504 1314 proruto,
518 1251 583 1315 qua
598 1229 718 1317 cuique
735 1230 922 1318 proximum
940 1244 1024 1310 erat,
1039 1229 1110 1291 sine
1130 1227 1232 1312 duce,
1252 1228 1320 1294 sine

249 1326 387 1414 imperio
405 1326 571 1393 evadebat.
585 1329 677 1393 Inter
693 1353 771 1394 eum
789 1329 969 1401 tumultum
987 1329 1120 1417 direptae
1140 1329 1319 1395 multorum

247 1428 476 1516 praefectorum
495 1430 628 1494 sarcinae
645 1448 740 1512 sunt,
758 1429 949 1495 custodibus
970 1429 1193 1518 interemptis3
1213 1430 1318 1518 Dory·

247 1528 317 1592 laus
336 1551 490 1617 quoque,
512 1531 622 1620 magni
644 1533 788 1596 nominis
805 1531 938 1612 ductor,
960 1530 1041 1594 nibil
1057 1546 1174 1618 praeter
1192 1553 1318 1619 purpu-

248 1652 333 1712 ram,
357 1648 509 1718 quaerat
528 1632 681 1715 amictus,
702 1633 845 1714 habens,
864 1647 999 1724 propter
1019 1631 1106 1696 illam
1127 1632 1318 1696 interfectus

248 1748 306 1796 est.
319 1734 486 1796 Hermaeus
502 1733 679 1823 haruspex,
696 1736 756 1823 qui
777 1751 810 1800 et
829 1736 898 1823 ipse
920 1734 1097 1799 exercitum
1112 1732 1264 1815 duxerat,
1284 1735 1316 1798 in

246 1849 341 1921 porta
352 1849 549 1917 castrorum,
564 1836 704 1924 pedibus
717 1836 892 1901 hominurn
903 1835 1196 1922 jumentorumque
1213 1834 1317 1899 obui·
1406 1911 1407 1914 Ἴ

247 1951 321 2017 tus;
337 1957 394 1999 rex
409 1937 494 2024 ipse,
513 1939 664 2001 extremis
678 1938 862 2026 proximae,
879 1937 965 2000 inter
983 1935 1113 2000 turbam
1128 1934 1227 2024 pedes
1241 1957 1317 2024 pro·
1406 1999 1407 2008 ,

248 2037 334 2126 fugit
349 2060 357 2102 :
372 2037 534 2102 necerim
547 2038 721 2126 quisquam
743 2037 967 2100 ministrorum
985 2035 1072 2125 apud
1094 2058 1170 2099 eum
1189 2057 1318 2100 reman-

247 2155 346 2220 serat,
367 2138 473 2203 douec
494 2138 639 2226 impulsu
661 2137 766 2202 turbae
782 2136 877 2199 humi
895 2152 1032 2200 stratum
1048 2129 1243 2200 Ptblemaeus
1262 2158 1318 2200 eu·

247 2239 377 2304 nuchus
393 2239 577 2328 conspexit,
590 2260 796 2327 equumque,
811 2235 963 2302 desiliens
979 2237 1062 2326 ipse,
1079 2236 1229 2324 praebuit.

290 2341 414 2405 XXXI.
438 2341 488 2405 Ne
510 2342 557 2404 sic
578 2339 712 2428 quidem
727 2337 885 2427 expedita
909 2338 986 2426 fuga
1014 2353 1097 2419 erat,
1120 2336 1318 2426 gallograecis

247 2441 428 2529 equitibus,
445 2442 502 2530 qui
516 2442 654 2507 Lucullo
676 2440 873 2524 militabant,
890 2457 979 2529 terga
992 2437 1240 2527 prementibus:
1260 2437 1318 2504 sed

246 2545 346 2623 forte,
365 2565 407 2607 an
424 2543 562 2607 consilio
582 2541 796 2623 Mithridatis,
813 2542 962 2622 objectus
981 2542 1108 2622 mulus,
1126 2564 1166 2605 ex
1183 2540 1239 2622 iis,
1257 2540 1315 2629 qui

246 2668 364 2709 aurum
374 2661 407 2710 et
417 2663 590 2735 argentum
603 2645 730 2735 regium
742 2646 933 2733 portabant,
946 2644 1108 2709 avaritiam
1120 2665 1320 2732 persequen—
1406 2700 1407 2709 ,

246 2748 330 2811 tium
341 2745 458 2836 praedae
468 2747 641 2813 dulcedine
653 2747 818 2829 distinuit,
831 2763 1027 2835 tempusque
1038 2743 1196 2841 credendi
1208 2743 1317 2809 dedit:

248 2848 353 2913 caeteri
372 2848 521 2937 plerique
538 2850 611 2913 caesi
631 2864 729 2931 sunt3
749 2872 824 2912 nam
845 2847 1016 2928 Lucullus,
1033 2846 1161 2937 cognita
1178 2869 1318 2912 suonam
1406 2840 1407 2885 l

246 2949 397 3031 victoria,
414 2972 433 3013 e
448 2950 584 3040 vestigio
601 2950 782 3037 equitatum
799 2947 841 3013 ad
860 2946 1104 3037 persequendos
1124 2948 1236 3012 hostes
1252 2935 1319 3012 mi·
1406 2944 1407 3005 l

246 3068 346 3133 serat,
364 3051 507 3141 legiones
527 3048 785 3115 circumdederat
803 3048 929 3131 castris,
945 3064 984 3112 ut
1003 3048 1048 3112 ibi
1062 3048 1241 3137 fugientes,
1262 3048 1320 3112 hic
1406 3122 1407 3127 ἵ

245 3153 430 3217 resistentes
443 3153 667 3217 internecione
683 3150 880 3217 delerentur.
895 3150 1042 3238 Amplius
1055 3150 1220 3240 sexaginta
1233 3150 1321 3215 Pon·

246 3253 388 3318 ticorum
405 3255 505 3317 millia
519 3254 571 3317 his
587 3253 734 3319 cladibus
749 3254 905 3318 exstincta
925 3250 1114 3317 creduntur.

290 3356 428 3420 XXXlI.
450 3357 570 3420 Praeter
590 3372 739 3443 ereptum
761 3354 930 3443 triumpho
954 3351 1150 3417 Mithridatis
1173 3374 1320 3442 corpus,

245 3458 451 3546 confectique
465 3456 543 3521 belli
558 3458 695 3547 gloriam
712 3472 889 3537 extortam,
906 3452 995 3519 aliud
1013 3476 1146 3541 quoque
1162 3476 1232 3517 non
1248 3454 1322 3518 lere

245 3558 492 3623 incommodum
504 3560 641 3624 Lucullo
654 3559 797 3623 militum
810 3558 941 3623 avaritia
955 3556 1072 3620 attulit.
1085 3554 1322 3638 Callistratum,

246 3662 305 3750 qui
323 3662 391 3752 regi
410 3684 429 3725 a
449 3662 580 3726 secretis
597 3661 721 3743 fuerat,
739 3659 1012 3747 comprehensum
1027 3658 1061 3720 in
1077 3674 1179 3721 castra
1195 3654 1323 3723 ducere

242 3764 342 3845 jussi,
352 3786 455 3852 quum
465 3763 570 3828 aureis
581 3762 770 3852 quingentis
780 3760 982 3825 succinctum
992 3758 1184 3840 sensissent,
1198 3758 1323 3823 intere·

280 3998 410 4064 §XXIX
425 3999 530 4064 Appisn.
548 4026 582 4035 —
601 3999 704 4063 Eutrop.
717 4025 752 4035 —
769 3999 835 4047 Plut.
851 4024 885 4035 -
899 3997 915 4063 3
927 3998 1015 4047 XXX.
1026 3996 1134 4060 Appiae.
1148 4022 1183 4031 -
1202 3994 1270 4043 Plut.
1285 4024 1321 4033 -

247 4084 327 4133 Struit.
340 4083 435 4144 linx,
450 4100 477 4149 p.
488 4084 731 4146 app-Memnon,
745 4100 768 4131 c.
783 4090 869 4139 tm-
881 4080 897 4146 S
909 4082 1008 4131 XXXI.
1021 4082 1052 4130 U.
1063 4080 1092 4129 C.
1104 4078 1171 4139 6813
1185 4083 1216 4128 Α.
1227 4082 1258 4129 C.
1275 4096 1322 4141 2¹·

246 4166 311 4218 Plut.
324 4194 359 4204 -·
369 4168 422 4217 Cic.
433 4184 481 4234 pro
491 4167 545 4235 lege
555 4167 642 4216 blauil.
654 4184 708 4235 cap.
724 4184 748 4229 9.
763 4194 797 4204 -
809 4168 916 4233 Appiau.

772 4409 784 4445 l
