<?xml version="1.0" encoding="UTF-8"?>
<!DOCTYPE html PUBLIC "-//W3C//DTD XHTML 1.0 Transitional//EN"
    "http://www.w3.org/TR/xhtml1/DTD/xhtml1-transitional.dtd">
<html xmlns="http://www.w3.org/1999/xhtml" xml:lang="en" lang="en">
 <head>
  <title>
</title>
<meta http-equiv="Content-Type" content="text/html;charset=utf-8" />
  <meta name='ocr-system' content='tesseract 3.04.00' />
  <meta name='ocr-capabilities' content='ocr_page ocr_carea ocr_par ocr_line ocrx_word'/>
</head>
<body>
  <div class='ocr_page' id='page_1' title='image "bibliothecaclas116lemagoog_0090.png"; bbox 0 0 2875 4900; ppageno 0'>
   <div class='ocr_carea' id='block_1_1' title="bbox 262 384 1146 478">
    <p class='ocr_par' dir='ltr' id='par_1_1' title="bbox 262 384 1146 478">
     <span class='ocr_line' id='line_1_1' title="bbox 262 384 1146 478; baseline -0.002 -23"><span class='ocrx_word' id='word_1_1' title='bbox 262 384 307 478; x_wconf 79' lang='lat'><strong>7⁸</strong></span> <span class='ocrx_word' id='word_1_2' title='bbox 435 386 502 453; x_wconf 82' lang='lat' dir='ltr'><strong>to.</strong></span> <span class='ocrx_word' id='word_1_3' title='bbox 528 384 871 453; x_wconf 80' lang='lat' dir='ltr'><strong>rsnrusuunu</strong></span> <span class='ocrx_word' id='word_1_4' title='bbox 901 385 1146 454; x_wconf 73' lang='lat' dir='ltr'><strong>sueretu.</strong></span> 
     </span>
    </p>
   </div>
   <div class='ocr_carea' id='block_1_2' title="bbox 157 502 1350 3835">
    <p class='ocr_par' dir='ltr' id='par_1_2' title="bbox 249 502 1350 1609">
     <span class='ocr_line' id='line_1_2' title="bbox 305 502 1327 594; baseline -0.001 -25"><span class='ocrx_word' id='word_1_5' title='bbox 305 504 347 569; x_wconf 93' lang='lat' dir='ltr'><strong>ll.</strong></span> <span class='ocrx_word' id='word_1_6' title='bbox 369 504 445 587; x_wconf 90' lang='lat' dir='ltr'><strong>Quo</strong></span> <span class='ocrx_word' id='word_1_7' title='bbox 465 504 499 567; x_wconf 94' lang='lat' dir='ltr'><strong>in</strong></span> <span class='ocrx_word' id='word_1_8' title='bbox 522 525 641 594; x_wconf 80' lang='lat' dir='ltr'>genere</span> <span class='ocrx_word' id='word_1_9' title='bbox 658 504 825 585; x_wconf 79' lang='lat' dir='ltr'><strong>Thebani,</strong></span> <span class='ocrx_word' id='word_1_10' title='bbox 842 503 927 570; x_wconf 90' lang='lat' dir='ltr'><strong>sicut</strong></span> <span class='ocrx_word' id='word_1_11' title='bbox 942 504 1033 568; x_wconf 83' lang='lat' dir='ltr'><strong>urbis</strong></span> <span class='ocrx_word' id='word_1_12' title='bbox 1050 502 1275 593; x_wconf 88' lang='lat' dir='ltr'><strong>magnitudine</strong></span> <span class='ocrx_word' id='word_1_13' title='bbox 1293 521 1327 568; x_wconf 87' lang='lat' dir='ltr'><strong>et</strong></span> 
     </span>
     <span class='ocr_line' id='line_1_3' title="bbox 260 604 1327 697; baseline -0.002 -26"><span class='ocrx_word' id='word_1_14' title='bbox 260 607 361 697; x_wconf 89' lang='lat' dir='ltr'><strong>gloria</strong></span> <span class='ocrx_word' id='word_1_15' title='bbox 372 622 470 694; x_wconf 83' lang='lat' dir='ltr'><strong>caput</strong></span> <span class='ocrx_word' id='word_1_16' title='bbox 481 606 611 671; x_wconf 73' lang='lat' dir='ltr'><strong>Btnotiae</strong></span> <span class='ocrx_word' id='word_1_17' title='bbox 621 604 843 683; x_wconf 84' lang='lat' dir='ltr'><strong>habebantur,</strong></span> <span class='ocrx_word' id='word_1_18' title='bbox 856 606 901 671; x_wconf 90' lang='lat' dir='ltr'><strong>ita</strong></span> <span class='ocrx_word' id='word_1_19' title='bbox 914 608 1084 696; x_wconf 76' lang='lat' dir='ltr'><strong>pmcipuae</strong></span> <span class='ocrx_word' id='word_1_20' title='bbox 1095 607 1137 671; x_wconf 89' lang='lat' dir='ltr'><strong>ad</strong></span> <span class='ocrx_word' id='word_1_21' title='bbox 1152 604 1327 671; x_wconf 81' lang='lat' dir='ltr'><strong>mutandos</strong></span> 
     </span>
     <span class='ocr_line' id='line_1_4' title="bbox 259 709 1329 777; baseline -0.002 0"><span class='ocrx_word' id='word_1_22' title='bbox 259 713 364 777; x_wconf 92' lang='lat' dir='ltr'><strong>socios</strong></span> <span class='ocrx_word' id='word_1_23' title='bbox 378 712 603 777; x_wconf 77' lang='lat' dir='ltr'><strong>inconstantiae</strong></span> <span class='ocrx_word' id='word_1_24' title='bbox 618 709 814 776; x_wconf 87' lang='lat' dir='ltr'><strong>documenta</strong></span> <span class='ocrx_word' id='word_1_25' title='bbox 827 710 998 777; x_wconf 87' lang='lat' dir='ltr'><strong>dederunt.</strong></span> <span class='ocrx_word' id='word_1_26' title='bbox 1013 710 1076 777; x_wconf 90' lang='lat' dir='ltr'><strong>Sed</strong></span> <span class='ocrx_word' id='word_1_27' title='bbox 1087 727 1210 776; x_wconf 88' lang='lat' dir='ltr'><strong>metum</strong></span> <span class='ocrx_word' id='word_1_28' title='bbox 1223 728 1255 776; x_wconf 91' lang='lat' dir='ltr'><strong>et</strong></span> <span class='ocrx_word' id='word_1_29' title='bbox 1268 711 1329 775; x_wconf 92' lang='lat' dir='ltr'><strong>im·</strong></span> 
     </span>
     <span class='ocr_line' id='line_1_5' title="bbox 257 805 1350 901; baseline -0.003 -22"><span class='ocrx_word' id='word_1_30' title='bbox 257 814 464 879; x_wconf 87' lang='lat' dir='ltr'><strong>becillitatem</strong></span> <span class='ocrx_word' id='word_1_31' title='bbox 481 834 573 876; x_wconf 88' lang='lat' dir='ltr'><strong>snam</strong></span> <span class='ocrx_word' id='word_1_32' title='bbox 590 812 787 901; x_wconf 78' lang='lat' dir='ltr'><strong>allegabant,</strong></span> <span class='ocrx_word' id='word_1_33' title='bbox 805 812 918 901; x_wconf 78' lang='lat' dir='ltr'><strong>«quod</strong></span> <span class='ocrx_word' id='word_1_34' title='bbox 934 814 1088 877; x_wconf 91' lang='lat' dir='ltr'><strong>omnibus</strong></span> <span class='ocrx_word' id='word_1_35' title='bbox 1108 805 1193 877; x_wconf 84' lang='lat' dir='ltr'><strong>circa</strong></span> <span class='ocrx_word' id='word_1_36' title='bbox 1211 812 1252 877; x_wconf 90' lang='lat' dir='ltr'><strong>ad</strong></span> <span class='ocrx_word' id='word_1_37' title='bbox 1273 834 1327 876; x_wconf 87' lang='lat' dir='ltr'><strong>re·</strong></span> <span class='ocrx_word' id='word_1_38' title='bbox 1346 857 1350 865; x_wconf 85' lang='lat'>-</span> 
     </span>
     <span class='ocr_line' id='line_1_6' title="bbox 258 913 1327 1005; baseline -0.003 -26"><span class='ocrx_word' id='word_1_39' title='bbox 258 914 347 1005; x_wconf 83' lang='lat' dir='ltr'><strong>«glas</strong></span> <span class='ocrx_word' id='word_1_40' title='bbox 363 928 467 1003; x_wconf 86' lang='lat' dir='ltr'><strong>partes</strong></span> <span class='ocrx_word' id='word_1_41' title='bbox 483 914 743 995; x_wconf 89' lang='lat' dir='ltr'><strong>transeuntibus,</strong></span> <span class='ocrx_word' id='word_1_42' title='bbox 762 914 909 979; x_wconf 88' lang='lat' dir='ltr'><strong>resistere</strong></span> <span class='ocrx_word' id='word_1_43' title='bbox 924 930 1020 979; x_wconf 82' lang='lat' dir='ltr'><strong>tantae</strong></span> <span class='ocrx_word' id='word_1_44' title='bbox 1037 913 1192 1003; x_wconf 75' lang='lat' dir='ltr'><strong>potentiae</strong></span> <span class='ocrx_word' id='word_1_45' title='bbox 1208 915 1327 1001; x_wconf 89' lang='lat' dir='ltr'><strong>nequi·</strong></span> 
     </span>
     <span class='ocr_line' id='line_1_7' title="bbox 259 1015 1325 1104; baseline -0.002 -23"><span class='ocrx_word' id='word_1_46' title='bbox 259 1046 272 1073; x_wconf 78' lang='grc' dir='ltr'>ι</span> <span class='ocrx_word' id='word_1_47' title='bbox 282 1016 420 1096; x_wconf 88' lang='lat' dir='ltr'><strong>vissent,</strong></span> <span class='ocrx_word' id='word_1_48' title='bbox 435 1036 534 1103; x_wconf 91' lang='lat' dir='ltr'><strong>quam</strong></span> <span class='ocrx_word' id='word_1_49' title='bbox 549 1036 656 1102; x_wconf 88' lang='lat' dir='ltr'><strong>neque</strong></span> <span class='ocrx_word' id='word_1_50' title='bbox 671 1038 762 1104; x_wconf 87' lang='lat' dir='ltr'><strong>reges</strong></span> <span class='ocrx_word' id='word_1_51' title='bbox 781 1017 927 1080; x_wconf 83' lang='lat' dir='ltr'><strong>maximis</strong></span> <span class='ocrx_word' id='word_1_52' title='bbox 948 1017 1141 1081; x_wconf 81' lang='lat' dir='ltr'>exercitibus</span> <span class='ocrx_word' id='word_1_53' title='bbox 1159 1015 1325 1095; x_wconf 82' lang='lat' dir='ltr'>instructi,</span> 
     </span>
     <span class='ocr_line' id='line_1_8' title="bbox 249 1113 1326 1205; baseline -0.003 -24"><span class='ocrx_word' id='word_1_54' title='bbox 249 1148 271 1199; x_wconf 37' lang='grc' dir='ltr'><strong>,ι</strong></span> <span class='ocrx_word' id='word_1_55' title='bbox 282 1138 390 1205; x_wconf 91' lang='lat' dir='ltr'><strong>neque</strong></span> <span class='ocrx_word' id='word_1_56' title='bbox 402 1116 485 1180; x_wconf 85' lang='lat' dir='ltr'><strong>Asiae</strong></span> <span class='ocrx_word' id='word_1_57' title='bbox 499 1116 694 1203; x_wconf 77' lang='lat' dir='ltr'><strong>Graeciaeque</strong></span> <span class='ocrx_word' id='word_1_58' title='bbox 710 1117 835 1180; x_wconf 81' lang='lat' dir='ltr'><strong>auxiliis</strong></span> <span class='ocrx_word' id='word_1_59' title='bbox 851 1116 977 1181; x_wconf 88' lang='lat' dir='ltr'><strong>subnisi</strong></span> <span class='ocrx_word' id='word_1_60' title='bbox 988 1119 1209 1181; x_wconf 85' lang='lat' dir='ltr'><strong>Romanorum</strong></span> <span class='ocrx_word' id='word_1_61' title='bbox 1224 1113 1326 1179; x_wconf 88' lang='lat' dir='ltr'><strong>duces</strong></span> 
     </span>
     <span class='ocr_line' id='line_1_9' title="bbox 259 1214 1326 1304; baseline -0.002 -23"><span class='ocrx_word' id='word_1_62' title='bbox 259 1216 524 1281; x_wconf 88' lang='lat' dir='ltr'><strong>«sustinuissent.</strong></span> <span class='ocrx_word' id='word_1_63' title='bbox 540 1214 684 1279; x_wconf 74' lang='lat' dir='ltr'><strong>Modica«</strong></span> <span class='ocrx_word' id='word_1_64' title='bbox 701 1216 820 1281; x_wconf 84' lang='lat' dir='ltr'><strong>civitati</strong></span> <span class='ocrx_word' id='word_1_65' title='bbox 835 1240 903 1283; x_wconf 85' lang='lat' dir='ltr'><strong>suae</strong></span> <span class='ocrx_word' id='word_1_66' title='bbox 912 1218 996 1282; x_wconf 85' lang='lat' dir='ltr'><strong>vires</strong></span> <span class='ocrx_word' id='word_1_67' title='bbox 1009 1219 1125 1298; x_wconf 75' lang='lat' dir='ltr'><strong>baisse,</strong></span> <span class='ocrx_word' id='word_1_68' title='bbox 1140 1217 1236 1281; x_wconf 89' lang='lat' dir='ltr'><strong>etiam</strong></span> <span class='ocrx_word' id='word_1_69' title='bbox 1247 1237 1326 1304; x_wconf 83' lang='lat' dir='ltr'><strong>pro-</strong></span> 
     </span>
     <span class='ocr_line' id='line_1_10' title="bbox 260 1316 1326 1407; baseline 0.006 -33"><span class='ocrx_word' id='word_1_70' title='bbox 260 1349 273 1374; x_wconf 68' lang='lat'><strong>.</strong></span> <span class='ocrx_word' id='word_1_71' title='bbox 283 1317 447 1405; x_wconf 89' lang='lat' dir='ltr'><strong>sperrimis</strong></span> <span class='ocrx_word' id='word_1_72' title='bbox 465 1316 687 1404; x_wconf 82' lang='lat' dir='ltr'><strong>temporibus:</strong></span> <span class='ocrx_word' id='word_1_73' title='bbox 704 1334 777 1382; x_wconf 88' lang='lat' dir='ltr'><strong>tum</strong></span> <span class='ocrx_word' id='word_1_74' title='bbox 793 1340 872 1383; x_wconf 80' lang='lat' dir='ltr'><strong>vero</strong></span> <span class='ocrx_word' id='word_1_75' title='bbox 890 1336 1006 1407; x_wconf 84' lang='lat' dir='ltr'><strong>praeter</strong></span> <span class='ocrx_word' id='word_1_76' title='bbox 1021 1319 1221 1407; x_wconf 86' lang='lat' dir='ltr'><strong>antiquiora,</strong></span> <span class='ocrx_word' id='word_1_77' title='bbox 1237 1317 1326 1381; x_wconf 90' lang='lat' dir='ltr'><strong>hello</strong></span> 
     </span>
     <span class='ocr_line' id='line_1_11' title="bbox 260 1417 1327 1509; baseline -0.002 -26"><span class='ocrx_word' id='word_1_78' title='bbox 260 1419 413 1483; x_wconf 85' lang='lat' dir='ltr'><strong>«achaico</strong></span> <span class='ocrx_word' id='word_1_79' title='bbox 429 1418 475 1482; x_wconf 90' lang='lat' dir='ltr'><strong>sic</strong></span> <span class='ocrx_word' id='word_1_80' title='bbox 493 1440 564 1481; x_wconf 88' lang='lat' dir='ltr'><strong>esse</strong></span> <span class='ocrx_word' id='word_1_81' title='bbox 585 1417 802 1501; x_wconf 86' lang='lat' dir='ltr'><strong>debilitatam,</strong></span> <span class='ocrx_word' id='word_1_82' title='bbox 824 1421 930 1484; x_wconf 83' lang='lat' dir='ltr'><strong>utrix</strong></span> <span class='ocrx_word' id='word_1_83' title='bbox 949 1442 1140 1509; x_wconf 88' lang='lat' dir='ltr'><strong>recuperare</strong></span> <span class='ocrx_word' id='word_1_84' title='bbox 1160 1418 1327 1507; x_wconf 82' lang='lat' dir='ltr'><strong>sexaginta</strong></span> 
     </span>
     <span class='ocr_line' id='line_1_12' title="bbox 260 1519 1266 1609; baseline -0.001 -26"><span class='ocrx_word' id='word_1_85' title='bbox 260 1520 344 1585; x_wconf 89' lang='lat' dir='ltr'><strong>«illis</strong></span> <span class='ocrx_word' id='word_1_86' title='bbox 358 1520 451 1583; x_wconf 92' lang='lat' dir='ltr'><strong>annis</strong></span> <span class='ocrx_word' id='word_1_87' title='bbox 468 1534 601 1583; x_wconf 90' lang='lat' dir='ltr'><strong>tenuem</strong></span> <span class='ocrx_word' id='word_1_88' title='bbox 615 1520 759 1607; x_wconf 79' lang='lat' dir='ltr'><strong>pristinae</strong></span> <span class='ocrx_word' id='word_1_89' title='bbox 774 1520 941 1609; x_wconf 78' lang='lat' dir='ltr'><strong>dignitatis</strong></span> <span class='ocrx_word' id='word_1_90' title='bbox 956 1522 1095 1609; x_wconf 90' lang='lat' dir='ltr'><strong>speciem</strong></span> <span class='ocrx_word' id='word_1_91' title='bbox 1112 1519 1266 1608; x_wconf 76' lang='lat' dir='ltr'><strong>potuerit.</strong></span> 
     </span>
    </p>

    <p class='ocr_par' dir='ltr' id='par_1_3' title="bbox 170 1618 1329 2821">
     <span class='ocr_line' id='line_1_13' title="bbox 306 1618 1326 1711; baseline -0.001 -26"><span class='ocrx_word' id='word_1_92' title='bbox 306 1622 364 1686; x_wconf 92' lang='lat'><strong>111.</strong></span> <span class='ocrx_word' id='word_1_93' title='bbox 382 1619 547 1684; x_wconf 90' lang='lat' dir='ltr'><strong>«Proinde</strong></span> <span class='ocrx_word' id='word_1_94' title='bbox 566 1642 763 1711; x_wconf 81' lang='lat' dir='ltr'><strong>magnopere</strong></span> <span class='ocrx_word' id='word_1_95' title='bbox 779 1645 797 1685; x_wconf 89' lang='lat' dir='ltr'><strong>a</strong></span> <span class='ocrx_word' id='word_1_96' title='bbox 811 1623 848 1685; x_wconf 91' lang='lat' dir='ltr'><strong>L.</strong></span> <span class='ocrx_word' id='word_1_97' title='bbox 859 1623 947 1686; x_wconf 91' lang='lat' dir='ltr'><strong>Sulla</strong></span> <span class='ocrx_word' id='word_1_98' title='bbox 962 1621 1177 1703; x_wconf 82' lang='lat' dir='ltr'><strong>contendere,</strong></span> <span class='ocrx_word' id='word_1_99' title='bbox 1199 1636 1238 1685; x_wconf 94' lang='lat' dir='ltr'><strong>ut</strong></span> <span class='ocrx_word' id='word_1_100' title='bbox 1255 1618 1326 1684; x_wconf 91' lang='lat' dir='ltr'><strong>noh</strong></span> 
     </span>
     <span class='ocr_line' id='line_1_14' title="bbox 260 1720 1324 1810; baseline 0.001 -25"><span class='ocrx_word' id='word_1_101' title='bbox 260 1738 348 1785; x_wconf 91' lang='lat' dir='ltr'><strong>«tam</strong></span> <span class='ocrx_word' id='word_1_102' title='bbox 366 1720 581 1785; x_wconf 84' lang='lat' dir='ltr'><strong>delectionem</strong></span> <span class='ocrx_word' id='word_1_103' title='bbox 599 1744 708 1802; x_wconf 90' lang='lat' dir='ltr'><strong>suam,</strong></span> <span class='ocrx_word' id='word_1_104' title='bbox 725 1744 823 1810; x_wconf 90' lang='lat' dir='ltr'><strong>quam</strong></span> <span class='ocrx_word' id='word_1_105' title='bbox 840 1722 1012 1786; x_wconf 90' lang='lat' dir='ltr'><strong>deficiendi</strong></span> <span class='ocrx_word' id='word_1_106' title='bbox 1025 1744 1136 1787; x_wconf 85' lang='lat' dir='ltr'><strong>causas</strong></span> <span class='ocrx_word' id='word_1_107' title='bbox 1154 1721 1324 1809; x_wconf 87' lang='lat' dir='ltr'><strong>respiciat:</strong></span> 
     </span>
     <span class='ocr_line' id='line_1_15' title="bbox 261 1821 1327 1913; baseline 0.006 -33"><span class='ocrx_word' id='word_1_108' title='bbox 261 1854 274 1880; x_wconf 68' lang='lat' dir='ltr'><strong>a</strong></span> <span class='ocrx_word' id='word_1_109' title='bbox 284 1838 317 1889; x_wconf 92' lang='lat' dir='ltr'><strong>et</strong></span> <span class='ocrx_word' id='word_1_110' title='bbox 330 1821 490 1910; x_wconf 88' lang='lat' dir='ltr'><strong>siquidem</strong></span> <span class='ocrx_word' id='word_1_111' title='bbox 509 1822 618 1886; x_wconf 92' lang='lat' dir='ltr'><strong>studio</strong></span> <span class='ocrx_word' id='word_1_112' title='bbox 637 1825 712 1887; x_wconf 89' lang='lat' dir='ltr'><strong>sita</strong></span> <span class='ocrx_word' id='word_1_113' title='bbox 728 1846 763 1887; x_wconf 91' lang='lat' dir='ltr'><strong>se</strong></span> <span class='ocrx_word' id='word_1_114' title='bbox 779 1846 817 1887; x_wconf 92' lang='lat' dir='ltr'><strong>ac</strong></span> <span class='ocrx_word' id='word_1_115' title='bbox 828 1825 996 1888; x_wconf 84' lang='lat' dir='ltr'><strong>voluntate</strong></span> <span class='ocrx_word' id='word_1_116' title='bbox 1010 1839 1193 1913; x_wconf 89' lang='lat' dir='ltr'><strong>peccatum,</strong></span> <span class='ocrx_word' id='word_1_117' title='bbox 1209 1824 1327 1911; x_wconf 91' lang='lat' dir='ltr'><strong>puniat</strong></span> 
     </span>
     <span class='ocr_line' id='line_1_16' title="bbox 261 1924 1327 2014; baseline 0 -27"><span class='ocrx_word' id='word_1_118' title='bbox 261 1924 415 2003; x_wconf 80' lang='lat' dir='ltr'><strong>«noxios3</strong></span> <span class='ocrx_word' id='word_1_119' title='bbox 429 1924 479 1986; x_wconf 88' lang='lat' dir='ltr'><strong>sin</strong></span> <span class='ocrx_word' id='word_1_120' title='bbox 494 1944 572 1987; x_wconf 84' lang='lat' dir='ltr'><strong>vero</strong></span> <span class='ocrx_word' id='word_1_121' title='bbox 586 1924 705 1989; x_wconf 86' lang='lat' dir='ltr'><strong>invitos</strong></span> <span class='ocrx_word' id='word_1_122' title='bbox 718 1926 934 2014; x_wconf 84' lang='lat' dir='ltr'><strong>cognoverita</strong></span> <span class='ocrx_word' id='word_1_123' title='bbox 945 1927 1100 1991; x_wconf 83' lang='lat' dir='ltr'><strong>societate</strong></span> <span class='ocrx_word' id='word_1_124' title='bbox 1113 1947 1247 1989; x_wconf 90' lang='lat' dir='ltr'><strong>romana</strong></span> <span class='ocrx_word' id='word_1_125' title='bbox 1257 1924 1327 1994; x_wconf 85' lang='lat' dir='ltr'><strong>dis·</strong></span> 
     </span>
     <span class='ocr_line' id='line_1_17' title="bbox 259 2022 1327 2117; baseline 0 -28"><span class='ocrx_word' id='word_1_126' title='bbox 259 2026 430 2105; x_wconf 74' lang='lat' dir='ltr'><strong>«cessisse,</strong></span> <span class='ocrx_word' id='word_1_127' title='bbox 447 2022 504 2089; x_wconf 89' lang='lat' dir='ltr'><strong>det</strong></span> <span class='ocrx_word' id='word_1_128' title='bbox 520 2027 701 2090; x_wconf 85' lang='lat' dir='ltr'><strong>necessitati</strong></span> <span class='ocrx_word' id='word_1_129' title='bbox 719 2022 864 2102; x_wconf 85' lang='lat' dir='ltr'><strong>veniam,</strong></span> <span class='ocrx_word' id='word_1_130' title='bbox 882 2028 936 2090; x_wconf 91' lang='lat' dir='ltr'><strong>cui</strong></span> <span class='ocrx_word' id='word_1_131' title='bbox 950 2029 1119 2117; x_wconf 88' lang='lat' dir='ltr'><strong>ignoscere</strong></span> <span class='ocrx_word' id='word_1_132' title='bbox 1139 2048 1253 2090; x_wconf 88' lang='lat' dir='ltr'><strong>omnes</strong></span> <span class='ocrx_word' id='word_1_133' title='bbox 1269 2049 1327 2089; x_wconf 90' lang='lat' dir='ltr'><strong>so-</strong></span> 
     </span>
     <span class='ocr_line' id='line_1_18' title="bbox 170 2125 1329 2215; baseline -0.002 -25"><span class='ocrx_word' id='word_1_134' title='bbox 170 2162 173 2169; x_wconf 55' lang='lat'><em>»</em></span> <span class='ocrx_word' id='word_1_135' title='bbox 259 2127 376 2190; x_wconf 85' lang='lat' dir='ltr'><strong>«leant.</strong></span> <span class='ocrx_word' id='word_1_136' title='bbox 395 2126 494 2189; x_wconf 88' lang='lat' dir='ltr'><strong>Plane</strong></span> <span class='ocrx_word' id='word_1_137' title='bbox 511 2146 585 2188; x_wconf 91' lang='lat' dir='ltr'><strong>cum</strong></span> <span class='ocrx_word' id='word_1_138' title='bbox 603 2126 653 2189; x_wconf 91' lang='lat' dir='ltr'><strong>his</strong></span> <span class='ocrx_word' id='word_1_139' title='bbox 669 2127 872 2215; x_wconf 87' lang='lat' dir='ltr'><strong>temporibus</strong></span> <span class='ocrx_word' id='word_1_140' title='bbox 886 2127 984 2192; x_wconf 87' lang='lat' dir='ltr'><strong>luisse</strong></span> <span class='ocrx_word' id='word_1_141' title='bbox 996 2128 1093 2191; x_wconf 80' lang='lat' dir='ltr'><strong>ltaliae</strong></span> <span class='ocrx_word' id='word_1_142' title='bbox 1109 2141 1143 2190; x_wconf 88' lang='lat' dir='ltr'><strong>et</strong></span> <span class='ocrx_word' id='word_1_143' title='bbox 1153 2125 1251 2189; x_wconf 87' lang='lat' dir='ltr'><strong>Urbis</strong></span> <span class='ocrx_word' id='word_1_144' title='bbox 1264 2142 1329 2189; x_wconf 89' lang='lat' dir='ltr'><strong>sta·</strong></span> 
     </span>
     <span class='ocr_line' id='line_1_19' title="bbox 261 2225 1327 2316; baseline -0.003 -24"><span class='ocrx_word' id='word_1_145' title='bbox 261 2244 376 2309; x_wconf 85' lang='lat' dir='ltr'><strong>«tum,</strong></span> <span class='ocrx_word' id='word_1_146' title='bbox 400 2242 438 2291; x_wconf 92' lang='lat' dir='ltr'><strong>ut</strong></span> <span class='ocrx_word' id='word_1_147' title='bbox 459 2225 536 2290; x_wconf 89' lang='lat' dir='ltr'><strong>inde</strong></span> <span class='ocrx_word' id='word_1_148' title='bbox 560 2249 667 2314; x_wconf 89' lang='lat' dir='ltr'><strong>neque</strong></span> <span class='ocrx_word' id='word_1_149' title='bbox 691 2228 869 2316; x_wconf 88' lang='lat' dir='ltr'><strong>imperator</strong></span> <span class='ocrx_word' id='word_1_150' title='bbox 885 2243 1012 2310; x_wconf 90' lang='lat' dir='ltr'><strong>tantus,</strong></span> <span class='ocrx_word' id='word_1_151' title='bbox 1037 2249 1145 2314; x_wconf 89' lang='lat' dir='ltr'><strong>neque</strong></span> <span class='ocrx_word' id='word_1_152' title='bbox 1164 2226 1327 2290; x_wconf 77' lang='lat' dir='ltr'><strong>exercitus</strong></span> 
     </span>
     <span class='ocr_line' id='line_1_20' title="bbox 259 2326 1324 2417; baseline -0.001 -25"><span class='ocrx_word' id='word_1_153' title='bbox 259 2330 401 2417; x_wconf 87' lang='lat' dir='ltr'><strong>«sperari</strong></span> <span class='ocrx_word' id='word_1_154' title='bbox 417 2326 572 2416; x_wconf 92' lang='lat' dir='ltr'><strong>potuerit.</strong></span> <span class='ocrx_word' id='word_1_155' title='bbox 589 2327 751 2407; x_wconf 89' lang='lat' dir='ltr'><strong>Majorum</strong></span> <span class='ocrx_word' id='word_1_156' title='bbox 765 2350 901 2393; x_wconf 84' lang='lat' dir='ltr'><strong>suorum</strong></span> <span class='ocrx_word' id='word_1_157' title='bbox 921 2328 956 2391; x_wconf 91' lang='lat' dir='ltr'><strong>in</strong></span> <span class='ocrx_word' id='word_1_158' title='bbox 970 2328 1131 2416; x_wconf 91' lang='lat' dir='ltr'><strong>populum</strong></span> <span class='ocrx_word' id='word_1_159' title='bbox 1150 2349 1324 2391; x_wconf 89' lang='lat' dir='ltr'><strong>romanum</strong></span> 
     </span>
     <span class='ocr_line' id='line_1_21' title="bbox 257 2428 1326 2518; baseline 0 -24"><span class='ocrx_word' id='word_1_160' title='bbox 257 2430 499 2518; x_wconf 75' lang='lat' dir='ltr'><strong>«frequentiora</strong></span> <span class='ocrx_word' id='word_1_161' title='bbox 523 2428 648 2494; x_wconf 87' lang='lat' dir='ltr'><strong>delictis</strong></span> <span class='ocrx_word' id='word_1_162' title='bbox 673 2446 797 2495; x_wconf 86' lang='lat' dir='ltr'><strong>exstare</strong></span> <span class='ocrx_word' id='word_1_163' title='bbox 824 2430 958 2510; x_wconf 81' lang='lat' dir='ltr'><strong>merita3</strong></span> <span class='ocrx_word' id='word_1_164' title='bbox 981 2451 1016 2494; x_wconf 91' lang='lat' dir='ltr'><strong>se</strong></span> <span class='ocrx_word' id='word_1_165' title='bbox 1040 2450 1173 2517; x_wconf 89' lang='lat' dir='ltr'><strong>quoque</strong></span> <span class='ocrx_word' id='word_1_166' title='bbox 1196 2451 1326 2517; x_wconf 87' lang='lat' dir='ltr'><strong>semper</strong></span> 
     </span>
     <span class='ocr_line' id='line_1_22' title="bbox 257 2528 1325 2619; baseline 0.003 -28"><span class='ocrx_word' id='word_1_167' title='bbox 257 2562 271 2588; x_wconf 80' lang='grc'><strong>«</strong></span> <span class='ocrx_word' id='word_1_168' title='bbox 282 2532 350 2612; x_wconf 80' lang='lat' dir='ltr'><strong>ejus</strong></span> <span class='ocrx_word' id='word_1_169' title='bbox 364 2531 477 2618; x_wconf 89' lang='lat' dir='ltr'><strong>populi</strong></span> <span class='ocrx_word' id='word_1_170' title='bbox 489 2531 685 2610; x_wconf 86' lang='lat' dir='ltr'><strong>majestatem</strong></span> <span class='ocrx_word' id='word_1_171' title='bbox 702 2529 767 2596; x_wconf 86' lang='lat' dir='ltr'><strong>fide</strong></span> <span class='ocrx_word' id='word_1_172' title='bbox 779 2531 904 2619; x_wconf 88' lang='lat' dir='ltr'><strong>optima</strong></span> <span class='ocrx_word' id='word_1_173' title='bbox 919 2530 1073 2612; x_wconf 86' lang='lat' dir='ltr'><strong>coluisse,</strong></span> <span class='ocrx_word' id='word_1_174' title='bbox 1089 2552 1254 2619; x_wconf 86' lang='lat' dir='ltr'><strong>porroque</strong></span> <span class='ocrx_word' id='word_1_175' title='bbox 1264 2528 1325 2596; x_wconf 88' lang='lat' dir='ltr'><strong>da-</strong></span> 
     </span>
     <span class='ocr_line' id='line_1_23' title="bbox 259 2631 1324 2721; baseline 0 -25"><span class='ocrx_word' id='word_1_176' title='bbox 259 2663 272 2689; x_wconf 82' lang='lat'><strong>«</strong></span> <span class='ocrx_word' id='word_1_177' title='bbox 282 2649 373 2700; x_wconf 88' lang='lat' dir='ltr'><strong>turos</strong></span> <span class='ocrx_word' id='word_1_178' title='bbox 385 2653 534 2720; x_wconf 88' lang='lat' dir='ltr'><strong>operam,</strong></span> <span class='ocrx_word' id='word_1_179' title='bbox 548 2647 586 2696; x_wconf 89' lang='lat' dir='ltr'><strong>ut</strong></span> <span class='ocrx_word' id='word_1_180' title='bbox 598 2633 687 2696; x_wconf 88' lang='lat' dir='ltr'><strong>enise</strong></span> <span class='ocrx_word' id='word_1_181' title='bbox 702 2631 822 2698; x_wconf 81' lang='lat' dir='ltr'><strong>saciant</strong></span> <span class='ocrx_word' id='word_1_182' title='bbox 837 2634 962 2715; x_wconf 89' lang='lat' dir='ltr'><strong>omnia,</strong></span> <span class='ocrx_word' id='word_1_183' title='bbox 976 2655 1049 2720; x_wconf 77' lang='lat' dir='ltr'><strong>quse</strong></span> <span class='ocrx_word' id='word_1_184' title='bbox 1059 2632 1187 2721; x_wconf 86' lang='lat' dir='ltr'><strong>possint</strong></span> <span class='ocrx_word' id='word_1_185' title='bbox 1203 2655 1222 2695; x_wconf 86' lang='lat' dir='ltr'><strong>a</strong></span> <span class='ocrx_word' id='word_1_186' title='bbox 1238 2655 1274 2696; x_wconf 91' lang='lat' dir='ltr'><strong>se</strong></span> <span class='ocrx_word' id='word_1_187' title='bbox 1288 2634 1324 2696; x_wconf 91' lang='lat' dir='ltr'><strong>in</strong></span> 
     </span>
     <span class='ocr_line' id='line_1_24' title="bbox 258 2732 809 2821; baseline 0 -23"><span class='ocrx_word' id='word_1_188' title='bbox 258 2765 271 2790; x_wconf 86' lang='lat'><strong>«</strong></span> <span class='ocrx_word' id='word_1_189' title='bbox 283 2751 347 2798; x_wconf 91' lang='lat' dir='ltr'><strong>tam</strong></span> <span class='ocrx_word' id='word_1_190' title='bbox 364 2733 477 2820; x_wconf 85' lang='lat' dir='ltr'><strong>exigua</strong></span> <span class='ocrx_word' id='word_1_191' title='bbox 491 2735 621 2797; x_wconf 81' lang='lat' dir='ltr'><strong>lortuna</strong></span> <span class='ocrx_word' id='word_1_192' title='bbox 638 2732 809 2821; x_wconf 83' lang='lat' dir='ltr'><strong>proficisci.</strong></span> 
     </span>
    </p>

    <p class='ocr_par' dir='ltr' id='par_1_4' title="bbox 157 2833 1325 3835">
     <span class='ocr_line' id='line_1_25' title="bbox 302 2833 1325 2923; baseline -0.002 -23"><span class='ocrx_word' id='word_1_193' title='bbox 302 2837 356 2900; x_wconf 89' lang='lat' dir='ltr'><strong>IV.</strong></span> <span class='ocrx_word' id='word_1_194' title='bbox 375 2835 513 2921; x_wconf 82' lang='lat' dir='ltr'><strong>«Neque</strong></span> <span class='ocrx_word' id='word_1_195' title='bbox 527 2833 589 2897; x_wconf 92' lang='lat' dir='ltr'><strong>sibi</strong></span> <span class='ocrx_word' id='word_1_196' title='bbox 605 2834 761 2899; x_wconf 74' lang='lat' dir='ltr'><strong>laetiorem</strong></span> <span class='ocrx_word' id='word_1_197' title='bbox 779 2833 866 2899; x_wconf 91' lang='lat' dir='ltr'><strong>diem</strong></span> <span class='ocrx_word' id='word_1_198' title='bbox 884 2836 988 2899; x_wconf 92' lang='lat' dir='ltr'><strong>ullum</strong></span> <span class='ocrx_word' id='word_1_199' title='bbox 1004 2834 1121 2917; x_wconf 79' lang='lat' dir='ltr'><strong>fuisse,</strong></span> <span class='ocrx_word' id='word_1_200' title='bbox 1140 2857 1325 2923; x_wconf 77' lang='lat' dir='ltr'><strong>quamquo</strong></span> 
     </span>
     <span class='ocr_line' id='line_1_26' title="bbox 257 2934 1324 3025; baseline 0.005 -31"><span class='ocrx_word' id='word_1_201' title='bbox 257 2969 270 2994; x_wconf 64' lang='grc' dir='ltr'>ι</span> <span class='ocrx_word' id='word_1_202' title='bbox 281 2937 353 3000; x_wconf 88' lang='lat' dir='ltr'><strong>data</strong></span> <span class='ocrx_word' id='word_1_203' title='bbox 363 2935 490 2999; x_wconf 90' lang='lat' dir='ltr'><strong>romani</strong></span> <span class='ocrx_word' id='word_1_204' title='bbox 504 2934 706 3022; x_wconf 90' lang='lat' dir='ltr'><strong>imperatoris</strong></span> <span class='ocrx_word' id='word_1_205' title='bbox 718 2937 760 3000; x_wconf 90' lang='lat' dir='ltr'><strong>sit</strong></span> <span class='ocrx_word' id='word_1_206' title='bbox 769 2937 863 3024; x_wconf 89' lang='lat' dir='ltr'><strong>copia</strong></span> <span class='ocrx_word' id='word_1_207' title='bbox 877 2935 1029 3001; x_wconf 89' lang='lat' dir='ltr'><strong>:subesse</strong></span> <span class='ocrx_word' id='word_1_208' title='bbox 1042 2936 1175 3025; x_wconf 93' lang='lat' dir='ltr'><strong>quidem</strong></span> <span class='ocrx_word' id='word_1_209' title='bbox 1185 2953 1324 3017; x_wconf 88' lang='lat' dir='ltr'><strong>metum,</strong></span> 
     </span>
     <span class='ocr_line' id='line_1_27' title="bbox 255 3035 1325 3127; baseline 0 -25"><span class='ocrx_word' id='word_1_210' title='bbox 255 3068 268 3095; x_wconf 67' lang='grc' dir='ltr'>κ</span> <span class='ocrx_word' id='word_1_211' title='bbox 280 3060 321 3104; x_wconf 92' lang='lat' dir='ltr'><strong>ne</strong></span> <span class='ocrx_word' id='word_1_212' title='bbox 331 3039 416 3102; x_wconf 85' lang='lat' dir='ltr'><strong>forte</strong></span> <span class='ocrx_word' id='word_1_213' title='bbox 425 3053 483 3101; x_wconf 88' lang='lat' dir='ltr'><strong>sua</strong></span> <span class='ocrx_word' id='word_1_214' title='bbox 495 3035 658 3115; x_wconf 88' lang='lat' dir='ltr'><strong>rejiciatur</strong></span> <span class='ocrx_word' id='word_1_215' title='bbox 670 3039 836 3127; x_wconf 75' lang='lat' dir='ltr'><strong>purgatio,</strong></span> <span class='ocrx_word' id='word_1_216' title='bbox 852 3037 909 3102; x_wconf 89' lang='lat' dir='ltr'><strong>sed</strong></span> <span class='ocrx_word' id='word_1_217' title='bbox 925 3061 1015 3127; x_wconf 89' lang='lat' dir='ltr'><strong>spem</strong></span> <span class='ocrx_word' id='word_1_218' title='bbox 1028 3054 1136 3102; x_wconf 90' lang='lat' dir='ltr'><strong>tamen</strong></span> <span class='ocrx_word' id='word_1_219' title='bbox 1150 3038 1325 3119; x_wconf 83' lang='lat' dir='ltr'><strong>majorem,</strong></span> 
     </span>
     <span class='ocr_line' id='line_1_28' title="bbox 254 3137 1324 3227; baseline 0 -25"><span class='ocrx_word' id='word_1_220' title='bbox 254 3140 363 3218; x_wconf 78' lang='lat' dir='ltr'><strong>«fore,</strong></span> <span class='ocrx_word' id='word_1_221' title='bbox 378 3153 415 3201; x_wconf 91' lang='lat' dir='ltr'><strong>ut</strong></span> <span class='ocrx_word' id='word_1_222' title='bbox 424 3158 484 3225; x_wconf 94' lang='lat' dir='ltr'><strong>pro</strong></span> <span class='ocrx_word' id='word_1_223' title='bbox 500 3137 641 3200; x_wconf 91' lang='lat' dir='ltr'><strong>nominis</strong></span> <span class='ocrx_word' id='word_1_224' title='bbox 655 3140 782 3202; x_wconf 89' lang='lat' dir='ltr'><strong>romani</strong></span> <span class='ocrx_word' id='word_1_225' title='bbox 795 3153 828 3204; x_wconf 91' lang='lat' dir='ltr'><strong>et</strong></span> <span class='ocrx_word' id='word_1_226' title='bbox 843 3161 901 3202; x_wconf 88' lang='lat' dir='ltr'><strong>sua</strong></span> <span class='ocrx_word' id='word_1_227' title='bbox 912 3140 1100 3219; x_wconf 88' lang='lat' dir='ltr'><strong>clementia,</strong></span> <span class='ocrx_word' id='word_1_228' title='bbox 1112 3140 1274 3227; x_wconf 91' lang='lat' dir='ltr'><strong>placatum</strong></span> <span class='ocrx_word' id='word_1_229' title='bbox 1288 3163 1324 3203; x_wconf 91' lang='lat' dir='ltr'><strong>se</strong></span> 
     </span>
     <span class='ocr_line' id='line_1_29' title="bbox 255 3237 1324 3328; baseline 0.002 -26"><span class='ocrx_word' id='word_1_230' title='bbox 255 3239 521 3328; x_wconf 83' lang='lat' dir='ltr'><strong>«propitiumque</strong></span> <span class='ocrx_word' id='word_1_231' title='bbox 530 3237 778 3328; x_wconf 88' lang='lat' dir='ltr'><strong>deprecantibus</strong></span> <span class='ocrx_word' id='word_1_232' title='bbox 788 3239 875 3305; x_wconf 89' lang='lat' dir='ltr'><strong>Sulla</strong></span> <span class='ocrx_word' id='word_1_233' title='bbox 887 3239 1036 3304; x_wconf 73' lang='lat' dir='ltr'><strong>exhibeat</strong></span> <span class='ocrx_word' id='word_1_234' title='bbox 1044 3270 1069 3304; x_wconf 68' lang='lat' dir='ltr'><strong>u.</strong></span> <span class='ocrx_word' id='word_1_235' title='bbox 1085 3243 1129 3305; x_wconf 79' lang='lat' dir='ltr'><strong>At</strong></span> <span class='ocrx_word' id='word_1_236' title='bbox 1137 3240 1206 3320; x_wconf 91' lang='lat' dir='ltr'><strong>ille,</strong></span> <span class='ocrx_word' id='word_1_237' title='bbox 1218 3261 1324 3328; x_wconf 88' lang='lat' dir='ltr'><strong>quum</strong></span> 
     </span>
     <span class='ocr_line' id='line_1_30' title="bbox 254 3339 1324 3430; baseline 0.002 -27"><span class='ocrx_word' id='word_1_238' title='bbox 254 3363 315 3430; x_wconf 89' lang='lat' dir='ltr'><strong>pro</strong></span> <span class='ocrx_word' id='word_1_239' title='bbox 333 3354 479 3427; x_wconf 89' lang='lat' dir='ltr'><strong>tempore</strong></span> <span class='ocrx_word' id='word_1_240' title='bbox 495 3361 598 3426; x_wconf 87' lang='lat' dir='ltr'><strong>pauca</strong></span> <span class='ocrx_word' id='word_1_241' title='bbox 614 3339 852 3428; x_wconf 90' lang='lat' dir='ltr'><strong>respondisset,</strong></span> <span class='ocrx_word' id='word_1_242' title='bbox 871 3342 905 3404; x_wconf 94' lang='lat' dir='ltr'><strong>in</strong></span> <span class='ocrx_word' id='word_1_243' title='bbox 921 3341 1057 3405; x_wconf 85' lang='lat' dir='ltr'><strong>Atticam</strong></span> <span class='ocrx_word' id='word_1_244' title='bbox 1075 3340 1253 3406; x_wconf 86' lang='lat' dir='ltr'><strong>contendit.</strong></span> <span class='ocrx_word' id='word_1_245' title='bbox 1271 3341 1324 3406; x_wconf 93' lang='lat' dir='ltr'><strong>Ibi</strong></span> 
     </span>
     <span class='ocr_line' id='line_1_31' title="bbox 157 3433 1323 3534; baseline 0.003 -30"><span class='ocrx_word' id='word_1_246' title='bbox 157 3433 165 3440; x_wconf 63' lang='grc'>’</span> <span class='ocrx_word' id='word_1_247' title='bbox 255 3465 365 3534; x_wconf 90' lang='lat' dir='ltr'><strong>pugna</strong></span> <span class='ocrx_word' id='word_1_248' title='bbox 388 3463 463 3505; x_wconf 92' lang='lat' dir='ltr'><strong>cum</strong></span> <span class='ocrx_word' id='word_1_249' title='bbox 488 3438 638 3505; x_wconf 90' lang='lat' dir='ltr'><strong>hostibus</strong></span> <span class='ocrx_word' id='word_1_250' title='bbox 660 3441 848 3525; x_wconf 88' lang='lat' dir='ltr'><strong>commissa,</strong></span> <span class='ocrx_word' id='word_1_251' title='bbox 872 3459 1046 3530; x_wconf 89' lang='lat' dir='ltr'><strong>postquam</strong></span> <span class='ocrx_word' id='word_1_252' title='bbox 1067 3441 1263 3506; x_wconf 84' lang='lat' dir='ltr'><strong>Aristionem</strong></span> <span class='ocrx_word' id='word_1_253' title='bbox 1287 3445 1323 3508; x_wconf 92' lang='lat' dir='ltr'><strong>in</strong></span> 
     </span>
     <span class='ocr_line' id='line_1_32' title="bbox 254 3541 1324 3632; baseline 0.003 -25"><span class='ocrx_word' id='word_1_254' title='bbox 254 3542 388 3624; x_wconf 91' lang='lat' dir='ltr'><strong>urbem,</strong></span> <span class='ocrx_word' id='word_1_255' title='bbox 399 3541 594 3608; x_wconf 85' lang='lat' dir='ltr'><strong>Archelaum</strong></span> <span class='ocrx_word' id='word_1_256' title='bbox 609 3541 692 3605; x_wconf 86' lang='lat' dir='ltr'><strong>intra</strong></span> <span class='ocrx_word' id='word_1_257' title='bbox 707 3542 819 3606; x_wconf 85' lang='lat' dir='ltr'><strong>Piraeei</strong></span> <span class='ocrx_word' id='word_1_258' title='bbox 830 3544 1031 3608; x_wconf 89' lang='lat' dir='ltr'><strong>munimenta</strong></span> <span class='ocrx_word' id='word_1_259' title='bbox 1045 3543 1218 3632; x_wconf 92' lang='lat' dir='ltr'><strong>compulit,</strong></span> <span class='ocrx_word' id='word_1_260' title='bbox 1230 3559 1324 3632; x_wconf 82' lang='lat' dir='ltr'><strong>parte</strong></span> 
     </span>
     <span class='ocr_line' id='line_1_33' title="bbox 254 3641 1325 3733; baseline 0.001 -24"><span class='ocrx_word' id='word_1_261' title='bbox 254 3645 420 3733; x_wconf 88' lang='lat' dir='ltr'><strong>copiarum</strong></span> <span class='ocrx_word' id='word_1_262' title='bbox 437 3641 477 3706; x_wconf 90' lang='lat' dir='ltr'><strong>ad</strong></span> <span class='ocrx_word' id='word_1_263' title='bbox 491 3641 704 3707; x_wconf 87' lang='lat' dir='ltr'><strong>obsidendam</strong></span> <span class='ocrx_word' id='word_1_264' title='bbox 722 3665 797 3707; x_wconf 92' lang='lat' dir='ltr'><strong>cum</strong></span> <span class='ocrx_word' id='word_1_265' title='bbox 817 3641 979 3707; x_wconf 77' lang='lat' dir='ltr'><strong>Aristione</strong></span> <span class='ocrx_word' id='word_1_266' title='bbox 994 3642 1109 3708; x_wconf 86' lang='lat' dir='ltr'><strong>urbem</strong></span> <span class='ocrx_word' id='word_1_267' title='bbox 1124 3645 1237 3725; x_wconf 89' lang='lat' dir='ltr'><strong>missa,</strong></span> <span class='ocrx_word' id='word_1_268' title='bbox 1251 3645 1325 3732; x_wconf 87' lang='lat' dir='ltr'><strong>ipsc</strong></span> 
     </span>
     <span class='ocr_line' id='line_1_34' title="bbox 253 3743 1324 3835; baseline 0.002 -25"><span class='ocrx_word' id='word_1_269' title='bbox 253 3747 411 3810; x_wconf 79' lang='lat' dir='ltr'><strong>Piraeeum</strong></span> <span class='ocrx_word' id='word_1_270' title='bbox 433 3743 492 3807; x_wconf 89' lang='lat' dir='ltr'><strong>sibi</strong></span> <span class='ocrx_word' id='word_1_271' title='bbox 512 3743 771 3833; x_wconf 91' lang='lat' dir='ltr'><strong>oppugnandum</strong></span> <span class='ocrx_word' id='word_1_272' title='bbox 793 3745 949 3832; x_wconf 91' lang='lat' dir='ltr'><strong>sumpsit,</strong></span> <span class='ocrx_word' id='word_1_273' title='bbox 969 3745 1027 3808; x_wconf 90' lang='lat' dir='ltr'><strong>ubi</strong></span> <span class='ocrx_word' id='word_1_274' title='bbox 1043 3747 1123 3835; x_wconf 86' lang='lat' dir='ltr'><strong>regii</strong></span> <span class='ocrx_word' id='word_1_275' title='bbox 1143 3768 1218 3810; x_wconf 92' lang='lat' dir='ltr'><strong>cum</strong></span> <span class='ocrx_word' id='word_1_276' title='bbox 1237 3769 1324 3834; x_wconf 81' lang='lat' dir='ltr'><strong>prae·</strong></span> 
     </span>
    </p>
   </div>
   <div class='ocr_carea' id='block_1_3' title="bbox 146 3843 1244 3920">
    <p class='ocr_par' dir='ltr' id='par_1_5' title="bbox 146 3843 1244 3920">
     <span class='ocr_line' id='line_1_35' title="bbox 146 3843 1244 3920; baseline 0 -9"><span class='ocrx_word' id='word_1_277' title='bbox 146 3917 148 3920; x_wconf 57' lang='grc'><strong>,</strong></span> <span class='ocrx_word' id='word_1_278' title='bbox 253 3863 323 3911; x_wconf 90' lang='lat' dir='ltr'><strong>tore</strong></span> <span class='ocrx_word' id='word_1_279' title='bbox 335 3869 395 3910; x_wconf 89' lang='lat' dir='ltr'><strong>suo</strong></span> <span class='ocrx_word' id='word_1_280' title='bbox 414 3843 575 3908; x_wconf 88' lang='lat' dir='ltr'><strong>moenibus</strong></span> <span class='ocrx_word' id='word_1_281' title='bbox 588 3867 605 3906; x_wconf 93' lang='lat' dir='ltr'><strong>a</strong></span> <span class='ocrx_word' id='word_1_282' title='bbox 617 3845 740 3908; x_wconf 89' lang='lat' dir='ltr'><strong>Pericle</strong></span> <span class='ocrx_word' id='word_1_283' title='bbox 752 3845 829 3908; x_wconf 90' lang='lat' dir='ltr'><strong>olim</strong></span> <span class='ocrx_word' id='word_1_284' title='bbox 843 3847 973 3910; x_wconf 88' lang='lat' dir='ltr'><strong>structis</strong></span> <span class='ocrx_word' id='word_1_285' title='bbox 987 3869 1021 3910; x_wconf 88' lang='lat' dir='ltr'><strong>se</strong></span> <span class='ocrx_word' id='word_1_286' title='bbox 1036 3847 1244 3912; x_wconf 88' lang='lat' dir='ltr'><strong>incluserant.</strong></span> 
     </span>
    </p>
   </div>
   <div class='ocr_carea' id='block_1_4' title="bbox 296 3945 1322 4033">
    <p class='ocr_par' dir='ltr' id='par_1_6' title="bbox 296 3945 1322 4033">
     <span class='ocr_line' id='line_1_36' title="bbox 296 3945 1322 4033; baseline 0.004 -23"><span class='ocrx_word' id='word_1_287' title='bbox 296 3950 336 4011; x_wconf 92' lang='lat' dir='ltr'><strong>V.</strong></span> <span class='ocrx_word' id='word_1_288' title='bbox 351 3947 440 4010; x_wconf 91' lang='lat' dir='ltr'><strong>Bello</strong></span> <span class='ocrx_word' id='word_1_289' title='bbox 458 3945 546 4008; x_wconf 90' lang='lat' dir='ltr'><strong>enim</strong></span> <span class='ocrx_word' id='word_1_290' title='bbox 563 3946 854 4033; x_wconf 89' lang='lat' dir='ltr'><strong>peloponnesiaco,</strong></span> <span class='ocrx_word' id='word_1_291' title='bbox 873 3947 1013 4013; x_wconf 90' lang='lat' dir='ltr'><strong>Pericles</strong></span> <span class='ocrx_word' id='word_1_292' title='bbox 1031 3948 1065 4012; x_wconf 92' lang='lat' dir='ltr'><strong>in</strong></span> <span class='ocrx_word' id='word_1_293' title='bbox 1082 3949 1322 4014; x_wconf 88' lang='lat' dir='ltr'><strong>munitionibus</strong></span> 
     </span>
    </p>
   </div>
   <div class='ocr_carea' id='block_1_5' title="bbox 290 4132 1268 4224">
    <p class='ocr_par' dir='ltr' id='par_1_7' title="bbox 290 4132 1268 4224">
     <span class='ocr_line' id='line_1_37' title="bbox 290 4132 1268 4224; baseline 0.004 -39"><span class='ocrx_word' id='word_1_294' title='bbox 290 4137 306 4203; x_wconf 72' lang='lat' dir='ltr'>s</span> <span class='ocrx_word' id='word_1_295' title='bbox 318 4139 362 4187; x_wconf 79' lang='lat' dir='ltr'><strong>w.</strong></span> <span class='ocrx_word' id='word_1_296' title='bbox 376 4137 407 4184; x_wconf 92' lang='lat' dir='ltr'><strong>ll.</strong></span> <span class='ocrx_word' id='word_1_297' title='bbox 419 4137 447 4184; x_wconf 89' lang='lat' dir='ltr'><strong>C.</strong></span> <span class='ocrx_word' id='word_1_298' title='bbox 460 4132 513 4224; x_wconf 41' lang='lat'><strong>⁶25</strong></span> <span class='ocrx_word' id='word_1_299' title='bbox 524 4148 531 4195; x_wconf 73' lang='lat'><em>3</em></span> <span class='ocrx_word' id='word_1_300' title='bbox 544 4137 574 4182; x_wconf 83' lang='grc' dir='ltr'><strong>Α.</strong></span> <span class='ocrx_word' id='word_1_301' title='bbox 584 4135 612 4182; x_wconf 85' lang='lat' dir='ltr'><strong>G.</strong></span> <span class='ocrx_word' id='word_1_302' title='bbox 628 4137 670 4194; x_wconf 80' lang='lat'><strong>87.</strong></span> <span class='ocrx_word' id='word_1_303' title='bbox 683 4161 719 4172; x_wconf 90' lang='lat'><em>-</em></span> <span class='ocrx_word' id='word_1_304' title='bbox 735 4137 842 4183; x_wconf 70' lang='lat' dir='ltr'><strong>renue.</strong></span> <span class='ocrx_word' id='word_1_305' title='bbox 854 4135 897 4183; x_wconf 85' lang='lat' dir='ltr'><strong>lib.</strong></span> <span class='ocrx_word' id='word_1_306' title='bbox 911 4139 932 4186; x_wconf 89' lang='lat'><strong>1.</strong></span> <span class='ocrx_word' id='word_1_307' title='bbox 943 4138 1106 4188; x_wconf 78' lang='lat' dir='ltr'><strong>-Pluterch</strong></span> <span class='ocrx_word' id='word_1_308' title='bbox 1115 4161 1151 4177; x_wconf 65' lang='grc' dir='ltr'><strong>ι·-</strong></span> <span class='ocrx_word' id='word_1_309' title='bbox 1160 4139 1268 4204; x_wconf 74' lang='lat' dir='ltr'><strong>Appian-</strong></span> 
     </span>
    </p>
   </div>
   <div class='ocr_carea' id='block_1_6' title="bbox 0 0 1442 4900">
    <p class='ocr_par' dir='ltr' id='par_1_8' title="bbox 0 0 1442 4900">
     <span class='ocr_line' id='line_1_38' title="bbox 0 0 1442 4900; baseline 0 0"><span class='ocrx_word' id='word_1_310' title='bbox 0 0 1442 4900; x_wconf 95' lang='lat' dir='ltr'><strong> </strong></span> 
     </span>
    </p>
   </div>
  </div>
 </body>
</html>
