2875 4900
332 337 386 404 ru
417 333 532 406 noc.
559 335 651 404 mn.
679 336 769 404 cxr
798 336 1010 406 nlvrsur.
1132 358 1200 431 7²r

142 470 285 543 poterat,
298 453 438 542 relinqui
451 455 558 520 locum
575 471 750 543 oporteret.
765 455 831 522 Sed
845 473 993 544 receptus
1007 457 1093 544 ipse,
1103 478 1200 543 quam

143 578 268 645 pugna,
285 554 455 622 videbatur
470 555 695 644 periculosior;
714 557 791 645 quia
805 579 864 645 per
879 555 1001 620 declive
1019 547 1215 644 regredien-¹

143 657 230 720 tibus
243 679 282 720 ex
295 656 462 743 superiore
472 657 545 721 loco
558 657 661 721 hostis
673 657 872 722 imminebat.

187 759 340 822 XXXIV.
362 757 488 822 Idcirco
503 758 668 846 Pompeius
685 758 776 846 apud
791 781 862 822 suos
878 757 995 822 dixisse
1010 755 1123 836 fertur,
1139 779 1203 822 non

142 883 173 923 se
196 883 355 938 recusare,
376 862 456 947 quin
479 858 595 923 millius
620 881 693 924 raus
713 863 884 948 tmperator
905 861 1153 938 existimaretur,
1177 861 1207 922 si

142 964 207 1024 sine
228 965 370 1026 maxmso
389 963 571 1028 detrt'mento
592 961 720 1024 Iuliani
740 985 771 1024 se
794 964 981 1051 recepissent.
1012 961 1061 1024 Et*
1081 960 1202 1041 Caesar,

143 1078 181 1126 ut
201 1065 284 1145 suis,
302 1063 393 1152 quod
415 1079 540 1152 posset,
558 1063 762 1144 consuleret,
785 1081 886 1128 crates
901 1062 996 1144 jussit
1018 1062 1053 1125 in
1073 1083 1202 1124 summo

143 1164 271 1228 tumulo
284 1165 453 1244 constitui,
465 1163 583 1252 quibus
603 1163 678 1228 tecti
694 1163 808 1226 milites
824 1165 942 1228 fossam
957 1161 1113 1227 mediocri
1130 1161 1203 1225 lati-

144 1261 257 1328 tudine
279 1265 441 1346 facerent,
464 1280 514 1346 et,
532 1279 691 1351 quantum
711 1279 860 1351 possent,
879 1265 988 1328 locum
1009 1261 1202 1350 impeditum

142 1363 324 1430 redderent.
351 1366 423 1454 Ipse
448 1363 628 1430 funditores
648 1364 773 1428 idoneis
794 1363 874 1427 Iocis
897 1362 1061 1450 disponit,
1083 1361 1203 1450 quibus

141 1467 313 1552 sequuturi
331 1467 446 1530 hostes
455 1466 717 1554 prohiberentur.
739 1462 803 1528 Sed
817 1462 1006 1551 Pompeiani
1021 1464 1084 1528 hoc
1100 1462 1201 1527 auda-

142 1565 211 1630 cius
222 1567 425 1648 institerunt,
440 1567 531 1654 quod
548 1566 661 1632 cedere
676 1568 832 1630 Caesarem
851 1580 941 1628 metu
954 1563 1201 1630 arbitrabantur.

142 1669 228 1756 Ergo
239 1669 465 1750 mauronius,
476 1670 532 1757 qui
545 1669 575 1732 ei
588 1668 706 1758 legioni
716 1681 868 1755 praeerat,
877 1666 972 1746 jussu
983 1667 1114 1729 Caesaris
1124 1689 1200 1730 suos

141 1767 344 1851 cohortatus,
365 1791 383 1832 a
404 1769 512 1832 medio
534 1768 601 1832 fere
623 1769 727 1856 spatio
749 1768 905 1855 impetum
931 1767 965 1829 in
984 1766 1093 1830 hostes
1114 1767 1200 1832 fecit.

141 1868 247 1953 Atque
263 1867 325 1949 illi,
343 1891 381 1932 ex
395 1869 547 1932 inferiore
563 1868 635 1934 loco
653 1869 686 1932 in
707 1867 878 1933 adversum
897 1867 1011 1932 collem
1033 1889 1132 1932 eursu
1148 1870 1200 1932 in·

140 1967 245 2048 citati,
256 1969 451 2057 pepulerunt
463 1971 692 2058 Pompeianos;
704 1968 946 2055 interfectisque
955 1967 1116 2056 plurimis,
1125 1991 1202 2032 suo·
1256 2053 1261 2062 Ι

141 2091 214 2132 rum
238 2070 361 2142 amissis
383 2069 561 2134 admodum
583 2072 748 2158 quinque,
766 2092 834 2133 nou
859 2068 994 2133 ulterius
1015 2071 1201 2156 persequuti

142 2168 320 2256 fugientes,
341 2191 447 2258 neque
461 2171 545 2234 ultra
560 2170 713 2252 lacessiti,
729 2193 765 2235 se
779 2184 980 2257 receperunt.

186 2269 320 2338 XXXV.
342 2272 419 2334 Erat
444 2294 527 2334 nora
550 2287 581 2334 et
603 2269 738 2336 mirifica
761 2269 938 2334 obsidionis
962 2268 1201 2357 forma,.quod

141 2371 248 2457 plures
264 2395 283 2435 a
302 2372 634 2461 paucioribus,omni
654 2372 746 2462 copia
764 2393 875 2434 rerum
894 2369 1095 2434 abundantes
1115 2391 1134 2431 a
1153 2369 1201 2432 fa-

140 2475 255 2538 melico
280 2476 443 2555 exercitu,
470 2474 711 2539 claudebantur.
736 2473 866 2561 Quippe
885 2472 1089 2562 Pompeianis
1110 2488 1201 2561 pate·

141 2574 218 2638 bant
236 2576 353 2656 maria,
372 2598 478 2662 neque
502 2590 617 2639 ventus
639 2572 715 2638 flare
738 2574 823 2636 ullus
843 2588 971 2661 poterat
994 2572 1074 2659 quin
1096 2572 1201 2659 aliqua

141 2693 290 2763 exparte
312 2677 507 2741 commeatui
530 2674 742 2740 subvehendo
764 2674 851 2738 utilis
873 2692 966 2739 esset.
991 2677 1111 2738 Contra
1131 2677 1200 2737 Coe-

140 2777 217 2839 saris
239 2778 353 2841 milites
376 2778 410 2841 in
429 2799 543 2866 magna
566 2775 719 2841 frumenti
740 2776 875 2863 penuria
897 2774 1047 2839 carnibus
1064 2775 1201 2838 maxime

140 2878 152 2963 (
162 2900 236 2942 nam
260 2880 385 2967 pecoris
404 2902 443 2943 ex
460 2880 560 2967 Epiro
578 2877 772 2966 suppetebat
792 2876 907 2965 copia)
920 2875 1118 2941 victitabant.
1127 2876 1200 2957 ‚sed

139 2996 172 3043 et
184 2979 345 3044 radicibus
356 2980 531 3068 herbisque
543 2979 696 3043 vellendis
707 2980 896 3067 quaerebant
907 2979 1057 3041 solatium
1064 2978 1200 3066 ‘inopiae5

139 3080 315 3167 presertim
330 3103 397 3144 uno
416 3104 533 3169 genere
553 3082 745 3160 utebantur,
757 3078 848 3167 quod
859 3079 1034 3143 vocabatur
1049 3078 1150 3141 eham
1160 3078 1175 3107 ⁴
1189 3103 1201 3141 :

139 3176 173 3241 id
190 3177 335 3243 admisto
353 3178 434 3243 lacte
452 3179 486 3241 in
505 3178 750 3244 similitudinem
768 3179 860 3267 panis
882 3178 1084 3267 subigebant.
1106 3178 1201 3258 Ejus-

139 3278 227 3343 modi
246 3300 364 3366 panes,
379 3302 482 3365 quum
501 3280 533 3343 in
555 3280 723 3369 colloquiis
739 3279 926 3368 Pompeiani
942 3280 1060 3342 famem
1074 3278 1136 3343 illis
1151 3303 1202 3345 ex·

138 3379 348 3467 probrarent,
366 3380 465 3469 vulgo
484 3381 699 3461 conjiciebant
715 3382 750 3444 in
771 3404 841 3463 eos,
852 3381 951 3445 donec
962 3381 1021 3444 boc
1032 3402 1133 3466 genus
1145 3406 1201 3445 ra·

137 3480 220 3545 dices
236 3480 328 3545 tellus
335 3480 444 3569 ferret
453 3528 463 3563 ,
481 3504 642 3569 rrunqucm
661 3507 692 3549 se
710 3483 887 3547 dimissuros
903 3482 1090 3546 obstitorem
1106 3482 1201 3549 dicti·

140 3596 259 3663 tantes,
273 3584 367 3647 dumo
374 3585 465 3669 prius
478 3587 590 3647 cortice
599 3586 738 3648 victuros
748 3608 792 3647 ex
801 3585 971 3651 arboribus.
992 3585 1101 3661 Unde,
1114 3610 1149 3649 re
1159 3584 1201 3650 ad

138 3704 172 3745 se
187 3680 309 3764 delata,
321 3684 512 3773 Pompeium
524 3684 639 3749 dixisse
654 3686 781 3765 ferunt,
792 3683 955 3771 curnfiris
971 3686 1109 3749 sitirem
1117 3709 1201 3765 esse,-

138 3799 171 3846 et
186 3784 334 3870 protinus
347 3784 488 3847 amoveri
497 3785 628 3867 jussisse
639 3808 755 3874 panes,
769 3808 875 3873 neque
888 3787 1040 3873 cuiquam
1052 3785 1197 3866 ostendi,

174 3992 190 4055 S
207 3994 331 4043 xxxnt.
346 3995 407 4041 Ces.
417 4020 451 4032 ··-
463 3992 570 4059 Appian.
582 4020 615 4031 -·
625 3995 682 4043 nto.

172 4072 185 4098 ⁴
203 4077 239 4123 D·
251 4076 332 4125 (Ἴωνα
340 4076 395 4125 ride
407 4088 489 4127 notam
519 4076 584 4126 Edit.
596 4090 685 4127 nostru
698 4078 813 4135 (arada,
826 4094 851 4142 p.
864 4078 954 4137 253,t.
966 4080 999 4127 11.
1009 4080 1055 4127 Eu.
