2875 4900
295 374 364 472 734
471 380 538 446 JO.
565 381 905 454 FREINSHEMH
934 388 1180 458 SUPPLEM.

338 501 453 564 xttx.
466 499 591 564 Idcirco
609 523 661 566 eas
678 505 876 570 munitiones
891 525 1104 595 occupaverat
1118 510 1310 598 Pompeios,
1321 531 1350 576 ct

294 600 369 686 quia
388 601 495 688 plures
516 600 561 664 ibi
580 601 742 667 locaturus
762 605 904 694 legiones
923 624 1009 689 erat,
1026 609 1172 675 interiori
1192 614 1277 678 vallo
1295 616 1351 678 alia

293 717 394 766 castra
410 699 681 783 circumdederat,
698 721 737 766 ut
751 705 806 768 illa
822 707 931 793 priora
945 707 997 772 bis
1018 711 1110 774 omni
1131 734 1170 774 ex
1191 730 1282 800 parte
1302 715 1349 776 io-

293 801 511 870 cluderentur.
537 803 609 868 Huc
629 803 736 869 Caesar
758 808 876 894 ruptim
902 808 1009 874 ductis
1033 812 1138 876 tribus
1162 830 1198 878 et
1224 817 1350 904 viginta

291 901 500 983 cohortibus,
517 903 706 991 priusquam
729 908 850 970 sentiro
869 907 1046 997 Pompeius
1067 931 1192 999 posset,
1214 918 1349 995 exterius

291 1003 410 1068 vallum
427 1004 644 1092 expugnavit:
661 1021 693 1068 et
708 1005 809 1070 deleri
826 1009 909 1096 legio
924 1011 1102 1096 potuisset,
1121 1014 1183 1077 nisi
1203 1013 1349 1080 dextrum

290 1104 420 1168 Caesaris
438 1127 541 1168 cornu
559 1104 729 1170 brachium
743 1107 834 1187 valli,
856 1131 875 1172 a
894 1111 1004 1174 castris
1024 1111 1065 1176 ad
1085 1109 1208 1179 flumen
1225 1117 1350 1180 tutioris

290 1205 471 1292 aquationis
495 1225 590 1268 causo
616 1203 815 1284 deductum,
837 1209 1010 1276 fefellisset.
1031 1212 1106 1276 llue
1126 1215 1214 1278 enirn
1238 1215 1348 1293 delati,

289 1321 534 1392 castrorumque
550 1321 673 1392 partem
694 1324 861 1393 putantes,
877 1325 1006 1396 portam
1024 1313 1231 1400 quoesebaut3
1246 1314 1350 1380 donec

289 1405 510 1472 animadverso
524 1428 649 1486 errore,
667 1430 732 1494 qua
747 1409 931 1494 proximum
948 1428 1017 1476 erat
1039 1411 1052 1497 (
1060 1434 1120 1476 nec
1133 1414 1221 1478 enim
1236 1414 1349 1479 defen-

289 1509 384 1572 debat
406 1507 617 1595 quisquam),
638 1509 907 1577 transcenderunt
926 1533 1093 1600 aggerem,
1121 1514 1233 1578 eedem
1255 1517 1349 1580 etiam

287 1609 431 1696 sequutis
445 1609 517 1672 valli
536 1625 774 1697 prorumpente
790 1611 966 1697 equitibus.
994 1614 1071 1678 Haee
1086 1637 1177 1682 mora
1194 1616 1349 1705 Pompeio

287 1711 426 1800 spatium
449 1709 557 1792 dedit,
578 1733 612 1776 re
638 1712 786 1799 cognita,
807 1713 970 1801 legionem
992 1714 1034 1778 ab
1055 1738 1154 1802 opere
1174 1716 1348 1784 deductam

285 1809 431 1876 subsidio
448 1809 597 1874 mittendi
617 1810 858 1876 laborantibus:
878 1836 945 1900 quo
966 1815 1012 1880 illi
1033 1833 1227 1904 conspecto,
1244 1822 1349 1884 aerius

285 1935 320 1978 se
336 1911 529 1993 defendere;
543 1928 655 1978 contra
667 1914 856 1995 Cossutiani,
875 1918 1052 2002 praesertim
1066 1918 1209 2004 equites,
1219 1922 1255 1984 in
1271 1922 1348 2000 locis

285 2016 428 2104 angustis
450 2030 483 2077 et
502 2011 665 2100 impeditis
686 2016 832 2102 receptui
848 2018 1019 2098 timentes,
1036 2040 1112 2084 cum
1135 2041 1252 2109 magna
1270 2046 1349 2086 con·

284 2117 481 2180 sternatione
494 2115 697 2180 retrocedere
711 2133 889 2204 eoepernut.

327 2221 363 2284 L.
382 2219 509 2282 Horum
527 2218 603 2304 fuga
624 2233 756 2282 caeteros
777 2240 892 2284 omnes
910 2219 1036 2305 pavoris
1055 2236 1090 2284 et
1106 2221 1269 2286 tumtdtus
1283 2223 1347 2286 im·

283 2321 399 2410 plevit,
422 2334 460 2383 ut
481 2319 563 2382 nihil
582 2319 755 2405 prohibere
778 2320 909 2384 Ctesaris
931 2321 1098 2408 praesentia
1118 2339 1244 2409 posset,
1267 2325 1345 2409 quin

282 2422 399 2510 passim
416 2420 529 2485 solutis
545 2419 715 2486 ordinibus
732 2421 925 2508 palarentur.
949 2421 1089 2502 Quidam
1104 2423 1265 2511 signiferi,
1277 2427 1346 2489 Car-

282 2546 352 2589 sare
367 2523 457 2611 signa
470 2520 693 2609 prehendente
711 2522 876 2604 manibus,
892 2538 926 2587 et
936 2523 1074 2602 jubente
1084 2523 1279 2603 consistere,
1294 2522 1346 2587 di·

282 2625 387 2691 missis
406 2624 486 2704 illis,
506 2623 619 2711 fogere
635 2639 939 2709 perseveraverunt:
954 2640 1026 2687 tunt
1040 2624 1137 2687 etiam
1155 2625 1225 2711 ipse
1240 2626 1347 2688 Caesar

282 2729 315 2792 in
337 2725 509 2799 discrimen
534 2724 647 2811 ingens
672 2722 803 2805 incidit,
828 2747 931 2811 quum
956 2725 1111 2790 retinenti
1136 2725 1344 2811 aquiliferum

281 2827 471 2918 quemdam,
488 2848 677 2915 magnarum
693 2826 810 2893 virium
824 2826 1011 2905 bominem,
1030 2825 1083 2889 ille
1102 2826 1273 2913 cuspidem
1293 2828 1346 2891 in·

281 2944 437 3006 tentarem
457 2924 514 2991 sed
534 2926 755 3013 aquiliferum,
781 2926 837 3013 qui
858 2949 935 2991 cum
957 2929 1080 2991 Caesare
1100 2945 1211 3005 erant,
1235 2928 1345 2992 statim

279 3030 508 3096 confoderunt.
530 3028 651 3093 Multos
666 3029 784 3093 milites
801 3028 865 3092 hoc
877 3028 1009 3117 gemino
1023 3028 1133 3115 pnelio
1149 3028 1345 3093 desideravit

279 3138 393 3213 Ctesar,
405 3131 555 3195 tribunos
565 3130 660 3195 etiam
675 3130 814 3195 militum
826 3146 859 3193 et
868 3130 1076 3195 centuriones
1090 3130 1242 3218 triginta:
1254 3134 1344 3221 signa

279 3236 412 3322 insuper
424 3232 572 3296 militaria
584 3230 825 3318 duodetriginta
837 3230 950 3295 omissa
963 3247 1052 3295 sunt.
1062 3230 1167 3311 Quod
1178 3233 1241 3295 uisi
1252 3233 1346 3297 Pom·

279 3337 371 3425 peius
387 3332 530 3421 receptui
547 3332 732 3411 cecinisset,
753 3348 859 3395 totum
880 3330 980 3395 deleri
1002 3331 1146 3395 hostium
1165 3336 1344 3399 exereitum

279 3438 440 3527 potuisse,
460 3434 541 3497 adeo
554 3448 679 3497 certum
691 3433 839 3512 hahetur,
853 3450 892 3497 ut
904 3433 1006 3520 ipsius
1019 3432 1151 3498 Caesaris
1163 3456 1228 3497 vox
1238 3457 1344 3497 anno·

279 3556 342 3603 tata
363 3540 422 3617 sit,
441 3560 479 3599 ea
504 3536 555 3598 die
581 3558 740 3599 suntmam
766 3537 931 3597 victoriam
945 3558 1041 3623 penes
1066 3536 1217 3600 adversas
1236 3552 1344 3625 partes

265 3642 386 3732 fuisse,
402 3640 430 3700 si
446 3637 555 3699 ducem
574 3636 725 3699 accendi
732 3658 871 3722 gnarum
886 3636 1073 3701 habuissent.

231 3768 236 3773 ·
321 3741 373 3805 Ll.
398 3738 460 3803 Sed
483 3737 551 3817 ille,
579 3736 644 3801 sive
667 3760 736 3824 quo
753 3739 878 3803 civibus
900 3754 1045 3826 parceret
1058 3738 1191 3825 propria
1205 3740 1343 3827 pietate,

277 3858 333 3908 aut
352 3840 485 3906 Catonis
502 3839 585 3901 facto
604 3855 787 3926 permotus,
812 3842 889 3928 qui,
907 3840 973 3903 visa
994 3840 1197 3904 lul'moorum
1217 3856 1342 3930 strage,

312 4049 327 4112 s
341 4051 368 4097 L.
381 4051 482 4097 sueton.
492 4047 517 4095 in
532 4042 596 4095 Ces.
609 4062 663 4113 cap.
681 4044 724 4093 62.
739 4022 775 4083 ¹-
787 4046 845 4095 nto.
858 4072 893 4085 ι·
906 4046 1014 4111 Appian.
1031 4074 1065 4083 -
1078 4046 1141 4093 Cres.
1162 4074 1199 4083 --
1217 4046 1340 4095 Plutarch.

277 4134 405 4200 Apophtlt.
420 4134 493 4181 Rom.
505 4148 558 4195 cap.
572 4138 614 4187 tq.
626 4158 661 4169 —
673 4133 764 4179 Lucan.
