2875 4900
230 352 285 423 IN
317 352 430 423 LOC.
457 350 762 421 LIB.Lxxxl1
791 350 1006 421 LIVIANI.
1086 346 1155 427 ¹05

87 472 198 539 bandis
219 474 359 539 denariis
380 472 566 562 (octoginta
588 486 730 561 quatuor
751 492 771 534 e
789 470 873 535 libra
893 471 1014 560 signari
1027 470 1154 551 justum

87 577 166 664 erat)
184 576 310 641 tribuni
326 575 432 665 plebis
454 576 559 664 legem
576 571 834 662 promulgaturi,
849 587 889 635 ut
904 594 955 636 res
970 572 1155 637 nummaria

86 677 124 740 de
135 678 305 742 communi
322 676 483 743 sententia
499 676 771 754 constitueretur,
786 672 961 763 collegium
976 688 1156 761 praetorum

86 776 316 844 adhibuerunt.
335 776 401 843 Sed
427 775 572 841 edictum
597 774 818 841 communiter
838 775 1062 863 conscriptum
1084 774 1158 839 Ma·

85 880 148 943 rius
168 878 379 945 Gratidianus
397 894 534 969 praetor,
554 894 593 943 ut
611 898 745 943 omnem
766 876 881 965 populi
898 879 1043 943 favorem
1062 876 1098 941 in
1116 898 1155 943 se

86 996 258 1063 averteret,
279 982 403 1051 crateris
419 1006 459 1047 ex
474 980 657 1069 composito
672 978 935 1068 pomeridianum
952 995 1082 1068 tempus
1101 1001 1157 1044 ex·

84 1082 322 1170 spectantibus,
336 1083 445 1148 statim
459 1105 478 1145 a
490 1080 652 1147 subselliis
667 1080 709 1146 ad
719 1082 838 1147 Rostra
852 1081 1074 1163 contendens,
1092 1104 1155 1147 suo

85 1185 181 1249 unius
198 1186 333 1251 nornine
349 1185 522 1275 proposuit
538 1206 546 1248 t
562 1198 715 1272 tantaque
728 1184 807 1273 legis
823 1183 893 1263 ejus
909 1184 1009 1273 gratia
1025 1183 1102 1265 fuit,
1118 1199 1156 1248 ut

84 1308 266 1375 peromnes
277 1287 366 1353 vicos
375 1286 406 1350 ei
415 1300 587 1368 statuae‚et
596 1285 638 1349 ad
649 1306 701 1367 eas
712 1286 790 1349 thus
801 1300 834 1350 et
844 1286 930 1351 cerei
940 1300 1153 1374 ponerentur.

123 1386 250 1451 XXIV.
268 1386 356 1452 Cnoei
379 1408 512 1476 quoque
536 1387 705 1475 Pompeii,
728 1388 786 1474 qui
812 1403 925 1476 postea
947 1388 1086 1477 Magnus
1104 1403 1155 1452 est

82 1489 277 1576 appellatus,
289 1488 451 1569 judicium
464 1488 551 1552 idem
570 1510 676 1553 annus
692 1487 818 1553 babuit.
834 1488 1008 1554 Peculatus
1024 1505 1094 1554 erat
1109 1489 1154 1554 ob

83 1590 166 1654 buta
182 1590 352 1655 Strabonis
368 1591 567 1680 postulatus,
586 1606 619 1655 et
635 1588 727 1677 quod
742 1589 777 1654 in
795 1591 946 1655 asculana
962 1591 1097 1655 victoria
1113 1591 1155 1654 li·

82 1691 157 1757 bros
172 1708 208 1757 et
220 1693 329 1783 plagas
343 1692 523 1757 venatorias
538 1713 675 1755 munere
688 1690 789 1779 patris
804 1707 980 1779 acceperat.
993 1692 1157 1756 Dixemnt

82 1816 139 1881 pro
161 1794 324 1882 Pompeio
338 1794 380 1877 Q.
393 1793 606 1875 Hortensius,
622 1808 657 1858 et
671 1793 707 1856 L.
718 1791 889 1881 Philippus
904 1791 971 1871 jam
987 1792 1104 1875 se'nex,
1120 1814 1156 1857 se

82 1916 147 1958 non
170 1895 358 1977 immerito,
376 1916 480 1983 quum
501 1894 543 1959 sit
564 1892 755 1983 Philippus,
773 1892 950 1959 Alexandri
969 1894 1156 1959 studiosum

80 2018 166 2077 esse,
186 1995 353 2077 dictitans,
370 1994 462 2084 quod
476 1995 543 2075 jam
561 1994 596 2059 id
614 2018 738 2061 nomen
752 2019 773 2060 a
788 1996 900 2061 multis
915 1994 1074 2085 Pompeio
1091 1996 1155 2060 im·
1275 2064 1282 2073 U

80 2098 159 2185 poni
183 2115 336 2187 coeperat.
356 2098 432 2187 Egit
452 2114 485 2163 et
503 2120 563 2186 pro
583 2120 618 2163 se
638 2098 816 2186 Pompeius
835 2097 881 2162 ita
898 2113 1103 2178 constanter,
1123 2114 1157 2162 et

80 2216 201 2287 praeter
216 2215 344 2265 aetatem
355 2198 493 2277 diserte,
510 2216 549 2264 ut
560 2216 747 2264 commotus
757 2222 796 2263 ea
806 2221 842 2262 re
852 2214 973 2288 pretor
979 2200 1156 2282 Antistius,
1232 2185 1235 2198 ¹

81 2302 135 2387 qui
148 2300 316 2382 judicium
333 2296 526 2383 exercebat,
543 2298 642 2365 filiam
659 2300 688 2364 ei
706 2316 849 2389 nuptum
865 2300 1010 2367 offerret.
1202 2368 1208 2384 ,

122 2402 235 2466 XXV.
252 2404 390 2490 Accepta
405 2399 612 2484 conditione,
628 2401 806 2490 Pompeius
825 2424 929 2489 quum
944 2424 1067 2491 paucos
1081 2420 1157 2494 post

81 2503 149 2570 dies
174 2504 418 2584 absolveretur,
441 2527 460 2567 a
482 2505 607 2590 populo
627 2503 847 2568 Thalassionis
862 2505 1073 2570 inclamatum
1094 2527 1158 2570 no·

81 2629 157 2670 men
184 2621 250 2687 est,
271 2603 362 2692 quod
385 2621 458 2668 tum
481 2604 567 2668 inter
590 2603 799 2671 festivitatem
822 2607 1010 2694 nuptiarum
1033 2608 1158 2674 solebat

82 2705 253 2772 celebrari.
266 2705 450 2770 Plurimum
469 2721 580 2771 tamen
600 2706 630 2770 ei
648 2708 824 2772 Cn.Carbo
840 2723 998 2798 patronus
1014 2711 1157 2799 proluit,

83 2831 202 2898 magna
224 2823 296 2872 tum
316 2808 480 2898 potentia,
504 2809 597 2889 cujus
615 2809 775 2874 acerrimo
797 2809 928 2892 smdio,
947 2827 1047 2898 atque
1066 2811 1156 2876 enisa

84 2935 183 3000 opera
201 2910 357 2976 defensus
374 2927 433 2977 est.
449 2911 534 2977 Asiae
546 2910 666 2976 deinde
682 2928 716 2976 et
732 2911 863 2978 Graeciae
877 2913 962 2978 bella
979 2913 1158 3001 respicien-

84 3014 171 3078 tibus
191 3035 260 3078 non
277 3013 379 3102 magis
394 3012 499 3078 hostis
511 3011 732 3094 Mithridates,
747 3037 846 3101 quam
861 3013 1040 3102 imperator
1050 3013 1157 3096 Sulla,

86 3115 203 3180 terrori
225 3131 304 3180 erat.
330 3115 434 3204 Igitur
460 3113 497 3180 lit
521 3116 860 3194 senatusconsultum,
888 3139 956 3204 quo
979 3117 1019 3181 L.
1035 3115 1156 3181 Flacco

85 3214 210 3282 mmuh'
222 3215 340 3281 bellum
356 3216 607 3284 metridaticum
621 3233 654 3280 et
668 3216 806 3304 Iegrbnes
822 3216 898 3282 duae
909 3215 1157 3284 decernuntur:

85 3316 267 3399 adjectum,
285 3329 322 3380 ut
331 3317 484 3406 siquidem
497 3320 531 3382 in
540 3329 698 3407 potestate
710 3329 837 3384 semiss
851 3316 946 3382 Sulla
957 3333 1049 3401 esset,
1064 3319 1159 3410 adjet-

86 3433 152 3484 τοτα
162 3419 242 3500 ἰὶΙος
258 3422 309 3484 sin
324 3442 416 3502 vero,
433 3435 591 3510 sanqtsam
603 3421 691 3486 losse
704 3435 851 3487 meretur.
864 3422 940 3486 llec
956 3421 1067 3487 audita
1083 3445 1158 3488 mo·

88 3536 205 3585 verunt
219 3520 361 3603 Sullam,
380 3522 465 3586 utin
481 3523 679 3588 Thessaliam
694 3521 839 3588 duceret.

131 3623 349 3690 XXVI.Inte'r
356 3624 426 3690 brec
432 3625 611 3691 Archelam
619 3641 783 3714 acceptam
791 3642 878 3690 terra
886 3625 1160 3708 cladem,utcum·

89 3745 153 3811 que
173 3725 344 3792 maritimis
361 3726 624 3816 expeditionibus
645 3728 803 3811 sarciens,
818 3728 1020 3818 archipirata
1034 3730 1157 3819 magis,

124 3948 140 4013 S
156 3953 252 4002 mv.
270 3954 356 4003 Senec-
375 3951 408 4002 de
424 3957 479 4014 In,
494 3957 545 4014 111,
566 3956 606 4004 rs.
618 3979 656 3995 ·-·
671 3956 796 4006 Plutarch.
811 3955 840 4004 in
855 3955 992 4021 Pompeio,
1012 3969 1067 4021 cap.
1081 3955 1107 4003 6.
1121 3981 1156 3991 —-

91 4033 177 4085 eseia
187 4036 764 4104 smso,ap.ss.-§xxuv·1.ntmtt,
778 4043 844 4098 3‚et
856 4041 907 4099 Vl,
921 4055 952 4097 a,
965 4039 990 4087 8.
1000 4037 1155 4103 -Appiam

91 4117 161 4168 Civss.
168 4121 212 4172 lib.
222 4123 242 4170 1.
253 4149 290 4161 -
302 4123 433 4172 Memnon.
449 4150 485 4162 —
499 4123 622 4174 Plutarch.
