2875 4900
304 362 361 434 ιιι
388 361 501 433 Lon.
528 351 747 433 meunt
775 361 985 431 mvmut.
1028 350 1033 357 '
1111 364 1179 461 507

103 482 193 569 polis
207 482 306 547 etium
320 482 465 547 tribunal
485 482 599 560 hebet,
619 482 859 547 padomum
880 499 1008 547 vocant„
1028 484 1182 571 Sequitur

102 581 381 671 Lugdunensis,
372 605 405 646 m
420 598 563 671 quatuor
579 583 702 648 tributu
716 598 839 671 partes,
856 582 1006 647 universa
1024 607 1181 649 nomena

102 682 283 770 metropoli
297 684 434 748 habens.

152 784 367 849 CXLana
376 802 519 874 paruum
528 800 645 874 preter
654 784 871 874 metropohu
883 766 1027 873 qtratuor
1040 786 1183 852 habebat

101 886 274 968 civitates,
302 910 376 975 que
397 888 530 976 etipse
556 909 646 952 nunc
660 887 874 977 episcopatus
900 902 993 969 sunt,
1017 887 1180 953 civitatem

103 933 305 1071 AEduomin,
320 989 386 1053 hoc
398 1004 448 1053 est
459 986 749 1079 Augrrstodunnm,
768 988 953 1077 Lingonum
965 988 977 1076 (
987 1010 1077 1053 nuuc
1096 988 1182 1051 Lau·
1259 1062 1261 1065 ¹

98 1109 248 1177 grerrsem
263 1093 475 1178 episcopatum
490 1090 626 1180 vocent)
650 1105 791 1156 cestrum
809 1090 1049 1155 Matiscouensc
1068 1105 1100 1154 et
1120 1092 1181 1157 Cu·

101 1188 299 1256 billonense.
320 1189 508 1255 Germanias
516 1192 599 1257 duas
612 1192 648 1255 in
658 1191 766 1256 Rheni
779 1192 848 1281 ripa
864 1191 1013 1257 citeriore
1023 1208 1183 1257 vocarunt

102 1292 268 1373 Romani,
287 1291 378 1378 quod
395 1314 467 1356 earn
483 1292 594 1356 Gallia
610 1306 736 1378 portem
759 1292 950 1379 germanice
967 1292 1115 1356 nationes
1130 1292 1182 1355 in-

103 1392 270 1457 sederant
288 1394 407 1456 Earum
424 1414 497 1480 qun
510 1392 616 1479 prima
626 1391 822 1472 vocabatur,
839 1414 862 1454 a.
877 1392 1012 1457 meridie
1031 1395 1182 1482 Burgun-

103 1492 169 1557 dos
185 1492 331 1581 respicit,
349 1508 384 1557 et
399 1494 685 1575 montemluram,
696 1492 850 1555 Rhenum
865 1492 908 1556 ab
919 1509 996 1559 ortu
1009 1494 1123 1573 habet,
1139 1492 1183 1557 ad

101 1616 260 1673 occesuau
274 1593 509 1684 Lugdunenses
525 1581 671 1659 senones
688 1593 812 1657 colunt.
833 1593 1026 1687 Metropolis
1041 1594 1119 1659 huie
1133 1610 1182 1659 est

102 1694 425 1783 Magtrntiaceusiuru
442 1694 577 1777 civium
601 1694 751 1781 reliquus,
773 1708 890 1780 prester
908 1694 967 1758 alia
985 1695 1181 1782 municipia,

103 1796 452 1885 Argentoratensium,
468 1796 644 1861 Nemetum
655 1795 739 1883 ,qui
756 1816 846 1858 nunc
859 1794 1017 1883 Spirenses
1036 1811 1129 1877 sunt,
1149 1810 1183 1861 et

102 1897 360 1987 Vangiouum,
351 1919 386 1960 sn
400 1918 545 1985 quorum
560 1896 643 1963 urbe
656 1896 727 1961 haec
741 1895 982 1977 scribebamus,
995 1918 1070 1983 que
1082 1895 1181 1959 hodie

107 2000 283 2063 Vomatia
302 2013 438 2063 vocetur
459 1996 756 2085 (horbetomagruu
780 1997 880 2061 fuisse
899 1996 1077 2086 opiusutur
1091 1996 1127 2084 ):
1148 2010 1181 2061 et

104 2100 160 2164 he
184 2120 320 2187 quoque
341 2120 460 2165 ornnes
485 2111 603 2186 praeter
627 2097 825 2186 metropolin
853 2098 1179 2187 archiepiscopalem,

105 2201 280 2290 episcopos
294 2222 371 2265 suos
383 2199 517 2264 hahent.

153 2302 265 2367 exul.
279 2302 420 2367 Inferior
432 2300 606 2366 Germania
620 2317 696 2389 post
707 2301 906 2389 metropolin
924 2301 1115 2381 Coloniam,
1134 2300 1181 2365 ci·

104 2404 207 2470 vitate
221 2405 451 2494 hungrorum,
470 2424 568 2492 quum
588 2405 692 2469 Caesar
709 2404 895 2472 Auamma
915 2420 1026 2486 vocat,
1044 2402 1181 2492 insigui-

104 2523 175 2571 tur.
190 2506 315 2594 llelgien
328 2503 518 2569 fluminibus
537 2504 688 2586 Mosella,
708 2506 765 2594 qui
783 2521 816 2569 et
838 2505 968 2572 Obrimu
987 2506 1179 2588 vocabatur,

106 2625 141 2672 et
157 2609 308 2722 Seqruna
324 2608 535 2689 terminatum
551 2606 643 2670 Mosa
659 2605 826 2672 dividitur.
841 2606 959 2671 Primae
972 2607 1181 2672 Trevirorum

106 2725 158 2774 est
173 2707 286 2773 civitas
301 2708 508 2797 metropolis,
528 2729 606 2771 mox
618 2698 920 2788 Mediomatricum,
939 2707 973 2772 id
989 2725 1053 2790 est,
1068 2709 1181 2790 Metis,

106 2810 338 2874 Leucorum
313 2831 380 2873 sive
403 2809 522 2891 Tullo,
545 2825 579 2873 et
593 2807 868 2874 verdunensium.
888 2808 1038 2874 Secunda
1055 2809 1182 2896 Belgica

107 2894 235 2974 nobiles
251 2910 396 2974 civitates
409 2909 591 3026 antiquitus
604 2909 720 2974 habuit
733 2885 931 3023 duodecim:
944 2911 1106 2974 civitatem
1120 2912 1182 2972 Re-

107 3033 259 3094 morum,
283 3034 356 3099 quoe
373 3011 577 3076 nuncetiam
598 3026 647 3075 est
661 3010 868 3099 metropolis;
885 3011 1104 3091 Suessonum,
1123 3012 1182 3074 Cn-

107 3115 337 3196 talauuorum,
362 3112 695 3195 Veromanduorum,
721 3111 912 3178 Atrebatum
937 3110 1054 3200 (nunc
1079 3112 1181 3176 Arras

106 3215 256 3302 vocent),
272 3215 564 3295 Cameracensium,
577 3214 844 3294 Tornacensium,
860 3213 1089 3292 Silvanectum,
1106 3235 1179 3300 quas

108 3339 201 3380 uuuc
222 3317 417 3404 epsicopatus
436 3315 631 3379 Sculisr'cnsis
654 3331 724 3392 est,
754 3317 1018 3396 Bellovacorum,
1049 3314 1182 3379 Ambia-

107 3416 278 3499 neusium,
294 3417 501 3495 Morinorum
516 3416 743 3504 (Teroansnsis
758 3419 952 3506 episcopatus
970 3415 1178 3505 intelligitur)

108 3535 141 3584 et
153 3519 431 3600 Bononiensium,
447 3518 506 3581 ubi
523 3518 750 3582 Gessoriacum
764 3517 836 3582 fuit„

151 3620 279 3683 exult.
304 3618 356 3683 Ad
381 3620 549 3683 Oceanum
569 3617 692 3683 deiude
711 3619 932 3682 Britannicum
957 3617 1099 3684 secunda
1118 3620 1184 3682 Lu·

109 3719 299 3808 gdunensis,
315 3721 498 3809 Rotomngo
515 3720 699 3807 metropoli,
716 3735 749 3783 et
760 3741 815 3784 sex
828 3737 983 3808 preterea
998 3719 1181 3784 civitatibus

109 3821 230 3885 nobilis
244 3843 253 3885 ε
266 3821 500 3902 baiocassium,
516 3820 748 3903 Abricantum,
764 3821 931 3905 Sajorum,
945 3821 1183 3902 Eburovicum,

109 3921 343 4004 Lexoviorum,
360 3921 669 3988 Constantiensium.
689 3923 831 3988 Tertium
848 3922 967 3988 deinde
983 3921 1183 4011 Lugdunen-

110 4045 197 4100 sem,
212 4023 267 4088 cui
282 4040 380 4112 caput
395 4025 585 4106 Turonum,
604 4025 849 4090 constituebant
865 4025 1007 4090 civitates
1025 4027 1184 4089 Genuum

112 4147 231 4195 uorum
250 4124 446 4214 (Mousemis
461 4128 653 4218 epsicopum
667 4125 785 4216 hodie)
801 4125 1020 4210 Rhedonum,
1038 4124 1187 4216 Audega·
