2875 4900
317 413 388 459 sto
487 386 921 457 10.FRE1NSHEM11
951 386 1193 457 SUPPLEM.

315 513 411 575 etiam
427 509 565 599 dignitas
578 507 741 586 constititq
757 526 859 592 quum
876 506 1047 595 plusquam
1065 521 1196 575 centum
1214 505 1311 573 millia
1326 511 1374 573 ci-

314 614 402 677 vium
425 630 654 687 romanorum,
671 621 705 669 et
726 606 811 669 inter
824 606 884 670 hos
899 620 1061 671 senatores
1080 606 1270 697 nonaginta,
1289 632 1371 673 con·

311 713 434 778 sedares
457 708 662 797 quindecim,
683 707 830 793 equitum
850 707 977 771 circiter
993 706 1062 770 duo
1086 708 1183 773 millia
1205 727 1375 775 sexcentos

315 810 530 901 (computatis
545 830 610 885 una
621 807 808 894 exsulibm)
825 806 1012 889 occidisset,
1030 806 1116 871 bona
1131 830 1246 873 eorum
1261 810 1376 875 vendi·

314 916 429 993 disset,
444 911 564 975 multos
581 908 766 997 projecisset
781 908 985 989 inhumatos,
998 904 1146 973 civitates
1156 931 1288 997 quoque
1301 912 1375 999 plu·

311 1014 411 1077 rimas
426 1010 573 1089 arcibus,
591 1008 713 1089 muris,
729 1009 831 1097 agris,
848 1008 985 1095 pecunia
1004 1008 1090 1072 varie
1104 1009 1280 1096 spoliasset.
1299 1012 1374 1076 Cae-

312 1128 420 1177 terum
437 1110 548 1187 illurn,
565 1130 608 1171 ne
623 1109 796 1173 hominum
811 1108 961 1173 manibus
982 1109 1045 1173 cita
1063 1124 1097 1173 et
1112 1113 1280 1177 communi
1295 1114 1373 1199 plu-

311 1212 402 1275 rimis
415 1225 521 1275 morte
536 1207 786 1299 defungeretur,
805 1209 846 1273 ad
864 1206 1071 1273 memorabile
1087 1211 1269 1297 exemplum
1287 1212 1374 1277 ultio

311 1310 420 1375 divina
435 1322 623 1374 servaverat.

355 1411 423 1475 XL.
439 1410 517 1474 Ideo
533 1430 636 1496 quum
654 1429 714 1496 pro
730 1408 890 1473 eoncione
907 1408 1056 1490 dixisset,
1071 1408 1222 1473 mtienm
1235 1432 1268 1473 se
1279 1426 1372 1475 acte-

311 1532 383 1575 rum
398 1511 554 1587 emeriten,
569 1510 678 1596 siquis
689 1521 848 1596 reposcet,
867 1508 1061 1573 addemme
1078 1532 1156 1589 esse,
1173 1509 1316 1577 dimissis
1334 1514 1372 1576 li·

308 1611 455 1677 ctorilms
468 1626 566 1698 atque
579 1609 743 1690 αυωῶει,
762 1630 837 1675 cum
852 1609 963 1674 amieis
979 1609 1038 1675 diu
1056 1610 1090 1673 in
1108 1610 1240 1697 publico
1255 1610 1372 1677 deam·

309 1712 447 1793 bulavit,
463 1711 604 1777 attonito
619 1710 764 1798 populo,
776 1726 811 1773 et
821 1711 889 1775 hec
900 1709 1051 1775 miracula
1067 1732 1134 1773 non
1147 1711 1218 1775 sine
1231 1710 1373 1778 honore

307 1812 450 1901 quodam
468 1810 673 1901 adspiciente.
687 1812 780 1877 Unus
796 1828 924 1877 tantum
938 1810 1124 1882 adolescens
1138 1812 1218 1895 fuit,
1235 1816 1294 1901 qni
1308 1838 1369 1879 au-

307 1913 400 1978 deret
418 1914 530 2001 queti3
543 1928 577 1977 et
590 1913 666 1999 quia
680 1934 779 1977 nemo
795 1912 1005 2000 prohibebat,
1021 1913 1130 1977 animo
1147 1930 1301 2001 sumpto,
1316 1939 1371 1980 re·

307 2014 475 2080 cedentem
488 2035 593 2101 usque
607 2012 650 2077 ad
658 2013 746 2079 ‚fores
764 2012 882 2079 domus
899 2014 1052 2079 conviciis
1064 2015 1245 2081 incesseret.
1257 2018 1371 2105 Atque

304 2117 376 2195 ille,
394 2116 487 2195 cnjus
497 2114 580 2178 iram
593 2114 809 2201 potentissimi
825 2115 886 2179 viri
902 2116 1111 2203 maximeque
1128 2116 1291 2199 civitates,
1306 2140 1371 2183 nec

304 2217 466 2305 effugere,
482 2237 543 2279 nec
560 2215 685 2302 plaeere
701 2229 894 2302 potuerant,
914 2216 1013 2279 unius
1032 2214 1263 2280 adolescentuli
1282 2240 1370 2281 oon·

305 2316 452 2381 tumelias
467 2314 602 2403 patienti
617 2314 727 2377 animo
742 2314 835 2397 tulit3
849 2314 885 2381 id
901 2330 1026 2379 tantum
1043 2316 1077 2379 in
1095 2316 1206 2380 limine
1221 2316 1287 2397 iarn
1307 2316 1369 2381 do-

305 2440 378 2483 mus
394 2416 527 2497 effatus,
543 2416 604 2481 Hie
613 2416 792 2482 adolescens
801 2410 933 2504 efficiet,
950 2440 990 2482 ne
1004 2417 1072 2505 quis
1078 2417 1214 2504 postiae
1225 2418 1293 2483 tale
1311 2422 1371 2485 ritr-

298 2519 421 2606 penien
428 2517 587 2606 deponet:
601 2539 700 2604 quiam
716 2517 848 2606 prtesagi
863 2518 962 2582 enimi
977 2539 1090 2582 vocem
1101 2540 1168 2582 non
1180 2520 1279 2608 longo
1290 2540 1370 2607 post

304 2634 449 2704 tempore
461 2616 599 2681 dictator
612 2617 718 2681 Ctesar
731 2617 879 2706 explevit.

345 2716 430 2784 XLI.
455 2717 541 2782 Sallu
559 2716 724 2803 profectus
739 2717 774 2780 in
791 2719 993 2798 Cumanum,
1009 2717 1176 2800 metienti,
1192 2719 1370 2806 piscando-

301 2839 366 2906 que
382 2834 416 2882 et
430 2816 580 2882 venando
598 2833 727 2904 tempus
743 2816 860 2882 ducere
878 2817 990 2906 coepit;
1004 2839 1107 2904 quum
1123 2819 1213 2906 prius
1229 2820 1368 2888 Herculi

179 2986 181 2989 .
299 2918 495 2983 consecratis
512 2916 662 2998 decimis,
674 2917 809 3003 epulum
820 2917 942 3005 populo
951 2919 1272 3006 ¹sumptuosissimutn
1285 2943 1371 3008 prae»

301 3019 443 3099 buisset,
461 3039 498 3081 ee
518 3014 702 3098 effluentia,
723 3031 760 3080 ut
780 3017 925 3104 quon'die
943 3019 1022 3106 (per
1043 3018 1163 3082 multos
1183 3020 1270 3084 enirn
1291 3022 1368 3088 dies

297 3116 500 3202 ducebatur)
517 3116 632 3204 ingens
645 3115 694 3180 ris
706 3116 856 3202 cilium
874 3116 907 3182 in
925 3139 1054 3182 amnem
1074 3117 1305 3208 projiceretur:
1320 3124 1370 3186 vi·

299 3241 380 3284 num
392 3238 525 3305 quoque
539 3213 633 3281 dedit
643 3216 738 3280 annis
750 3215 959 3306 quadraginta
973 3219 1146 3300 vetustius,
1160 3220 1250 3308 quod
1265 3243 1285 3282 a
1304 3243 1370 3286 no-

298 3320 386 3382 mine
400 3316 560 3397 consulis,
572 3317 635 3380 sub
648 3339 716 3404 quo
730 3333 843 3382 natum
854 3317 934 3400 fuit,
951 3318 1152 3407 Optim'emun
1166 3321 1367 3388 nocebatur:

298 3439 374 3481 nem
399 3433 514 3481 eontra
537 3437 611 3480 suas
633 3417 702 3504 ipse
725 3417 811 3505 leges
836 3417 992 3483 lenienda
1018 3418 1217 3508 egritudinis
1240 3443 1368 3506 causa,

296 3517 411 3582 luxum
423 3515 625 3597 intenderat,
640 3516 757 3582 iisdem
773 3516 887 3582 diebus
903 3541 1004 3583 uxore
1020 3519 1135 3584 amissa
1147 3520 1302 3586 Metella:
1317 3525 1367 3606 ei,

296 3637 401 3704 quum
414 3617 482 3696 iam
497 3614 672 3702 desperatas
688 3617 799 3682 salutis
811 3633 909 3698 esset,
920 3618 963 3683 de
978 3620 1136 3684 sententia
1151 3619 1368 3688 secerdotum

287 3717 440 3782 ‘libellum
454 3715 582 3804 repudii
594 3716 682 3780 Sulla
694 3716 799 3799 misit,
815 3719 1054 3806 spirantemque
1070 3717 1177 3784 adhue
1188 3719 1368 3786 transferri

159 3902 163 3909 ἡ
293 3816 327 3885 in
343 3816 420 3883 alias
436 3813 520 3880 cedes
539 3814 649 3895 jussit,
667 3815 758 3903 quod
776 3817 896 3882 seilicet
910 3817 1167 3907 religiosissimus
1187 3821 1366 3906 pontifex,

290 3919 347 4006 qui
362 3933 412 3986 tot
427 3917 599 3981 hominum
614 3919 742 4004 agmina
760 3917 1058 4000 contrucidaverat,
1077 3919 1169 3983 salvis
1187 3919 1366 4009 religioni·

326 4108 408 4174 stt.
421 4108 542 4160 meren
559 4137 592 4146 -
602 4111 709 4174 Appiae.
