2875 4900
260 374 315 443 IN
344 373 457 444 LOQ
482 376 577 446 LIB.
605 373 750 466 thtx
778 375 993 448 lelattl.
1111 403 1152 476 7¹

96 491 234 558 -suritia
255 492 297 558 ad
315 493 480 561 urendum
503 495 764 584 secundumque,
784 495 843 562 scd
861 497 1081 567 misericordia
1095 502 1157 570 ho·

95 595 228 676 minis,
249 612 283 660 et
303 593 453 662 mrrsudi
474 618 551 664 eum
572 597 744 688 proposito
758 611 920 685 votoque,
938 598 1156 668 adducuntur.

96 695 206 760 -sdem
220 717 282 784 ego
295 695 360 762 boc
376 711 525 784 tempore
536 697 741 788 sequendum
754 697 851 764 nobis
864 701 1052 788 exemplum
1061 719 1161 770 autu-

94 819 185 878 «mo,
202 796 324 884 quibus
340 797 375 862 iu
391 799 666 886 periculosissimo
684 799 821 866 civitatis
837 802 973 884 morbo,
986 803 1029 868 de
1041 803 1159 872 idonea

94 897 331 964 medicatione
350 897 598 968 deliberandum
616 918 675 970 est.
696 901 798 982 Sane,
814 900 841 964 si
858 917 943 968 esset
960 903 1067 992 aliqua
1089 927 1159 970 me·

95 999 213 1068 ndeudi
234 1001 366 1068 suavior
384 1001 484 1082 tatic,
506 1002 592 1068 illam
613 1003 725 1091 potius
743 1001 962 1069 adhibendam
980 1027 1052 1072 esse
1067 1004 1158 1076 dice·

92 1123 201 1182 -rem3
225 1101 284 1168 sed
302 1102 379 1189 quia
401 1103 483 1168 mihi
505 1119 710 1192 compertum
731 1118 797 1184 est,
814 1103 879 1168 hcc
899 1125 1003 1192 genus
1025 1103 1160 1170 m'crbos

92 1225 179 1268 sucu
196 1202 364 1270 emendari
380 1203 492 1270 timida
508 1205 700 1285 curatione,
715 1203 775 1270 sed
791 1205 903 1294 augeri
917 1207 1037 1290 solere;
1059 1229 1157 1275 nemo

92 1305 302 1387 emirabitur,
325 1305 369 1387 si,
392 1305 483 1393 quod
502 1306 537 1370 in
561 1328 698 1394 corpore
722 1329 797 1374 mec
816 1307 989 1374 salubriter
1004 1325 1158 1398 expertus

20 1469 29 1480 ,
91 1427 203 1487 «sum,
220 1405 309 1472 idem
326 1408 361 1474 iu
377 1406 544 1494 republica
559 1405 754 1475 tenundum
770 1407 922 1474 arbitror.

132 1507 289 1575 xxxiv.
307 1537 320 1562 ι
332 1506 446 1589 Quum
465 1507 593 1573 molesti
617 1508 698 1574 mihi
716 1507 839 1572 varices
862 1526 1158 1592 esseut,e1secan·

91 1607 172 1674 udus
193 1608 348 1696 praebui:
373 1631 442 1674 uon
463 1609 575 1675 aberat
593 1608 771 1674 acutissimi
794 1608 917 1674 doloris
939 1633 1074 1694 seusus,
1098 1612 1158 1678 sed

90 1710 194 1776 «tanti
222 1732 293 1776 csse
315 1709 535 1776 valetudinem
562 1709 754 1774 arbitrabar.
783 1709 869 1774 Sunt
893 1710 1012 1794 etiam,
1036 1711 1157 1779 credite

91 1811 208 1892 «mibi,
223 1825 302 1876 suut
317 1810 352 1874 in
371 1811 541 1898 presentia
559 1809 693 1898 quidam
711 1809 802 1876 velut
816 1811 1003 1900 reipublice
1017 1814 1157 1894 varices,

90 1934 197 2000 ·quos
212 1911 310 1978 etiam
327 1910 534 1978 cumdolore
551 1911 695 2000 quodam
710 1912 859 2000 corporis
875 1911 995 1994 excidi,
1012 1913 1056 1980 ad
1074 1916 1158 1980 saui-

89 2029 209 2078 «tatem
226 2013 398 2102 profuerit.
415 2013 530 2101 Neque
550 2012 604 2080 bic
624 2014 704 2078 mihi
724 2013 930 2081 clementiam
949 2014 1082 2102 aliquis,
1102 2031 1159 2080 aut

90 2112 367 2180 misericordiam
386 2114 556 2181 nominet:
571 2135 655 2202 saepe
670 2115 698 2178 is
715 2115 845 2181 animus
858 2114 951 2204 egris
966 2130 1032 2197 est,
1048 2131 1087 2180 ut
1104 2117 1157 2180 in·

90 2215 207 2282 tten're
227 2213 363 2296 morbo,
379 2235 478 2302 quam
493 2213 624 2282 liberari
639 2237 716 2280 cum
730 2215 838 2302 aliqua
858 2215 1005 2282 molestia
1024 2217 1157 2282 malint:

90 2315 160 2380 -rm
182 2315 243 2403 qui
262 2313 427 2404 parcendo
449 2329 562 2396 uocet,
581 2337 680 2403 quam
698 2315 757 2403 qui
776 2314 979 2384 offendendo
999 2317 1156 2400 consulit,

90 2415 278 2483 «crudelior
293 2431 352 2483 est.
881 2456 885 2466 ·

129 2520 270 2585 XXXV.
287 2549 301 2574 ι
310 2519 467 2583 Praeterea
480 2540 616 2585 summe
631 2517 804 2585 dementiae
818 2540 869 2583 res
880 2534 982 2600 esset,
997 2540 1054 2585 eos
1067 2519 1158 2585 inco-

90 2621 216 2687 ·lumes
233 2620 321 2709 pati,
350 2618 470 2708 quibus
495 2642 590 2702 mox,
612 2620 639 2687 ai
665 2618 749 2683 forte
769 2618 890 2681 iterum
913 2618 1158 2701 convalescant,

88 2720 255 2786 «dandum
275 2721 426 2811 jugulum
446 2720 553 2785 fuerit.
570 2721 745 2785 Pareamus
763 2742 840 2783 sane
857 2718 992 2785 sullanis
1010 2719 1155 2785 bomini-

89 2822 190 2901 ·bus,
211 2823 243 2889 si
264 2821 310 2887 illi
328 2821 494 2904 Gratidio,
515 2822 542 2887 si
565 2822 726 2909 Sulpicio,
747 2821 774 2885 si
793 2837 980 2887 nostrorum
1004 2820 1156 2907 cuiquam

87 2938 349 3013 «pepercerunu
365 2944 440 2989 nam
459 2924 505 2989 illi
525 2923 659 3011 quidem
674 2938 772 3011 atque
793 2922 848 2987 alii
868 2923 964 2987 multi
983 2921 1158 2999 crudeliter

88 3026 271 3093 «interfecti
295 3042 393 3107 sunt3
417 3048 478 3091 uos
501 3023 660 3091 beneficio
684 3024 770 3113 fugae
790 3023 900 3111 prius,
928 3044 1018 3085 nunc
1036 3022 1158 3085 virtute
1272 3106 1277 3121 1

89 3144 223 3193 ιηοεῑη
245 3142 278 3191 et
296 3150 464 3193 armorum
486 3127 604 3208 tutela,
623 3126 786 3206 vivimus,
807 3124 940 3188 carituri
957 3124 1038 3205 rita,
1057 3123 1158 3189 simul

87 3226 158 3293 «bis
181 3250 292 3293 mrere
315 3228 533 3316 coepissemus.
556 3225 847 3309 Quemadmodum
870 3225 971 3315 igitur
992 3240 1154 3291 amentem

86 3328 239 3415 «potius,
259 3350 359 3416 quam
382 3326 640 3410 misericordem,
659 3349 867 3410 vocaremus,
891 3327 950 3415 qui
974 3328 1075 3391 feram
1098 3327 1156 3393 be-

87 3430 224 3507 «suam,
241 3452 346 3519 quum
366 3452 526 3519 occupare
546 3430 612 3495 selo
632 3446 762 3521 posset,
777 3429 954 3495 abstineret
973 3430 1060 3511 ictu,
1079 3452 1157 3495 mox
1183 3513 1190 3526 N

87 3532 149 3597 «ab
169 3554 207 3597 ca
228 3529 454 3613 devorandus,
475 3531 519 3595 ita
533 3532 622 3597 nulla
640 3547 751 3619 posset
769 3530 922 3597 exsistere
942 3530 1018 3595 satis
1039 3531 1157 3599 acerba

88 3648 230 3699 «nostrae
245 3632 388 3697 ausitide
401 3631 581 3714 accusatio,
599 3632 626 3697 si
639 3633 747 3699 virere
762 3632 942 3705 sineremus
955 3654 1063 3714 eos,a
1080 3632 1155 3720 qui·

88 3732 172 3797 «bus
195 3733 292 3798 toties
313 3732 405 3821 petiti
426 3732 467 3798 ad
483 3756 597 3799 necem
618 3756 749 3817 sumus,
769 3750 808 3798 ut
827 3734 894 3799 siut
911 3733 1078 3815 videlicet,
1096 3732 1154 3820 qui

89 3862 102 3887 ·
112 3855 172 3897 nos
185 3848 381 3921 nosuosque
394 3849 428 3899 et
441 3833 499 3899 bas
513 3834 652 3899 omnino
664 3851 770 3923 partes
781 3834 929 3901 funditm
941 3836 1067 3901 tollant.

131 3933 284 3997 xxxvl.
300 3934 367 3998 «Ut
380 3934 469 3999 euim
487 3936 587 4001 semel
604 3936 761 4024 explicate
773 3936 896 4018 dicam,
912 3934 1003 4024 quod
1017 3956 1070 3999 res
1085 3950 1153 4017 est3

125 4130 141 4196 s
159 4134 277 4183 xxm.
290 4134 344 4185 Cic.
354 4136 427 4185 Tusc.
440 4138 535 4200 Quat.
549 4139 587 4197 11,
598 4152 642 4187 aa.
