2875 4900
260 362 303 434 58
328 367 396 434 JO.
413 363 609 432 FREINS.
625 363 760 431 SUPP.
779 366 834 432 IN
852 365 965 432 LOC.
985 366 1078 432 LlB.
1098 366 1275 447 Lxxlx2

258 483 381 548 obortis
399 480 665 562 difficultatibus,
689 505 792 569 quum
816 484 912 573 longe
930 484 1042 548 omnia
1063 485 1180 550 auxilia
1194 501 1322 561 esseut,

257 583 398 670 populus
416 582 549 662 animis,
569 599 700 646 senatus
719 584 872 665 oonsilio,
889 585 1093 673 magistratus
1109 587 1323 666 auctoritate,

257 683 432 748 concordia
446 705 560 747 omnes
575 682 808 765 deficeremus-3
822 687 993 775 multoque
1005 687 1078 774 plus
1089 686 1206 752 virium
1221 687 1323 751 divisa

257 786 291 847 in
305 801 409 873 partes
421 787 524 848 Roma
541 785 692 865 haberet,
708 803 776 873 quo
786 809 821 850 se
835 787 1051 874 opprimeret,
1066 810 1165 875 quam
1181 810 1249 875 quo
1264 786 1323 851 de·

257 887 454 952 fenderetur.
469 888 546 950 Haec
562 886 717 950 nimirum
733 888 787 951 illa
804 903 854 952 est
868 911 1003 952 romana
1017 889 1215 978 respublica,
1229 889 1325 968 cujus

258 987 516 1076 magnitudinem
537 1010 651 1052 omnes
675 990 855 1070 mirantur3
876 1005 910 1054 et
932 991 1161 1054 solertissimus
1183 991 1325 1077 quisque

227 1176 229 1181 Ι
258 1090 356 1154 rebus
372 1090 439 1154 suis
455 1089 578 1178 optime
598 1091 787 1154 consultum
802 1090 1013 1167 existimaret,
1029 1090 1056 1153 si
1072 1090 1115 1153 ad
1125 1087 1239 1152 eadem
1254 1112 1328 1177 per·

257 1191 368 1254 venire
385 1192 561 1254 sineretur!

201 1307 203 1312 '
301 1289 449 1355 XLVIII.
469 1291 645 1354 Enimvero
664 1313 826 1379 nusquam
849 1292 1024 1356 illustriora
1046 1292 1242 1355 documenta
1267 1315 1327 1354 ex·

258 1392 428 1474 stiterunt,
443 1413 541 1480 quarn
558 1391 640 1455 nihil
654 1393 744 1457 sitin
758 1393 875 1481 opibus
888 1409 986 1480 atque
1003 1375 1166 1480 poteolis,
1181 1391 1327 1478 bellique

257 1493 377 1556 virtute
393 1493 488 1576 boni,
503 1493 531 1558 si
544 1493 677 1557 scientia
693 1492 779 1558 desit
790 1494 916 1558 utendi.
933 1491 1221 1576 Quemadmodum
1235 1494 1327 1556 eninr

259 1593 392 1656 Herculi
408 1592 530 1656 furenti
548 1594 644 1683 longe
660 1593 775 1659 fuisset
788 1595 907 1676 satius,
927 1595 1025 1658 armis
1040 1594 1262 1681 membrisque
1276 1594 1328 1659 uti

258 1715 326 1756 non
348 1697 507 1781 potuisse,
529 1718 628 1783 quarn
650 1695 785 1760 librasse
806 1719 935 1784 gravem
957 1697 1098 1775 clavam,
1124 1711 1158 1758 et
1174 1695 1327 1758 volucres

257 1794 402 1859 emisisse
418 1795 563 1885 sagittas,
584 1795 703 1883 quibus
720 1798 931 1885 semetipsum
943 1797 1115 1860 carissimis
1132 1795 1328 1884 pignoribus

258 1895 427 1983 spoliaret;
452 1898 496 1961 ita
521 1897 640 1961 civitati
660 1913 790 1986 prostat
812 1899 943 1988 exiguas
965 1899 1085 1962 habere
1101 1899 1203 1978 vires,
1225 1921 1327 1984 quarn

257 1998 480 2086 praegrandes,
495 1999 614 2086 quibus
630 1999 664 2062 in
682 2021 778 2062 suum
796 2000 931 2063 exitium
948 1999 1110 2062 abutatur.
1134 1999 1205 2088 Ego
1218 2013 1329 2079 certe,

259 2099 287 2163 si
304 2098 400 2163 detur
413 2100 522 2188 optio,
539 2101 608 2180 ejus
623 2100 759 2163 civitatis
776 2100 854 2164 civis
868 2120 938 2163 esse
952 2100 1088 2163 minime
1101 2099 1234 2178 vellem,
1252 2121 1330 2184 quae

259 2202 411 2288 gentibus
429 2200 583 2266 omnibus
601 2201 762 2289 imperare
781 2200 963 2282 diceretur3
981 2216 1135 2265 caeterunr
1158 2222 1216 2287 per
1239 2201 1329 2262 inte-

257 2301 359 2365 stinos
380 2304 540 2366 tumultus
559 2302 682 2365 nemini
699 2325 836 2366 suorum
854 2304 989 2366 salutem
1001 2318 1111 2390 ⁴atque
1130 2301 1329 2391 dignitatem

260 2417 364 2468 tutam
376 2418 543 2492 praestare,
559 2404 610 2469 vel
626 2404 661 2467 in
677 2405 793 2470 horam
808 2421 927 2492 posset.
941 2405 1045 2495 lffl‘tur
1057 2403 1241 2470 concordia
1255 2421 1330 2469 stu·

260 2503 405 2567 dendum
431 2506 552 2585 luerat,
577 2528 650 2593 quae
675 2527 742 2568 non
768 2506 830 2568 nisi
851 2506 974 2585 justitia
996 2520 1031 2569 et
1057 2505 1153 2569 bonis
1178 2503 1331 2566 moribus

261 2607 460 2671 continetur.

304 2708 422 2772 XLIX.
440 2712 483 2772 At
499 2728 561 2794 pro
579 2708 629 2771 his
646 2706 781 2794 quidem
797 2708 921 2793 ubique
941 2728 1032 2769 nunc
1046 2705 1199 2792 perfidia,
1218 2703 1333 2791 perju-

261 2810 325 2891 ria,
339 2808 468 2892 sordes,
484 2808 638 2890 ambiti0‚
651 2810 746 2873 luxus
758 2809 894 2872 invaluit
907 2832 915 2872 :
934 2808 1054 2895 quibus
1065 2806 1164 2869 rebus
1176 2806 1331 2868 homines

262 2910 342 2973 nihil
363 2910 467 2991 aliud,
485 2931 582 2997 quam
600 2908 716 2973 laedere
733 2925 766 2972 et
782 2908 872 2986 lardi,
891 2905 1060 2972 docentur.
1078 2909 1165 2996 Ergo
1180 2906 1233 2969 bis
1248 2928 1332 2993 pro-

169 3020 179 3063 s
262 3010 356 3074 rimis
376 3012 487 3091 annis,
509 3010 636 3073 nullum
655 3010 758 3073 ferme
777 3024 848 3073 toto
868 3009 948 3071 orbe
970 3024 1129 3072 terrarum
1150 3006 1331 3094 imperium

261 3112 341 3190 l'uit,
360 3112 451 3197 quod
469 3134 535 3175 non
554 3110 734 3175 sevissimis
753 3110 898 3174 motibus
912 3125 1154 3174 concuteretur.
1171 3109 1214 3171 Et
1231 3110 1332 3172 sicuti

261 3212 396 3299 singulis
410 3213 599 3290 bominibus
621 3212 722 3277 facilis
741 3214 776 3276 in
795 3212 928 3276 morbos
944 3234 983 3275 ex
999 3212 1088 3274 bono
1106 3211 1251 3298 corporis
1268 3210 1333 3273 ba·

262 3310 336 3373 bitu
347 3313 494 3377 transitio
510 3330 576 3395 est,
592 3336 629 3376 ex
643 3312 920 3377 mala-valetudine
930 3313 963 3375 in
976 3312 1232 3376 commodiorem
1245 3334 1334 3400 tegre

263 3411 472 3477 eluctemur:
497 3416 560 3494 ita,
585 3413 667 3501 quid
690 3414 732 3478 de
755 3415 901 3479 moribus
926 3414 1024 3493 bujus
1046 3414 1105 3476 aevi
1129 3411 1333 3499 sperandum

261 3512 426 3595 videatur,
450 3516 528 3579 nolo
551 3515 699 3579 ominari.
722 3518 818 3579 Certe
837 3538 952 3603 parum
976 3514 1084 3595 abest,
1109 3513 1190 3600 quin
1212 3513 1335 3599 optimi

262 3614 385 3701 quique
408 3616 698 3705 sapientissimique
726 3614 988 3702 desperaverint,
1016 3613 1149 3701 quando
1176 3612 1243 3691 jam
1270 3614 1335 3677 soli

263 3714 435 3802 deponunt
448 3716 600 3805 imperia,
613 3716 670 3801 qui
687 3716 746 3779 soli
760 3716 912 3797 fortasse,
930 3716 956 3779 si
971 3717 1040 3780 boec
1055 3713 1270 3779 emendabilis
1286 3736 1337 3777 re·

263 3816 542 3904 ruurpublicarunr
559 3816 635 3880 vitia
648 3816 775 3896 forent,
794 3816 967 3881 emendare
984 3816 1179 3903 potuissent.
1247 3828 1255 3835 '

299 3978 315 4045 s
330 3980 432 4029 xtvu.
444 3982 475 4027 U.
488 3980 516 4029 C.
530 3980 593 4040 (5653
608 3982 639 4028 A.
651 3980 679 4029 C.
693 3983 734 4042 87.
746 4010 781 4017 -
794 3981 811 4046 S
824 3981 1052 4029 musseium.
1064 3981 1144 4027 Etbic.
1156 3982 1206 4036 lx,
1218 3980 1243 4028 6.
