2875 4900
291 433 362 506 330
469 439 537 507 JO.
565 439 909 508 FREINSHEMII
940 441 1184 512 SUPPLEM.

288 555 418 646 triginta
443 579 539 622 naves
561 558 756 647 semiplenas
777 557 965 642 deducunt;
988 561 1093 626 caeteri
1116 563 1157 628 ad
1172 561 1342 652 pellendum

287 660 451 724 moenibus
465 659 592 724 hostem
604 661 832 750 accinguntur.

330 759 406 824 XII.
426 762 466 825 In
486 761 614 849 agmine
635 783 773 826 romano
792 761 903 850 primae
924 761 1048 827 rhodiae
1070 787 1167 828 naves
1192 763 1293 842 ibant;
1315 763 1342 824 in

285 885 366 948 quas
390 862 470 927 illati
492 863 712 944 Heracleotae,
736 864 845 928 statim
867 863 1097 951 depresserunt
1115 883 1179 929 tres
1201 865 1342 941 hostiles;

284 964 345 1051 ipsi
375 963 516 1028 vicissim
543 963 690 1052 quinque
711 965 936 1054 perdiderunt.
961 965 1215 1054 superveniente
1239 963 1344 1029 deinde

283 1067 428 1148 Triario,
446 1089 550 1154 quum
564 1066 766 1154 aliquamdiu
782 1068 991 1144 restitissent,
1009 1069 1042 1130 in
1060 1067 1213 1147 majorem
1227 1081 1344 1155 portum

283 1165 386 1229 coacti
409 1181 488 1229 sunt
509 1165 678 1255 refugere,
704 1167 842 1232 navibus
867 1167 992 1232 amissis
1015 1167 1258 1256 quatuordecim
1277 1190 1284 1230 :
1303 1165 1344 1229 id·

283 1266 387 1348 circo,
404 1267 480 1330 licet
497 1267 608 1357 irritus
625 1283 697 1332 tum
714 1292 847 1357 quoque
864 1283 1000 1334 conatus
1017 1271 1121 1336 Cottae
1138 1265 1268 1349 fuisset,
1282 1267 1345 1332 ino·

283 1367 335 1455 pia
351 1382 459 1432 tamen
468 1392 579 1434 rerum
590 1371 860 1454 necessariarum,
871 1371 961 1460 quod
971 1373 1114 1436 Triarius
1126 1371 1343 1460 quotidiccum

244 1505 250 1514 ·
283 1470 469 1534 triremibus
495 1472 650 1538 oberrans
673 1473 922 1538 subvectionem
941 1490 1187 1538 commeatuum
1204 1471 1345 1561 impedie-

281 1571 352 1652 bat,
369 1573 460 1638 brevi
472 1574 506 1638 in
519 1576 674 1641 maximas
685 1577 881 1642 calamitates
895 1576 1017 1641 obsessi
1032 1575 1236 1658 inciderunt,
1252 1575 1344 1638 doner

280 1673 410 1739 ehoenix
432 1676 587 1741 frumenti
614 1679 782 1767 octoginta
804 1675 967 1742 drachmis
991 1676 1095 1740 atticis
1118 1678 1266 1741 reniret:
1285 1689 1344 1738 tau·

280 1774 377 1857 dent,
394 1794 431 1840 ut
446 1777 548 1861 solet,
568 1802 609 1844 ex
630 1780 716 1843 farne
733 1779 913 1868 pestilentia
933 1777 1088 1861 accessit;
1106 1799 1179 1866 quae
1198 1793 1230 1841 ct
1244 1777 1344 1840 Lama·

280 1877 401 1961 chum,
426 1880 577 1943 omnium
606 1881 769 1944 malorum
798 1881 907 1969 patriae
932 1895 1122 1960 auctorem,
1148 1904 1216 1970 prm
1235 1875 1344 1944 caetcris

210 2047 213 2053 ,
279 1979 409 2070 longius
424 1997 458 2045 et
473 1982 620 2046 acerbius
637 1983 858 2046 excruciatum
875 1982 1076 2071 absumpsit,
1096 1998 1130 2046 et
1147 1983 1182 2046 in
1200 1979 1345 2070 praesidia·

279 2082 345 2146 rios
360 2084 522 2172 praecipue
537 2085 691 2166 saeviens,
710 2084 753 2149 de
774 2080 879 2148 tribus
898 2084 1063 2166 millibus,
1081 2085 1138 2171 qui
1162 2099 1233 2149 tum
1249 2081 1343 2146 adbuc

278 2186 525 2272 superfuerant,
541 2187 693 2250 trientem
712 2185 899 2250 demessuit.

323 2287 415 2351 x111.
438 2292 481 2354 At
501 2287 663 2368 Romani,
681 2288 803 2376 quibus
821 2309 899 2351 aura
915 2287 1047 2352 liberior
1062 2303 1096 2352 et
1112 2309 1243 2352 annona
1258 2279 1342 2350 sufli-

278 2389 366 2454 ciens
384 2407 474 2472 erat,
491 2391 603 2456 intacti
625 2391 667 2456 ab
689 2390 741 2457 his
761 2389 925 2480 suppliciis
945 2404 1145 2455 manserunt.
1170 2387 1251 2455 Inde
1265 2389 1342 2452 Con·

229 2495 232 2506 ‘
278 2492 421 2583 nacorigi
435 2510 566 2581 tempus
582 2494 688 2558 risum
703 2492 746 2557 de
759 2492 930 2557 deditione
944 2492 1080 2581 agendi,
1096 2516 1165 2581 quo
1178 2514 1245 2557 suae
1261 2486 1342 2554 saluti

276 2593 326 2656 vel
343 2617 400 2681 per
415 2594 585 2659 interitum
608 2596 770 2659 llcracleae
792 2597 986 2659 consuleret.
1010 2595 1115 2683 Igitur
1132 2609 1300 2682 assumpto
1315 2588 1342 2651 in

275 2695 462 2760 societatem
478 2696 605 2760 consilii
620 2696 840 2785 Damophele,
858 2696 914 2784 qui
929 2696 1072 2782 partium
1086 2695 1239 2760 Lammhi
1251 2710 1342 2780 quum

275 2798 407 2879 suisset,
422 2798 520 2863 etiam
536 2798 570 2863 in
586 2798 811 2885 praefecturam
828 2796 896 2876 ejus
909 2812 1122 2876 successerat,
1142 2800 1245 2861 Cottae
1263 2794 1344 2881 inge·

276 2898 389 2978 nium,
403 2915 443 2963 ut
454 2899 547 2963 ferox
561 2913 595 2962 et
607 2898 765 2980 infidum,
781 2898 932 2978 aversati,
946 2920 1021 2961 curu
1038 2898 1167 2963 Triario
1181 2918 1275 2987 agere
1289 2916 1343 2957 cot·

275 3015 406 3087 petunt.

318 3100 407 3165 xlv.
429 3100 475 3165 Ea
499 3124 535 3165 rc
559 3124 618 3190 per
640 3101 809 3189 epistolam
834 3100 1010 3188 quamdam
1039 3102 1254 3190 interceptam
1272 3118 1342 3186 pro-

273 3204 358 3285 dita,
378 3226 497 3293 magno
515 3227 592 3268 cunr
608 3204 757 3269 tumultu
773 3203 807 3267 in
827 3202 992 3268 theatrum
1007 3202 1149 3291 populus
1167 3198 1344 3275 concurrit,

275 3304 465 3393 cunctisque
489 3320 580 3368 metu
603 3303 862 3393 trepidantibus,
886 3305 1089 3392 Britbagoras
1111 3327 1128 3368 e
1154 3300 1344 3393 primoribus

275 3404 395 3468 civium
417 3406 521 3470 oravit
539 3407 765 3495 (Ionnacoriga
778 3454 786 3487 ,
800 3404 953 3494 siquidem
971 3405 1089 3469 deditio
1106 3405 1200 3469 cordi
1209 3416 1299 3483 esset,
1314 3412 1346 3461 at

273 3506 385 3570 saltem
395 3530 435 3570 nc
447 3508 565 3595 ignaris
574 3506 743 3597 oppidanis
758 3530 806 3571 ras
821 3518 916 3571 tanta
931 3508 1123 3593 agr'taretum
1144 3528 1247 3594 seque
1265 3504 1295 3566 in
1312 3500 1344 3563 il·

273 3604 331 3671 lud
347 3608 516 3697 negotium
529 3610 672 3699 legatum
683 3608 862 3688 offerebat,
874 3630 977 3695 quum
991 3622 1120 3697 negaret
1130 3605 1345 3681 Connacon‘t,

271 3707 460 3774 deditzoncm
479 3711 540 3774 sibi
547 3710 699 3799 plocerc5
715 3731 778 3771 csse
799 3708 956 3773 meliorem
971 3707 1084 3772 solitus
1107 3711 1217 3788 riam,
1233 3708 1345 3795 sibique

272 3834 317 3873 ex
341 3806 438 3875 latent
472 3815 647 3875 cautorum
680 3824 892 3899 compertum,
915 3834 937 3873 a
960 3810 1096 3897 Tigrane
1127 3808 1343 3875 Mithridatem

271 3928 438 4003 exceptum
453 3914 676 3991 honestumne,
694 3934 794 4001 raeque
811 3911 868 3977 dt'tt
884 3934 1052 3977 emensum
1069 3911 1210 3976 cimilia.
1225 3910 1277 3975 Sic
1291 3906 1342 3971 de·

272 4032 366 4104 cepto
376 4014 516 4104 populo,
526 4016 733 4080 Connacorix
745 4014 937 4103 intempesta
949 4032 1044 4079 nocte
1056 4014 1171 4079 milites
1182 4034 1260 4079 suos
1272 4028 1341 4073 curu

294 4199 321 4261 ts
340 4200 384 4246 11.
399 4201 527 4247 Memnon.
