2875 4900
267 385 314 459 60
441 391 509 457 JO.
538 392 878 461 FREINSHEMII
914 395 1155 464 SUPPLEM.

267 560 291 622 l.
316 527 363 625 ln
391 558 441 622 his
470 561 625 648 angustiis
653 581 757 648 quum
786 562 988 649 deprehensa
1017 565 1198 652 respublica
1228 586 1333 649 esset,

264 664 371 726 omnia
390 664 651 751 circumspiciens
669 681 818 745 senatus,
837 666 924 730 nulla
941 667 1022 730 satis
1037 683 1094 730 aut
1112 685 1256 752 matura,
1275 686 1333 734 aut

265 762 355 827 firma
368 763 512 852 praesidia
524 765 714 852 reperiebat.
730 766 764 828 L.
776 766 882 847 Sulla,
896 767 929 828 in
944 789 1011 854 quo
1025 789 1098 854 spes
1111 789 1179 832 esse
1194 771 1333 833 maxima

265 866 437 953 potuisset,
451 865 567 952 procul
580 865 614 928 in
626 865 748 930 Graecia
759 865 891 954 gerebat
901 889 977 930 cum
990 867 1216 931 mithridaticis
1230 870 1334 957 copiis

266 965 386 1030 bellum
411 988 418 1029 :
442 965 568 1028 servitia
591 967 618 1030 si
644 981 867 1048 armarentur,
891 968 964 1056 plus
986 966 1154 1031 dedecoris
1177 969 1334 1048 allatura,

267 1089 365 1154 quam
381 1067 507 1148 auxilii,
522 1066 689 1154 putabant.
703 1067 845 1130 Unicum
861 1085 929 1131 erat
940 1065 1028 1131 haud
1038 1068 1280 1155 poenitendum,
1294 1086 1334 1132 ut

267 1169 300 1230 in
314 1167 367 1231 tali
381 1184 541 1254 tempore,
553 1167 742 1248 consilium,
759 1184 797 1231 ut
805 1168 923 1231 Italicis
937 1167 1108 1245 omnibus,
1128 1168 1229 1233 modo
1243 1193 1334 1234 arma

267 1268 467 1356 posuissent,
485 1267 646 1332 civitatem
665 1266 789 1331 darent.
805 1268 853 1331 Ita
869 1284 902 1331 et
917 1269 1006 1348 illos,
1025 1284 1075 1350 et,
1093 1269 1150 1354 qui
1166 1268 1275 1334 adhuc
1291 1293 1333 1334 eo

268 1367 352 1431 bello
364 1367 539 1455 implicitus
554 1384 639 1449 erat,
660 1367 701 1450 Q.
717 1368 838 1432 Metelli
852 1373 1048 1450 exercitum,
1060 1369 1150 1433 velut
1160 1373 1332 1436 communi

266 1469 376 1556 patriae
393 1492 615 1534 succursuros.
629 1468 888 1534 Sedltalicorum
900 1493 997 1534 nemo
1010 1471 1129 1552 ferme,
1143 1475 1335 1560 praeterLu·

266 1593 363 1634 canos
382 1587 414 1634 et
431 1572 607 1653 Samnites,
626 1588 804 1660 supererat.
826 1572 948 1636 Lucani
965 1573 1089 1660 Cleptio
1103 1591 1137 1636 et
1149 1575 1335 1662 Lamponio

266 1670 405 1736 ducibus
417 1673 541 1754 Asiam,
557 1672 714 1761 oppidum
732 1674 897 1736 munitum
911 1673 946 1735 in
966 1673 1116 1755 Bruttiis,
1133 1673 1232 1762 longo
1249 1689 1335 1741 tem·

266 1796 345 1862 pore
365 1773 453 1838 inani
474 1791 594 1838 conatu
614 1773 831 1838 obsederant:
848 1775 1009 1863 Rhegium
1030 1775 1126 1839 etiam
1142 1798 1334 1865 oppugnare

267 1876 376 1938 conati
397 1891 506 1958 erant3
528 1876 554 1939 si
575 1875 667 1963 potiti
687 1899 723 1939 ea
747 1876 828 1939 urbe
845 1876 1003 1957 fuissent,
1024 1877 1162 1941 Siciliam
1185 1878 1332 1965 perituri.

267 1976 330 2040 Sed
349 1991 468 2065 praetor
491 1977 604 2040 insulas
629 1977 666 2040 C.
688 1976 884 2057 Norbanus,
911 1975 1136 2065 magnitudine
1159 1994 1334 2066 apparatus

268 2079 385 2142 territis
401 2079 505 2158 ltalis,
525 2078 668 2166 periculo
684 2078 851 2167 Rheginos
870 2078 999 2166 eripuit.

309 2180 351 2243 ll.
369 2181 456 2268 Ergo
471 2179 608 2260 Lucani,
626 2177 786 2244 beneficio
802 2195 933 2244 senatus
949 2180 1017 2261 usi,
1036 2180 1168 2244 sullanis
1181 2180 1333 2268 partibus

265 2302 299 2343 se
314 2279 540 2360 adjunxerunt.
556 2282 716 2344 Caeterum
730 2279 765 2342 id
782 2279 915 2366 quidem
931 2279 964 2343 iu
980 2279 1150 2368 praesentia
1163 2279 1332 2343 modicum

267 2380 420 2471 gaudium
440 2381 521 2463 fuit,
538 2377 628 2469 quod
641 2379 801 2445 infirmior
819 2403 855 2444 ea
871 2403 944 2470 pars
963 2381 1145 2462 sociorum,
1162 2397 1195 2444 et
1207 2380 1241 2442 in
1256 2381 1334 2444 ulti·

267 2504 359 2547 mum
375 2482 473 2546 ltaliae
487 2482 643 2573 angulum
658 2484 811 2547 submota
827 2500 905 2547 erat.
925 2483 1099 2565 Samnites,
1117 2483 1174 2571 qui
1186 2483 1252 2562 jam
1271 2485 1333 2549 soli

266 2608 355 2649 arma
381 2584 586 2665 retinebant,
614 2585 888 2673 Campaniamque
916 2600 950 2648 et
972 2584 1154 2671 superiores
1181 2584 1334 2672 regiones

265 2686 440 2766 vexabant,
455 2685 641 2768 conciliare,
656 2687 760 2768 majus
772 2708 877 2773 operae
890 2686 1031 2773 pretium
1042 2685 1166 2766 fuerat,
1180 2683 1239 2749 sed
1249 2684 1334 2749 dum

264 2788 417 2852 honestas
433 2784 636 2851 conditiones
654 2802 786 2851 senatus
802 2801 985 2873 exspectat,
999 2808 1017 2848 a
1033 2785 1154 2865 Mario,
1167 2783 1249 2847 nihil
1261 2806 1334 2848 non

264 2890 445 2971 tribuente,
462 2902 644 2975 praeventus
660 2902 719 2952 est.

309 2988 368 3054 lll.
383 2990 429 3079 Q.
442 2988 574 3053 Metello
591 2988 650 3053 Pio
674 2990 824 3053 consules
845 3012 885 3053 eo
907 2988 948 3053 de
969 2988 1100 3077 negotio
1119 2987 1334 3076 scripserant,

264 3106 366 3155 castra
382 3090 496 3154 contra
517 3088 675 3154 Samnites
697 3090 848 3170 habenti,
870 3105 923 3170 ut,
945 3090 1066 3177 quibus
1087 3104 1197 3176 posset
1218 3087 1336 3152 condi·

263 3190 423 3270 tionibus,
446 3212 523 3253 cum
545 3191 584 3254 iis
609 3190 812 3279 transigeret.
835 3188 900 3255 Sed
921 3189 967 3253 illi
988 3190 1149 3253 civitatem
1174 3211 1243 3251 nou
1268 3189 1333 3253 sibi

266 3288 385 3370 modo,
399 3288 456 3352 sed
473 3290 570 3354 etiam
586 3292 641 3371 iis,
659 3290 717 3377 qui
731 3289 773 3353 ad
789 3312 824 3355 se
840 3290 1105 3379 transfugissent,
1122 3290 1334 3378 pacisceban-

264 3407 337 3470 tur3
364 3405 514 3477 praeterea
539 3390 679 3477 praedam
706 3390 939 3477 undecumque
961 3390 1099 3454 ablatam
1123 3388 1334 3472 retinebant;

264 3506 448 3579 postremo,
471 3492 615 3579 captivos
639 3506 738 3578 atque
760 3492 941 3580 transfugas
962 3514 1076 3555 omnes
1099 3490 1160 3555 sibi
1184 3492 1333 3574 restitui,

266 3591 500 3680 postulabant:
518 3614 590 3678 quae
614 3606 679 3655 tam
701 3592 892 3673 inhonesta,
915 3615 1018 3679 quum
1033 3614 1140 3679 neque
1157 3591 1334 3673 Metellus,

144 3696 159 3705 '
266 3715 373 3780 neque
386 3692 494 3755 Patres
511 3691 745 3785 concederent,
757 3694 878 3774 Cinna,
895 3694 974 3781 quid
989 3710 1155 3782 ageretur,
1172 3694 1334 3776 sentiens,

265 3810 397 3859 auctore
416 3793 537 3874 Mario,
561 3816 776 3881 quaecumque
793 3795 950 3882 petissent
967 3795 1148 3882 pollicitus,
1170 3794 1335 3859 Samnites

263 3898 408 3987 partibus
423 3896 489 3959 suis
504 3895 659 3976 adjunxit.
673 3896 723 3960 Ab
736 3896 787 3960 his
801 3894 936 3977 deinde,
951 3919 1053 3985 quum
1070 3896 1209 3958 Romam
1223 3917 1334 3958 arces-

300 4058 317 4125 s
330 4064 350 4108 1.
365 4056 399 4108 U.
412 4054 440 4109 C.
458 4059 523 4116 6653
536 4061 568 4109 A.
580 4060 609 4109 C.
625 4062 667 4119 87.
683 4087 718 4097 -
734 4059 787 4106 Liv.
801 4058 867 4122 Epir.
883 4086 918 4096 -
930 4058 1034 4107 Diodor.
1048 4058 1092 4107 lib.
1105 4059 1252 4118 xxxvt13
1264 4057 1335 4107 idem

262 4143 328 4210 apud
341 4144 409 4191 Fulv.
422 4142 508 4191 Ursin.
521 4170 556 4181 -
567 4143 675 4207 Appias.
686 4142 742 4201 Cir,
753 4140 798 4190 lib.
813 4143 833 4189 1.
