2875 4900
266 397 334 490 742
442 395 508 462 JO.
535 393 880 466 FREINSHEMII
906 393 1150 462 SUPPLEM.

265 516 422 604 imperio,
438 516 631 603 romanique
652 517 766 605 populi
785 517 869 581 vires
890 517 989 580 unius
1011 515 1133 597 ductu,
1150 528 1250 602 atque
1272 535 1339 577 una

265 615 471 704 expeditione
485 616 672 705 duplicatas.
684 617 801 705 Neque
809 618 946 682 minoris
958 632 1026 681 erat
1036 638 1076 681 ex
1085 632 1175 705 parte
1186 617 1339 698 Caesaris,

263 739 376 782 recens
395 717 566 782 Bn'tanniae
586 718 829 806 Galliarumque
845 717 1045 784 devictarum
1061 717 1163 815 gloria
1174 741 1184 798 ;
1197 739 1339 805 quarum

264 818 436 882 nationum
459 819 557 884 altera
574 842 707 908 prorsus
724 820 888 885 inaccessa
908 836 1007 909 atque
1024 819 1190 909 incognita
1205 819 1341 898 majori·

265 921 349 1003 bus,
365 922 465 986 altera
483 921 624 986 maximo
640 937 865 1011 perpetuoque
880 922 998 986 terrori
1019 921 1133 985 fatiscet
1149 943 1158 985 :
1176 936 1211 984 et
1224 918 1339 984 cadem

264 1021 373 1086 adhuc
396 1044 503 1105 arma,
527 1020 640 1085 eadem
663 1045 803 1111 corpora
824 1022 1003 1105 retinebat,
1019 1021 1138 1111 quibus
1159 1037 1259 1086 tantae
1280 1045 1340 1110 pa-

264 1139 355 1187 tratae
370 1145 421 1188 res
438 1126 577 1188 fuerant.

308 1227 407 1291 LXV.
431 1227 598 1292 Steterunt
624 1241 733 1291 tamen
755 1226 945 1316 aliquandiu
965 1227 1083 1314 quieto
1102 1225 1204 1308 acies,
1220 1241 1340 1289 mutuo

266 1343 374 1409 metu,
393 1349 434 1391 an
459 1329 535 1416 quia
557 1330 767 1416 quantumvis
791 1343 916 1394 atroces
940 1328 1067 1392 animos
1090 1328 1199 1416 pudor
1227 1340 1261 1390 et
1282 1342 1341 1390 tae·

267 1428 358 1490 dium
385 1427 546 1492 fundendi
573 1445 749 1520 cognatum
775 1431 968 1520 sanguinem
997 1430 1165 1494 invaserat.
1190 1427 1341 1492 Tandem

266 1553 375 1618 pugna
404 1531 501 1618 coepit
524 1553 543 1594 a
567 1531 708 1596 Crastini
732 1531 932 1597 centurionis
957 1531 1103 1620 impetu,
1125 1531 1184 1619 qui
1207 1530 1342 1595 concio·

267 1633 358 1695 nanti
376 1633 491 1697 Caesari
508 1633 657 1699 futurum
674 1649 856 1723 receperat,
880 1649 918 1698 ut
935 1657 970 1698 se
992 1649 1049 1698 aut
1067 1634 1180 1697 virum
1194 1631 1343 1696 laudaret

269 1734 462 1821 imperator,
487 1751 544 1799 aut
568 1751 750 1801 mortuum.
774 1735 923 1824 Spatium
944 1750 1012 1798 erat
1033 1735 1120 1798 inter
1136 1733 1218 1798 duas
1239 1733 1342 1816 acies,

267 1833 359 1922 quod
377 1835 533 1924 utrinque
551 1833 714 1900 sufficeret
729 1836 957 1919 concursuris3
971 1834 1029 1902 sed
1044 1835 1182 1899 consilio
1195 1836 1235 1898 G·
1250 1835 1343 1898 Tria·

269 1936 308 2000 rii
328 1934 505 2025 Pompeius
526 1937 681 2002 immotos
697 1939 805 2002 tenuit
820 1959 916 2020 suos;
933 1960 1002 2002 retn
1021 1938 1155 2006 minime
1171 1936 1342 2025 probatam

268 2037 405 2120 Caesari,
434 2038 602 2126 quirites
631 2039 894 2130 alacritatemque
923 2039 1065 2103 militum
1091 2036 1185 2102 valde
1215 2037 1343 2102 imitari

269 2162 368 2203 cursu
379 2139 555 2219 judicabat.

313 2243 431 2306 txvt.
452 2245 496 2306 At
516 2241 634 2307 Juliani
656 2259 800 2332 coeptum
824 2265 977 2326 causum,
998 2259 1173 2331 postquam
1191 2240 1342 2306 adversa·

270 2345 335 2408 rios
359 2359 443 2407 stare
461 2342 635 2426 viderunt,
660 2367 836 2435 parumper
855 2345 1118 2426 intermiserunt3
1139 2341 1259 2408 deinde
1281 2343 1342 2405 ite·

270 2468 345 2510 rum
359 2445 510 2511 concitati
526 2445 591 2534 pila
605 2448 766 2512 miserunt
778 2448 814 2511 in
828 2449 975 2530 hostem,
992 2444 1183 2537 gladiosque
1195 2443 1345 2509 celeriter

271 2548 481 2613 strinxerunt.
498 2547 590 2613 Idem
604 2563 637 2613 et
650 2572 668 2613 a
681 2548 890 2636 Pompeianis
907 2549 1048 2629 factum3
1064 2546 1247 2634 eodemque
1262 2562 1345 2609 tem-

270 2672 351 2737 pore
371 2649 492 2713 horum
514 2649 638 2737 equites
657 2666 690 2714 et
707 2650 789 2713 levia
807 2672 896 2714 arma
916 2649 1048 2713 Caesaris
1068 2648 1220 2712 dextrum
1238 2670 1344 2710 cornu

178 2735 184 2746 l
272 2765 440 2837 coeperunt
461 2750 647 2837 impellere,
671 2750 749 2838 quia
768 2751 908 2835 iuliani,
925 2766 976 2815 tot
992 2750 1140 2839 partibus
1157 2749 1345 2837 pauciores,

227 2923 231 2931 ,
271 2866 396 2915 tantam
420 2852 594 2937 procellam
618 2852 778 2915 sustinere
799 2874 868 2916 non
886 2866 1048 2941 poterant·
1075 2851 1181 2940 Igitur
1195 2864 1344 2937 quartam

275 2976 368 3016 suam
384 2953 486 3017 aciem
502 2952 619 3017 excitat
635 2953 761 3036 Caesar3
779 2974 883 3040 eoque
898 2968 966 3017 tam
980 2950 1208 3018 vehementem
1222 2951 1345 3015 facitin

275 3055 397 3120 effusos
419 3055 602 3143 impetum,
626 3070 664 3119 ut
690 3070 839 3142 pronnus
858 3070 950 3142 terga
971 3068 1136 3117 verterent
1155 3052 1346 3140 Pompeiani

275 3157 409 3244 equites.
432 3157 516 3221 Nam
538 3178 578 3220 ex
597 3171 760 3245 praecepto
776 3156 907 3220 Caesaris
928 3178 985 3219 ora
1002 3153 1150 3218 hostium
1167 3153 1347 3240 oculosque

274 3276 388 3348 petens
402 3260 511 3341 miles,
527 3280 636 3322 aversa
649 3256 731 3321 facie
743 3256 857 3321 cedere
868 3254 995 3344 coegit:
1010 3270 1044 3318 et
1058 3253 1123 3318 hoc
1138 3253 1183 3316 ita
1194 3253 1346 3316 futurum

275 3362 399 3443 Caesar,
413 3378 512 3449 atque
523 3358 602 3424 hinc
612 3358 742 3423 initium
754 3360 826 3422 fore
837 3357 996 3437 victoriae,
1010 3377 1071 3443 pto
1085 3375 1234 3435 summo,
1248 3375 1346 3442 quem

275 3460 434 3542 habebat,
449 3461 495 3524 rei
510 3460 655 3525 militaris
669 3482 750 3542 usu,
767 3457 967 3546 praedixerat.
987 3455 1185 3522 Funditores
1199 3470 1233 3518 et
1248 3456 1347 3543 sagit-

275 3562 369 3643 tarii,
390 3562 430 3627 ab
449 3562 595 3649 equitatu
611 3560 778 3645 destituti,
794 3560 957 3648 extemplo
975 3556 1190 3622 circumventi
1208 3556 1348 3643 caesiquc

165 3729 167 3737 ,
276 3678 363 3728 sunt.
387 3662 583 3750 Pompeius,
600 3662 684 3726 victa
702 3678 794 3751 parte
809 3683 964 3742 suorum,
980 3661 1014 3723 in
1032 3682 1097 3748 qua
1113 3659 1294 3747 plurimum
1311 3656 1347 3721 fi-

277 3764 380 3830 duciae
400 3764 631 3845 collocaverat,
655 3762 809 3829 damnarc
823 3784 897 3851 spes
915 3784 989 3827 suas
1007 3762 1122 3850 coepit,
1142 3760 1277 3848 acieque
1294 3784 1347 3823 re·

275 3868 351 3933 licta
375 3867 496 3959 sugere.
524 3867 608 3931 Tum
635 3888 713 3930 voro
732 3866 820 3931 cassis
842 3864 999 3954 fugatisve
1020 3863 1177 3944 ducibus,
1201 3862 1284 3927 nulli
1301 3862 1346 3927 rei

314 4090 329 4155 s
348 4092 436 4139 txrv.
451 4091 557 4156 appan.
574 4116 608 4127 -
622 4089 686 4139 nor.
699 4090 744 4149 tr,
756 4104 781 4137 2.
800 4114 836 4127 ·-
848 4090 910 4137 ca.
928 4116 964 4125 -
980 4090 1111 4136 rmn...
1121 4088 1178 4135 nto
1192 4112 1228 4123 -
1239 4084 1258 4151 ς
1271 4065 1347 4134 ixa.

277 4176 387 4241 Appian.
400 4202 436 4213 -
447 4175 514 4225 tuor.
527 4202 563 4215 ··-
576 4176 639 4225 cas.
651 4200 687 4213 —
699 4173 764 4225 Plut.
773 4173 800 4221 in
809 4174 897 4237 Pomp.
907 4172 1003 4225 etcu-
1014 4198 1049 4209 -
1061 4171 1121 4221 nto.
1133 4196 1170 4209 -
1178 4170 1270 4220 Luem
