2875 4900
232 399 285 468 IN
316 399 427 466 LOC.
454 398 548 466 LIII.
575 397 743 466 XCVIII
773 397 983 470 LIVIANI.
1073 405 1142 478 355

130 519 290 586 LXXXII.
304 519 344 584 Ei
357 518 641 582 senatusconsulto
655 519 692 585 P.
702 518 861 582 Lentulus
874 519 1028 609 Spinther
1044 527 1143 593 inter-

93 624 193 703 cessit,
209 619 498 707 annitentibusque
519 619 606 700 aliis,
630 618 858 684 inclementius
881 631 1143 694 senatusconsul-

93 738 153 786 tum
168 721 291 786 lactum
307 735 357 784 est
373 743 381 783 :
398 720 517 808 captiti
534 741 649 784 omnes
665 719 905 810 transfugasque
921 727 1067 812 repetiti,
1083 753 1143 818 pe.

93 825 184 888 cuniae
201 824 321 888 talenta
338 837 482 910 quatuor
502 822 624 902 millia,
642 837 674 887 et
696 823 831 887 trecenti
854 823 987 915 insuper
1011 830 1141 896 obsides

92 925 249 1012 postulati3
271 923 468 1010 nariumque
480 922 639 1003 majorum
649 945 759 1010 usque
775 922 816 987 ad
832 941 971 1012 quatuor
988 932 1142 1014 scalmos,

92 1026 313 1114 Lasthenisque
327 1039 360 1088 et
370 1025 501 1090 Pauaris
511 1026 668 1113 imperata
683 1023 817 1091 deditio.
828 1027 897 1092 Nec
907 1049 1143 1118 exspectatum,

91 1125 185 1192 donec
199 1148 338 1192 suorum
352 1125 543 1191 sententiam
556 1125 652 1214 legati
666 1125 888 1212 exquirerent,
902 1129 1058 1220 alterique
1069 1157 1144 1198 con·

91 1231 187 1294 sulum
211 1251 249 1292 ec
272 1227 401 1292 decreta
422 1227 588 1316 provincia
612 1243 677 1307 est,
696 1242 734 1290 ut
748 1225 837 1306 jussa
854 1247 1038 1297 recusantes
1053 1235 1085 1298 vi
1101 1235 1142 1302 ad

91 1329 274 1418 obsequium
291 1343 432 1418 cogeret.

127 1433 305 1498 LXXXIII.
321 1430 444 1512 Simul,
458 1430 536 1517 quia
551 1451 620 1496 non
635 1428 813 1493 obscurum
829 1446 912 1512 erat,
929 1431 1050 1521 legatos
1065 1459 1144 1524 ope-

91 1556 150 1597 ram
165 1533 315 1614 daturos,
332 1547 372 1596 ut
385 1532 613 1596 intercessores
625 1529 732 1618 pretio
747 1547 912 1618 pararent,
931 1551 1143 1604 senatuscon-

90 1635 202 1700 sultum
226 1635 349 1700 lactum
369 1648 436 1714 est,
457 1655 497 1694 rte
514 1633 585 1719 quis
602 1629 794 1696 Cretensibus
807 1635 980 1720 pecuar'srm
996 1637 1142 1704 crederet.

90 1737 219 1804 Risum
236 1733 328 1800 duris
340 1733 484 1822 imperiis
496 1733 531 1797 in
541 1732 681 1797 insulam
692 1733 839 1821 perlatis,
853 1735 946 1800 anxia
962 1753 1030 1801 erat
1040 1755 1073 1803 et
1084 1742 1145 1806 sol·

90 1837 165 1900 licita
185 1835 386 1902 deliberatio.
403 1834 571 1915 Seniores,
588 1835 657 1897 virt
678 1857 844 1900 ronzanum
862 1836 969 1918 veriti,
989 1856 1085 1927 quam
1105 1865 1144 1904 rre

88 1941 217 2004 marani
225 1936 628 2026 qus'derrrregcspotur'sserrt
643 1938 807 2018 stotr’rtere,
823 1937 950 2019 omnia,
966 1961 1064 2025 quarn
1077 1941 1144 2005 bel-

89 2037 166 2121 lum,
181 2039 362 2125 malebant;
375 2036 552 2101 Lasthenes
564 2037 701 2123 ejusque
712 2036 829 2118 factio,
845 2037 964 2124 quibus
980 2040 1142 2128 precipue

87 2140 266 2204 sudoribus
284 2138 439 2202 bellatum
455 2160 531 2202 cum
542 2137 686 2201 Antonio
700 2135 822 2218 luerat,
838 2139 1006 2220 timentes,
1026 2163 1067 2206 ne
1083 2141 1142 2206 de-

88 2240 254 2323 derentur,
266 2239 428 2330 populum
441 2237 708 2320 commovebant,
725 2239 767 2302 ab
780 2242 868 2302 omni
879 2243 1030 2304 aremort'a
1044 2254 1142 2308 retert-

87 2357 144 2406 tam
159 2344 334 2408 Matutam
347 2340 447 2428 prodi
469 2339 681 2404 vociferantes
703 2354 880 2426 :proetcrea
902 2340 1073 2406 absurdum
1093 2348 1142 2408 ἰη-

85 2443 271 2533 ᾰιξηωιιᾳω
291 2466 372 2522 esse,
398 2443 443 2523 si,
466 2439 556 2531 quod
575 2441 664 2505 rebus
685 2442 813 2527 iruegrrk
837 2464 1001 2531 nunquam
1008 2442 1143 2530 facturi

75 2544 222 2628 fuissent,
239 2545 277 2609 id
289 2544 371 2609 bello
383 2545 566 2632 superiores,
580 2554 652 2632 post
666 2542 819 2629 insignem
836 2544 1142 2634 art‘ctorr‘crm,facere

84 2652 268 2713 stott'rrerertt.
735 2672 741 2681 ¹

121 2748 298 2815 LXXXIV.
316 2747 422 2813 Facile
444 2766 598 2834 persuaso
614 2742 730 2832 vulgo,
748 2743 891 2809 delectus
910 2746 1028 2831 babiti,
1045 2764 1078 2812 et
1098 2749 1140 2819 ad

85 2850 189 2939 viginti
201 2864 344 2939 quatuor
355 2847 454 2911 millia
470 2861 580 2910 coacta
593 2846 728 2933 egregie
737 2845 934 2929 juventutis,
949 2866 1058 2913 ettam
1071 2874 1142 2939 per·

85 2950 203 3016 nicitate
214 2971 408 3037 corporum,
423 2968 523 3035 quam
532 2945 683 3011 laborum
695 2947 869 3033 patientia,
885 2951 1139 3039 sagittarumque

85 3071 156 3133 usu,
174 3049 453 3140 prestantissima.
474 3048 523 3111 lta
542 3044 723 3111 conllatum'
739 3048 860 3116 bellum
879 3052 1035 3117 creticum
1058 3054 1138 3137 fnit,

85 3151 169 3239 eulpa
181 3148 272 3215 baud
286 3149 422 3213 minima
438 3149 480 3230 Q.
493 3148 676 3229 Hortensii,
692 3148 750 3235 qui
766 3164 837 3213 tum
856 3149 1042 3241 designatus
1058 3178 1137 3243 pro·

84 3250 212 3317 decim
225 3274 296 3317 eam
308 3250 370 3317 sibi
379 3249 570 3315 destinabat
584 3249 648 3314 Sed
660 3249 748 3313 idem
762 3266 874 3339 postea
887 3254 1016 3337 consul,
1032 3280 1137 3345 quum

85 3354 207 3421 sortitus
225 3355 353 3420 Cretam
368 3370 471 3436 esset,
486 3373 597 3417 amore
615 3351 712 3417 Urbis
729 3367 762 3415 et
773 3350 988 3439 judiciorum,
1005 3358 1039 3423 in
1061 3360 1136 3447 qui.

84 3450 137 3517 bus
150 3454 322 3544 regnabat,
337 3455 469 3519 Metello
482 3453 659 3519 exercitum
675 3454 940 3543 provinciamque
954 3460 1135 3529 transdidit.

84 3552 222 3624 lletellus
249 3578 353 3643 quum
378 3555 505 3619 fecisset
532 3554 794 3636 exscensionem,
823 3573 1048 3625 occurrentem
1073 3563 1134 3628 sibi

84 3678 148 3723 cum
172 3658 275 3747 copiis
294 3658 329 3721 in
350 3655 604 3745 Cydoniatarum
627 3677 705 3743 agro
727 3656 922 3723 Lasthenem
944 3662 1051 3748 primo
1076 3664 1134 3727 ad-

83 3775 171 3824 ventu
187 3759 294 3839 fudit3
316 3774 348 3822 et
366 3781 406 3822 cx
424 3779 464 3820 eo
482 3757 592 3846 praelio
607 3757 784 3845 Imperator
798 3760 992 3847 appellatus,
1014 3763 1133 3829 incolas

83 3854 155 3923 intra
169 3859 324 3949 Cydonioe
343 3858 462 3923 moenia
479 3858 664 3947 compulsos
678 3858 848 3923 obsidione
864 3861 987 3926 clausit.
1004 3864 1042 3925 Ei
1062 3880 1132 3929 tuni

111 4066 269 4131 §tmrt
288 4068 393 4119 Diodor.
417 4098 452 4105 —
472 4069 580 4133 Appian.
601 4096 637 4105 -
655 4066 672 4132 5
691 4071 834 4117 LXXXIII.
854 4072 946 4118 Aacon.
967 4072 993 4119 in
1010 4073 1085 4122 Corn.
1098 4104 1132 4113 -

83 4149 178 4215 Appiae.
191 4180 227 4189 -
239 4151 343 4201 Diodor.

893 4246 956 4317 23.
