2875 4900
321 378 376 447 m
407 378 521 447 coc.
548 378 644 449 trs.
672 338 767 449 cur
796 382 1010 453 mvmru.
1135 382 1202 468 461

128 514 210 581 tate,
235 522 299 587 qua
321 498 362 564 ad
385 499 581 588 Pompeium
606 520 646 563 ex
672 498 763 565 Urbe
785 518 993 582 cucurrerat,
1012 524 1031 565 a
1049 500 1209 591 Pompeio

126 602 160 667 in
179 600 297 667 urbem
314 600 421 667 rediit.
437 600 614 690 Pompeius
630 601 771 684 interea,
792 604 978 667 constitutis
991 604 1074 670 Asia
1087 606 1206 689 rebus,

126 717 244 791 praeter
262 702 345 784 alia,
370 726 442 791 quae
466 701 600 767 dederat
621 704 753 785 amicis,
773 704 926 793 praemia,
945 706 1207 791 Mithridatium,

127 802 218 892 quod
241 804 366 891 pontici
380 804 462 884 juris
480 805 606 886 fuerat,
625 804 883 893 Brogodiatoro,
907 808 1095 872 Galatarum
1121 811 1207 873 Tro·

125 924 276 969 cmomm
287 907 456 971 tetrarchae
470 904 579 986 dedit,
592 906 650 992 qui
665 907 809 987 Deiotari
826 906 924 971 filiam
941 908 976 971 in
994 909 1206 977 matrimonio

124 1006 277 1071 habebat.
701 1019 705 1027 ’
801 1063 805 1071 .

169 1108 263 1173 xxl.
286 1108 517 1197 Eupatoriam,
533 1130 600 1173 non
615 1132 705 1191 eam,
722 1131 795 1196 quaa
808 1112 984 1193 conjuncta
997 1111 1061 1176 fuit
1072 1114 1206 1196 Amiso,

122 1207 182 1273 sed
205 1208 263 1273 uhi
282 1210 388 1299 Lycus
406 1227 439 1274 et
458 1210 518 1275 Iris
537 1208 626 1275 fluvii
649 1211 848 1293 miscentur,
870 1211 958 1300 dirui
977 1236 996 1277 a
1016 1214 1206 1281 Mithridate

121 1326 280 1399 creptam,
302 1311 393 1399 quod
413 1313 579 1377 Romanos
603 1312 797 1401 recepisset,
820 1313 950 1394 refecit,
970 1314 1206 1403 appellavitque

122 1434 163 1475 cx
182 1434 245 1479 suo
263 1428 486 1503 cognomento
505 1412 730 1501 Magnopolin.
756 1414 873 1479 Cabira
897 1437 1031 1502 quoque
1052 1417 1087 1480 in
1112 1417 1204 1483 urbis

121 1510 263 1577 formam
288 1513 464 1595 adornata,
493 1515 653 1603 Diospolrir
675 1531 789 1603 postea
811 1516 922 1580 vocari
947 1516 1061 1582 voluit.
1085 1518 1150 1584 Sed
1172 1536 1205 1585 et

120 1614 218 1679 aliam
235 1615 468 1704 Eupatoriam,
486 1638 559 1704 quae
575 1616 639 1681 fuit
655 1618 769 1683 Amiso
781 1617 912 1699 juncta,
931 1617 1030 1684 simul
1051 1641 1128 1683 cum
1148 1643 1203 1698 ea·

122 1713 199 1779 dem
218 1717 330 1781 Amiso
345 1718 454 1781 vocari
469 1717 704 1805 Pompeiopolim
724 1718 830 1798 jussit.
854 1718 916 1781 Per
938 1717 1094 1786 eumdem
1116 1720 1204 1785 Pha·

120 1838 239 1883 zernon
260 1820 351 1883 ricus
374 1820 454 1885 urbs
478 1820 613 1903 effecta,
635 1835 858 1909 cognomento
876 1818 1058 1907 Neapolis.-
1076 1824 1204 1887 castella

120 1916 247 1983 circum
271 1919 414 2002 dejecta,
437 1919 615 2009 praesertim
638 1944 711 2009 quae
735 1921 795 1987 sita
817 1920 852 1984 in
875 1918 970 1985 editis
985 1920 1072 2009 jugis
1094 1940 1203 2006 erant,

121 2040 164 2085 ne
186 2020 380 2110 praedonum
400 2024 603 2111 receptacula
622 2020 758 2087 fierent:
778 2022 871 2111 putei
890 2045 1042 2111 quoque,
1059 2025 1118 2111 qui
1131 2026 1203 2091 ine·

119 2137 214 2204 rant,
227 2124 382 2191 obturati.
396 2123 449 2191 Ad
463 2125 616 2191 Amniam
629 2124 745 2189 itidem
761 2122 916 2206 fluvium,
936 2124 995 2187 ubi
1008 2125 1087 2189 victi
1102 2148 1122 2189 a
1137 2126 1202 2191 Mi·

120 2223 272 2291 thridatis
288 2226 429 2293 ducibus
450 2226 582 2314 Bithyni
602 2226 754 2307 fuerant,
774 2226 1024 2315 Pompeiopolin
1044 2226 1201 2293 condidit.

119 2326 259 2393 Interim
273 2345 311 2394 nt
325 2331 394 2394 otio
412 2329 588 2395 liberaliter
600 2344 766 2409 uteretur,
785 2328 942 2393 Rhodum
961 2328 1124 2417 navigavit
1136 2328 1201 2392 Po·

119 2427 241 2496 sidonii
261 2455 377 2514 causa,
396 2455 497 2521 quem
519 2430 682 2522 sapientiae
699 2430 918 2519 professorem
942 2428 1040 2496 etiam
1069 2427 1220 2518 profici-s

119 2553 214 2596 scens
228 2533 268 2598 ad
278 2535 449 2623 piraticum
464 2535 586 2599 bellum
602 2533 788 2614 audiverat,
799 2548 995 2620 tantumque
1008 2533 1125 2598 studiis
1138 2534 1199 2602 ho·

119 2655 237 2702 norem
260 2633 378 2701 detulit
396 2636 539 2702 Orientis
556 2635 808 2721 occidentisque
823 2634 945 2715 victor,
964 2651 1003 2700 ut
1018 2634 1199 2700 intraturus

119 2731 259 2800 domum
275 2735 343 2815 ejus
361 2737 488 2824 percuti
507 2759 546 2800 ex
566 2759 657 2800 more
675 2736 762 2800 fores
779 2759 798 2798 a
815 2736 928 2800 lictore
943 2752 1075 2800 vetaret.

165 2837 275 2902 XXII.
299 2839 358 2904 llis
374 2861 434 2928 per
448 2839 590 2904 hiemem
604 2837 719 2927 gestis,
734 2835 928 2902 decessurus
948 2858 987 2899 ex
1007 2837 1102 2917 Asia,
1118 2837 1197 2900 riri·

118 2935 179 3000 tirn
191 2937 349 3004 militibus
363 2939 529 3004 distribuit
542 2937 692 3006 denarios
706 2938 857 3002 millenos
873 2937 1078 3025 quingenos,
1092 2954 1125 3002 et
1136 2961 1198 3025 pro

117 3039 273 3124 portione
286 3042 534 3108 centurionibus
548 3056 581 3106 et
595 3040 709 3128 equiti.
724 3039 871 3104 Sedecim
885 3039 985 3102 millia
998 3039 1196 3105 talentorum

118 3162 158 3204 ea
175 3141 346 3232 largitione
369 3165 509 3232 expensa
531 3142 697 3206 dicuntur.
717 3140 800 3206 Inde
823 3139 993 3206 descendit
1010 3139 1196 3230 Ephesum,

118 3257 152 3306 et
173 3265 273 3325 mox,
299 3246 444 3310 exercitu
462 3246 496 3308 in
518 3245 652 3310 classem
673 3243 847 3331 imposito,
862 3241 957 3330 petiit
974 3242 1110 3306 Italiam.
1127 3243 1197 3308 Sub

117 3343 207 3410 idern
227 3361 375 3436 tempus,
396 3347 580 3436 praemissus
603 3347 702 3410 abeo
721 3345 767 3410 Μ.
784 3343 860 3408 Piso
879 3343 1087 3408 consulatum
1104 3360 1197 3432 pete·

118 3447 196 3511 bat:
213 3446 336 3514 idcirco
351 3449 527 3537 Pompeius
542 3448 651 3514 literas
671 3445 759 3512 misit
774 3444 816 3510 ad
828 3461 997 3527 senatum,
1018 3459 1056 3509 ut
1065 3445 1132 3509 dim
1143 3470 1197 3535 co·
1297 3495 1311 3502 -

117 3551 277 3614 mdiorum
292 3548 512 3639 proferretur,
535 3571 597 3640 quo
618 3553 681 3638 rpse
692 3571 851 3638 pratens,
870 3547 1092 3614 commendare
1114 3553 1196 3613 ami·
1298 3577 1304 3590 ·

117 3675 190 3718 cum
195 3669 323 3742 posset:
337 3678 413 3722 narn
427 3654 584 3720 hactenus
602 3675 642 3718 eo
660 3654 767 3740 legato
785 3667 855 3716 erat
866 3672 957 3718 usus.
971 3650 1084 3716 Tantis
1097 3650 1196 3716 rebus

117 3757 217 3844 gestis
241 3757 322 3820 nihil
347 3757 409 3822 sibi
429 3755 625 3846 denegatum
644 3754 684 3819 iri
704 3753 858 3842 putabat3
881 3766 1015 3838 eratque
1031 3751 1196 3838 plerisque

150 3981 168 4050 s
182 3983 243 4031 XX.
255 3982 321 4032 Plut.
334 3981 361 4030 in
375 3981 427 4032 Cic.
444 4009 479 4018 -
491 3981 572 4032 Strab.
586 3979 630 4030 lib.
641 3979 708 4039 ΧΠ,
727 3997 753 4045 p.
767 3979 828 4040 567.
840 4004 875 4017 -
886 3978 940 4028 cic.
953 3976 985 4025 de
998 3977 1106 4039 Hrrnrp.
1119 3976 1195 4040 llerp.

116 4084 171 4133 erp.
185 4067 225 4116 rs.
243 4093 278 4104 --
296 4065 311 4132 S
329 4069 402 4116 xxt.
424 4066 503 4116 Strab.
523 4065 566 4114 lib.
582 4061 649 4122 111,'
662 4081 689 4130 p.
704 4065 765 4113 550.
779 4091 815 4101 —
828 4062 937 4128 Appiam
951 4057 1065 4108 Mithrid.
1082 4086 1116 4096 -
1130 4057 1194 4107 Ptin.

117 4151 383 4212 v1‚2,ev11‚30.
1227 4171 1231 4178 ·
