2875 4900
1190 344 1195 374 l

236 416 302 509 ¹du
414 414 486 481 JO.
512 413 870 482 FREINSHEMII
900 413 1156 484 SUPPLEM.

223 591 226 599 .
257 556 337 623 quas
352 555 474 622 nuper,
492 550 626 599 auctore
639 533 764 617 Mario,
780 533 816 598 P.
830 535 991 624 Sulpicius
1004 537 1039 600 in
1053 536 1223 600 tribunatu
1240 557 1318 622 pro-

258 637 471 725 mulgaverat;
491 649 529 699 ut
543 636 617 699 novi
632 637 709 700 cives
722 638 756 698 in
767 636 909 701 omnibus
924 637 1062 702 tribubus
1076 633 1320 726 suffragiafen

256 749 350 801 rent:
365 737 406 801 ad
424 759 521 825 quam
537 738 640 826 legem
656 735 855 802 sciscendam
873 761 914 802 ex
930 739 1081 802 universa
1093 738 1184 802 ltalia
1196 737 1316 800 civium

256 860 418 902 novorum
435 836 612 902 multitudo
627 837 742 928 ingens
758 839 977 903 concucurrit.
993 836 1160 904 Ediverso
1176 853 1317 917 veteres,

258 956 291 1003 et
306 939 505 1028 quicumque
520 939 630 1026 quieta
645 938 809 1027 republica
828 939 1028 1028 gaudebant,
1048 939 1314 1028 refragabantur:

257 1041 430 1128 apparebat
452 1041 538 1105 enim
564 1061 632 1104 rem
658 1039 700 1106 ad
719 1040 919 1105 revocandos
940 1043 1064 1106 exsules
1084 1056 1243 1129 spectare,
1264 1059 1318 1101 re·

258 1140 505 1229 novandamque
522 1141 682 1204 malorum
703 1141 842 1205 istorum
865 1141 1090 1222 acerbitatem,
1108 1139 1198 1204 unde
1219 1139 1318 1227 paulo

257 1257 332 1305 ante
346 1242 400 1306 vix
416 1241 552 1306 eluctata
568 1241 677 1305 civitas
692 1239 807 1306 fuerat.
1288 1255 1290 1257 ’

301 1342 345 1406 11.
368 1341 495 1406 Idcirco
517 1357 690 1431 postquam
709 1343 849 1408 Cinnani
870 1365 946 1407 cum
963 1342 1037 1406 sicis
1056 1357 1145 1407 veste
1166 1342 1260 1406 tectis
1281 1342 1317 1403 in

256 1442 364 1506 lorum
379 1443 642 1525 convolaverant,
655 1444 805 1531 antiquas
819 1444 854 1507 in
866 1444 971 1508 tribus
986 1442 1086 1530 recipi
1098 1443 1317 1531 postulantes,

257 1543 372 1608 melior
392 1569 465 1634 pars
490 1545 625 1610 civitatis
643 1545 685 1609 ad
703 1546 846 1610 consulis
865 1544 992 1610 Octavii
1011 1544 1167 1624 domum,
1190 1565 1232 1606 ne
1248 1544 1319 1632 ipsa

257 1643 390 1731 quidem
404 1646 554 1729 inermis,
572 1645 740 1712 confluxit
757 1648 804 1727 Is,
820 1667 978 1734 quorsum
996 1667 1129 1711 evasura
1146 1667 1197 1708 res
1215 1660 1319 1725 esset,

256 1745 367 1809 animo
388 1746 677 1836 circumspectans,
696 1746 759 1813 ubi
782 1745 936 1825 majorem
961 1746 1170 1810 tribunorum
1193 1761 1319 1832 partem

258 1845 456 1911 intercedere
472 1847 533 1936 legi
549 1847 689 1928 audivit,
705 1847 764 1912 sed
778 1845 911 1912 eosdem
924 1869 944 1910 a
957 1847 1049 1911 novis
1065 1847 1189 1911 civibus
1207 1846 1320 1931 stricto

256 1945 344 2011 ferro
360 1946 402 2013 de
416 1949 540 2013 Rostris
560 1948 743 2029 deturbari;
761 1947 802 2012 ad
819 1948 976 2012 auxilium
994 1945 1165 2012 ferendum
1180 1968 1241 2034 per
1260 1946 1319 2010 Sa-

258 2069 346 2110 cram
357 2048 441 2112 viam
456 2072 532 2114 cum
544 2072 663 2140 magno
675 2049 795 2114 civium
808 2049 937 2138 agmine
948 2048 1134 2113 decucurrit
1144 2049 1179 2110 in
1192 2047 1322 2130 forum,

259 2147 465 2240 disjectisque
476 2151 679 2232 adversariis,
694 2150 833 2215 Cinnam
846 2150 1023 2214 reverentia
1037 2150 1122 2238 paris
1136 2149 1321 2237 potestatis,

260 2266 293 2314 et
320 2252 412 2316 solita
439 2251 560 2342 ingenii
585 2252 717 2318 lenitate
744 2251 929 2332 declinans,
956 2252 990 2316 in
1017 2250 1120 2316 aedem
1147 2252 1322 2314 Castorum

261 2349 400 2416 deflexit.

304 2454 361 2517 111.
380 2456 425 2518 At
438 2455 572 2519 comites
588 2455 672 2539 ejus,
690 2478 757 2520 non
773 2472 957 2545 exspectato
973 2455 1116 2521 consulis
1129 2456 1241 2537 jussu,
1257 2456 1322 2518 im-

256 2568 371 2641 petmu
387 2554 422 2615 in
438 2576 541 2619 novos
559 2556 643 2619 cives
659 2556 823 2640 fecerunt,
839 2558 993 2645 cesisque
1006 2580 1074 2621 non
1090 2558 1194 2622 multo
1211 2556 1323 2620 minus

259 2653 373 2718 decem
392 2654 552 2732 millibus,
567 2656 710 2744 reliquos
723 2657 764 2721 ad
779 2658 863 2745 ipsas
877 2680 983 2745 usque
996 2673 1106 2744 portas
1121 2656 1219 2719 Urbis
1231 2656 1323 2721 inse·

259 2756 354 2844 quuti
370 2772 457 2819 sunt.
471 2755 576 2819 Cinna
592 2780 711 2845 quum,
728 2774 842 2845 preter
854 2758 1127 2846 exspectationem
1143 2779 1253 2837 suam,
1269 2756 1323 2819 lu·

253 2878 312 2933 ,sos
336 2857 530 2947 fugatosque
550 2880 569 2921 a
588 2858 795 2945 paucioribus
818 2858 941 2921 multos
963 2857 1107 2939 videret,
1125 2880 1184 2945 per
1198 2856 1323 2921 Urbem

258 2958 477 3039 discurrebat,
496 2958 623 3022 servitia
639 2958 680 3023 ad
695 2960 816 3047 pileum
829 2981 960 3023 vocans.
979 2954 1058 3038 Sed,
1074 2956 1246 3021 accedente
1262 2979 1325 3020 ne·

259 3060 366 3141 mine,
393 3061 507 3148 pulsus
533 3060 573 3125 ab
599 3060 809 3147 optimatibus
835 3060 870 3123 in
893 3059 1103 3147 Campaniam
1132 3057 1324 3141 contendit,

260 3182 389 3237 omnes,
415 3183 494 3249 quas
512 3160 545 3224 in
568 3161 682 3225 itinere
704 3161 844 3243 adierat,
867 3160 965 3224 urbes
985 3160 1193 3240 cohortatus,
1216 3174 1254 3223 ut
1264 3159 1324 3248 jus

254 3256 391 3323 'emimus
410 3283 509 3349 niquer
525 3274 687 3351 mceptum
701 3265 771 3325 totis
785 3265 898 3327 orrinu's
916 3274 1095 3341 tuerentur,
1110 3262 1326 3349 petamusque

257 3359 447 3447 conferrent.
462 3363 535 3425 Hoc
546 3362 633 3450 apud
646 3362 843 3427 Tiburteset
857 3362 1090 3442 Praenestinos,
1106 3376 1141 3425 et
1153 3360 1250 3442 alios,
1264 3359 1324 3447 qui

260 3460 302 3525 ad
312 3461 429 3526 Nolam
447 3483 552 3548 usque
565 3463 692 3543 colunt,
710 3465 787 3552 egit.

303 3563 360 3627 lV.
377 3564 492 3649 Neque
504 3564 655 3627 senatorii
671 3564 794 3629 ordinis
808 3565 868 3628 viri
885 3564 1073 3646 adjuvandis
1083 3564 1196 3628 Cinnae
1211 3564 1325 3653 coeptis

259 3664 407 3747 deerant,
427 3668 464 3730 C.
475 3664 630 3730 Milonius
651 3681 726 3731 ante
743 3668 839 3749 alios,
862 3668 957 3731 Caius
972 3668 1113 3747 Marius,
1136 3686 1255 3753 magno
1278 3664 1325 3727 illi

297 3907 312 3971 5
325 3910 345 3956 1.
359 3910 391 3957 U.
400 3908 429 3955 C.
441 3906 507 3963 6653
519 3906 551 3956 A·
561 3906 590 3956 C·
600 3908 642 3967 87.
660 3933 695 3945 -
709 3908 763 3957 tir.
773 3908 840 3973 Eplt.
858 3934 894 3945 -
908 3908 1016 3973 Appius.
1029 3906 1105 3957 Civil.
1118 3905 1164 3954 lib.
1177 3908 1198 3953 l.
1214 3932 1249 3941 -
1258 3904 1327 3952 vell.

262 3994 301 4051 11,
313 4007 354 4039 ao.
365 4019 399 4028 —
409 3990 513 4039 Diodor.
523 3990 633 4039 —ldon
644 3992 697 4050 111,
711 4008 753 4044 ar.
766 4018 802 4029 --
812 3993 887 4042 Aust.
900 3991 994 4041 chir.
1008 3992 1045 4041 ill.
1060 3992 1088 4040 lu
1101 3991 1188 4041 Cinna.
1201 4016 1236 4026 -
1248 3986 1266 4053 S
1279 3991 1327 4037 111.

263 4076 327 4124 Vell.
340 4078 377 4134 11,
388 4092 431 4124 aa.
449 4100 483 4113 --
497 4074 606 4141 Appisu.
621 4101 657 4112 -
672 4074 726 4125 tir.
743 4076 809 4141 Epit.
824 4103 859 4115 —
877 4075 943 4126 Plut.
952 4075 979 4125 in
993 4074 1233 4139 sertor.ca1s6.-
1245 4072 1329 4136 Aeoli,

260 4160 331 4220 XIV,
344 4162 368 4209 8.
383 4160 479 4209 -vn
493 4160 562 4209 Max.
577 4160 617 4221 11,
632 4174 655 4207 a.
