<?xml version="1.0" encoding="UTF-8"?>
<!DOCTYPE html PUBLIC "-//W3C//DTD XHTML 1.0 Transitional//EN"
    "http://www.w3.org/TR/xhtml1/DTD/xhtml1-transitional.dtd">
<html xmlns="http://www.w3.org/1999/xhtml" xml:lang="en" lang="en">
 <head>
  <title>
</title>
<meta http-equiv="Content-Type" content="text/html;charset=utf-8" />
  <meta name='ocr-system' content='tesseract 3.04.00' />
  <meta name='ocr-capabilities' content='ocr_page ocr_carea ocr_par ocr_line ocrx_word'/>
</head>
<body>
  <div class='ocr_page' id='page_1' title='image "bibliothecaclas116lemagoog_0214.png"; bbox 0 0 2875 4900; ppageno 0'>
   <div class='ocr_carea' id='block_1_1' title="bbox 269 380 1381 2528">
    <p class='ocr_par' dir='ltr' id='par_1_1' title="bbox 280 380 1167 454">
     <span class='ocr_line' id='line_1_1' title="bbox 280 380 1167 454; baseline -0.005 -1"><span class='ocrx_word' id='word_1_1' title='bbox 280 406 348 453; x_wconf 79' lang='lat'><strong>202</strong></span> <span class='ocrx_word' id='word_1_2' title='bbox 450 384 520 453; x_wconf 84' lang='lat' dir='ltr'><strong>JO.</strong></span> <span class='ocrx_word' id='word_1_3' title='bbox 545 383 889 454; x_wconf 79' lang='lat' dir='ltr'>FREINSHEMII</span> <span class='ocrx_word' id='word_1_4' title='bbox 918 380 1167 451; x_wconf 86' lang='lat' dir='ltr'>SUPPLEM.</span> 
     </span>
    </p>

    <p class='ocr_par' dir='ltr' id='par_1_2' title="bbox 275 501 1347 992">
     <span class='ocr_line' id='line_1_2' title="bbox 278 501 1347 595; baseline 0.002 -28"><span class='ocrx_word' id='word_1_5' title='bbox 278 524 339 591; x_wconf 85' lang='lat' dir='ltr'><strong>pos</strong></span> <span class='ocrx_word' id='word_1_6' title='bbox 351 504 481 595; x_wconf 73' lang='lat' dir='ltr'><strong>agmina</strong></span> <span class='ocrx_word' id='word_1_7' title='bbox 494 502 722 571; x_wconf 72' lang='lat' dir='ltr'><strong>effodiendum</strong></span> <span class='ocrx_word' id='word_1_8' title='bbox 733 503 986 589; x_wconf 76' lang='lat' dir='ltr'><strong>ementiumque</strong></span> <span class='ocrx_word' id='word_1_9' title='bbox 1001 501 1157 583; x_wconf 68' lang='lat' dir='ltr'><strong>humum</strong></span> <span class='ocrx_word' id='word_1_10' title='bbox 1172 522 1282 589; x_wconf 83' lang='lat' dir='ltr'><strong>neque</strong></span> <span class='ocrx_word' id='word_1_11' title='bbox 1292 503 1347 569; x_wconf 82' lang='lat' dir='ltr'><strong>rb·</strong></span> 
     </span>
     <span class='ocr_line' id='line_1_3' title="bbox 278 602 1346 693; baseline 0.002 -24"><span class='ocrx_word' id='word_1_12' title='bbox 278 602 356 673; x_wconf 87' lang='lat' dir='ltr'><strong>duci</strong></span> <span class='ocrx_word' id='word_1_13' title='bbox 369 605 412 671; x_wconf 77' lang='lat' dir='ltr'><strong>ab</strong></span> <span class='ocrx_word' id='word_1_14' title='bbox 425 605 486 671; x_wconf 73' lang='lat' dir='ltr'><strong>hec</strong></span> <span class='ocrx_word' id='word_1_15' title='bbox 497 604 622 671; x_wconf 78' lang='lat' dir='ltr'><strong>insonis</strong></span> <span class='ocrx_word' id='word_1_16' title='bbox 637 604 703 669; x_wconf 77' lang='lat' dir='ltr'><strong>uu</strong></span> <span class='ocrx_word' id='word_1_17' title='bbox 717 604 751 669; x_wconf 85' lang='lat' dir='ltr'><strong>ri</strong></span> <span class='ocrx_word' id='word_1_18' title='bbox 764 620 821 669; x_wconf 84' lang='lat' dir='ltr'><strong>aut</strong></span> <span class='ocrx_word' id='word_1_19' title='bbox 835 619 904 669; x_wconf 80' lang='lat' dir='ltr'><strong>arte</strong></span> <span class='ocrx_word' id='word_1_20' title='bbox 915 618 1088 691; x_wconf 80' lang='lat' dir='ltr'><strong>potemus:</strong></span> <span class='ocrx_word' id='word_1_21' title='bbox 1103 604 1289 693; x_wconf 83' lang='lat' dir='ltr'><strong>complures</strong></span> <span class='ocrx_word' id='word_1_22' title='bbox 1302 607 1346 671; x_wconf 83' lang='lat' dir='ltr'><strong>iu</strong></span> 
     </span>
     <span class='ocr_line' id='line_1_4' title="bbox 277 706 1346 795; baseline 0 -22"><span class='ocrx_word' id='word_1_23' title='bbox 277 706 347 773; x_wconf 88' lang='lat' dir='ltr'><strong>dies</strong></span> <span class='ocrx_word' id='word_1_24' title='bbox 359 708 543 795; x_wconf 78' lang='lat' dir='ltr'><strong>absumpti,</strong></span> <span class='ocrx_word' id='word_1_25' title='bbox 561 706 785 773; x_wconf 87' lang='lat' dir='ltr'><strong>circumeunte</strong></span> <span class='ocrx_word' id='word_1_26' title='bbox 801 706 976 795; x_wconf 83' lang='lat' dir='ltr'><strong>Pompeio,</strong></span> <span class='ocrx_word' id='word_1_27' title='bbox 993 726 1054 771; x_wconf 90' lang='lat' dir='ltr'><strong>uec</strong></span> <span class='ocrx_word' id='word_1_28' title='bbox 1072 720 1204 772; x_wconf 82' lang='lat' dir='ltr'><strong>tenente</strong></span> <span class='ocrx_word' id='word_1_29' title='bbox 1222 707 1346 789; x_wconf 84' lang='lat' dir='ltr'><strong>risum,</strong></span> 
     </span>
     <span class='ocr_line' id='line_1_5' title="bbox 277 805 1345 896; baseline 0.002 -23"><span class='ocrx_word' id='word_1_30' title='bbox 277 807 369 896; x_wconf 88' lang='lat' dir='ltr'><strong>quod</strong></span> <span class='ocrx_word' id='word_1_31' title='bbox 390 824 442 875; x_wconf 87' lang='lat' dir='ltr'><strong>tot</strong></span> <span class='ocrx_word' id='word_1_32' title='bbox 462 808 563 873; x_wconf 78' lang='lat' dir='ltr'><strong>millia</strong></span> <span class='ocrx_word' id='word_1_33' title='bbox 583 806 758 873; x_wconf 85' lang='lat' dir='ltr'><strong>hominum</strong></span> <span class='ocrx_word' id='word_1_34' title='bbox 777 805 976 873; x_wconf 77' lang='lat' dir='ltr'><strong>invenendis</strong></span> <span class='ocrx_word' id='word_1_35' title='bbox 995 806 1098 895; x_wconf 80' lang='lat' dir='ltr'><strong>agris,</strong></span> <span class='ocrx_word' id='word_1_36' title='bbox 1123 820 1277 895; x_wconf 83' lang='lat' dir='ltr'><strong>tanusm</strong></span> <span class='ocrx_word' id='word_1_37' title='bbox 1297 810 1345 875; x_wconf 86' lang='lat' dir='ltr'><strong>rei</strong></span> 
     </span>
     <span class='ocr_line' id='line_1_6' title="bbox 275 908 771 992; baseline 0 -17"><span class='ocrx_word' id='word_1_38' title='bbox 275 911 387 992; x_wconf 76' lang='lat' dir='ltr'><strong>serim,</strong></span> <span class='ocrx_word' id='word_1_39' title='bbox 402 908 593 977; x_wconf 73' lang='lat' dir='ltr'><strong>incumbere</strong></span> <span class='ocrx_word' id='word_1_40' title='bbox 608 909 771 975; x_wconf 74' lang='lat' dir='ltr'>cernebat.</span> 
     </span>
    </p>

    <p class='ocr_par' dir='ltr' id='par_1_3' title="bbox 269 1003 1381 2419">
     <span class='ocr_line' id='line_1_7' title="bbox 320 1003 1381 1101; baseline 0.002 -26"><span class='ocrx_word' id='word_1_41' title='bbox 320 1013 395 1076; x_wconf 83' lang='lat' dir='ltr'><strong>XX.</strong></span> <span class='ocrx_word' id='word_1_42' title='bbox 412 1012 559 1078; x_wconf 74' lang='lat' dir='ltr'><strong>Tandem</strong></span> <span class='ocrx_word' id='word_1_43' title='bbox 575 1011 665 1075; x_wconf 86' lang='lat' dir='ltr'><strong>insui</strong></span> <span class='ocrx_word' id='word_1_44' title='bbox 679 1010 792 1077; x_wconf 74' lang='lat' dir='ltr'><strong>labore</strong></span> <span class='ocrx_word' id='word_1_45' title='bbox 805 1003 987 1101; x_wconf 71' lang='lat' dir='ltr'><strong>defetigati,</strong></span> <span class='ocrx_word' id='word_1_46' title='bbox 1003 1008 1156 1078; x_wconf 73' lang='lat' dir='ltr'><strong>diuorum</strong></span> <span class='ocrx_word' id='word_1_47' title='bbox 1172 1010 1344 1100; x_wconf 83' lang='lat' dir='ltr'><strong>Pompeio,</strong></span> <span class='ocrx_word' id='word_1_48' title='bbox 1377 1050 1381 1057; x_wconf 81' lang='grc'>·</span> 
     </span>
     <span class='ocr_line' id='line_1_8' title="bbox 275 1111 1345 1203; baseline 0.004 -26"><span class='ocrx_word' id='word_1_49' title='bbox 275 1112 325 1178; x_wconf 89' lang='lat' dir='ltr'><strong>uti</strong></span> <span class='ocrx_word' id='word_1_50' title='bbox 341 1136 397 1193; x_wconf 86' lang='lat' dir='ltr'><strong>se,</strong></span> <span class='ocrx_word' id='word_1_51' title='bbox 414 1136 482 1201; x_wconf 92' lang='lat' dir='ltr'><strong>quo</strong></span> <span class='ocrx_word' id='word_1_52' title='bbox 497 1114 616 1195; x_wconf 82' lang='lat' dir='ltr'><strong>redet,</strong></span> <span class='ocrx_word' id='word_1_53' title='bbox 637 1111 792 1195; x_wconf 60' lang='lat' dir='ltr'><strong>ducerem</strong></span> <span class='ocrx_word' id='word_1_54' title='bbox 811 1112 887 1179; x_wconf 74' lang='lat' dir='ltr'><strong>tntis</strong></span> <span class='ocrx_word' id='word_1_55' title='bbox 910 1134 1042 1203; x_wconf 76' lang='lat' dir='ltr'><strong>magnus</strong></span> <span class='ocrx_word' id='word_1_56' title='bbox 1062 1134 1099 1181; x_wconf 83' lang='lat' dir='ltr'><strong>sc</strong></span> <span class='ocrx_word' id='word_1_57' title='bbox 1118 1112 1262 1181; x_wconf 73' lang='lat' dir='ltr'><strong>stultitius</strong></span> <span class='ocrx_word' id='word_1_58' title='bbox 1277 1136 1345 1181; x_wconf 86' lang='lat' dir='ltr'><strong>suse</strong></span> 
     </span>
     <span class='ocr_line' id='line_1_9' title="bbox 275 1214 1342 1304; baseline 0 -23"><span class='ocrx_word' id='word_1_59' title='bbox 275 1236 385 1303; x_wconf 78' lang='lat' dir='ltr'><strong>ponas</strong></span> <span class='ocrx_word' id='word_1_60' title='bbox 408 1215 546 1281; x_wconf 79' lang='lat' dir='ltr'><strong>dedisse.</strong></span> <span class='ocrx_word' id='word_1_61' title='bbox 564 1216 657 1283; x_wconf 78' lang='lat' dir='ltr'><strong>Circo</strong></span> <span class='ocrx_word' id='word_1_62' title='bbox 676 1216 803 1281; x_wconf 76' lang='lat' dir='ltr'><strong>Utinm</strong></span> <span class='ocrx_word' id='word_1_63' title='bbox 819 1231 958 1304; x_wconf 81' lang='lat' dir='ltr'><strong>uterque</strong></span> <span class='ocrx_word' id='word_1_64' title='bbox 975 1214 1135 1281; x_wconf 71' lang='lat' dir='ltr'><strong>exemtus</strong></span> <span class='ocrx_word' id='word_1_65' title='bbox 1151 1216 1185 1279; x_wconf 88' lang='lat' dir='ltr'><strong>in</strong></span> <span class='ocrx_word' id='word_1_66' title='bbox 1204 1215 1272 1281; x_wconf 82' lang='lat' dir='ltr'><strong>scie</strong></span> <span class='ocrx_word' id='word_1_67' title='bbox 1284 1214 1342 1283; x_wconf 82' lang='lat' dir='ltr'><strong>ed·</strong></span> 
     </span>
     <span class='ocr_line' id='line_1_10' title="bbox 273 1314 1343 1407; baseline 0.007 -28"><span class='ocrx_word' id='word_1_68' title='bbox 273 1316 371 1398; x_wconf 86' lang='lat' dir='ltr'><strong>stitit,</strong></span> <span class='ocrx_word' id='word_1_69' title='bbox 389 1316 470 1383; x_wconf 76' lang='lat' dir='ltr'><strong>velie</strong></span> <span class='ocrx_word' id='word_1_70' title='bbox 492 1332 619 1383; x_wconf 75' lang='lat' dir='ltr'><strong>uotum</strong></span> <span class='ocrx_word' id='word_1_71' title='bbox 637 1316 827 1405; x_wconf 84' lang='lat' dir='ltr'><strong>interposite</strong></span> <span class='ocrx_word' id='word_1_72' title='bbox 842 1339 974 1407; x_wconf 76' lang='lat' dir='ltr'><strong>aspera,</strong></span> <span class='ocrx_word' id='word_1_73' title='bbox 992 1331 1027 1381; x_wconf 88' lang='lat' dir='ltr'><strong>et</strong></span> <span class='ocrx_word' id='word_1_74' title='bbox 1044 1314 1086 1385; x_wconf 87' lang='lat' dir='ltr'><strong>sd</strong></span> <span class='ocrx_word' id='word_1_75' title='bbox 1107 1317 1343 1387; x_wconf 75' lang='lat' dir='ltr'><strong>uuuscundum</strong></span> 
     </span>
     <span class='ocr_line' id='line_1_11' title="bbox 277 1413 1344 1509; baseline 0.006 -30"><span class='ocrx_word' id='word_1_76' title='bbox 277 1413 409 1481; x_wconf 86' lang='lat' dir='ltr'><strong>difficili.</strong></span> <span class='ocrx_word' id='word_1_77' title='bbox 420 1417 474 1481; x_wconf 94' lang='lat' dir='ltr'><strong>Ob</strong></span> <span class='ocrx_word' id='word_1_78' title='bbox 488 1440 560 1482; x_wconf 77' lang='lat' dir='ltr'><strong>com</strong></span> <span class='ocrx_word' id='word_1_79' title='bbox 570 1440 658 1498; x_wconf 88' lang='lat' dir='ltr'><strong>rem,</strong></span> <span class='ocrx_word' id='word_1_80' title='bbox 673 1418 793 1506; x_wconf 80' lang='lat' dir='ltr'><strong>etquis</strong></span> <span class='ocrx_word' id='word_1_81' title='bbox 804 1434 922 1483; x_wconf 82' lang='lat' dir='ltr'><strong>ventus</strong></span> <span class='ocrx_word' id='word_1_82' title='bbox 936 1417 1075 1485; x_wconf 78' lang='lat' dir='ltr'>imbrem</span> <span class='ocrx_word' id='word_1_83' title='bbox 1087 1416 1195 1483; x_wconf 81' lang='lat' dir='ltr'><strong>fetens</strong></span> <span class='ocrx_word' id='word_1_84' title='bbox 1206 1441 1225 1485; x_wconf 79' lang='lat' dir='ltr'><strong>a</strong></span> <span class='ocrx_word' id='word_1_85' title='bbox 1235 1418 1344 1509; x_wconf 83' lang='lat' dir='ltr'><strong>ptimo</strong></span> 
     </span>
     <span class='ocr_line' id='line_1_12' title="bbox 275 1518 1342 1607; baseline 0.006 -26"><span class='ocrx_word' id='word_1_86' title='bbox 275 1538 370 1581; x_wconf 81' lang='lat' dir='ltr'><strong>meuc</strong></span> <span class='ocrx_word' id='word_1_87' title='bbox 386 1533 494 1601; x_wconf 81' lang='lat' dir='ltr'><strong>ortos,</strong></span> <span class='ocrx_word' id='word_1_88' title='bbox 513 1540 556 1584; x_wconf 89' lang='lat' dir='ltr'><strong>ne</strong></span> <span class='ocrx_word' id='word_1_89' title='bbox 577 1534 732 1607; x_wconf 81' lang='lat' dir='ltr'><strong>provecto</strong></span> <span class='ocrx_word' id='word_1_90' title='bbox 747 1518 881 1607; x_wconf 85' lang='lat' dir='ltr'><strong>quidem</strong></span> <span class='ocrx_word' id='word_1_91' title='bbox 905 1518 959 1589; x_wconf 84' lang='lat' dir='ltr'><strong>dis</strong></span> <span class='ocrx_word' id='word_1_92' title='bbox 980 1519 1143 1602; x_wconf 77' lang='lat' dir='ltr'>cessabat,</span> <span class='ocrx_word' id='word_1_93' title='bbox 1160 1521 1342 1603; x_wconf 85' lang='lat' dir='ltr'><strong>Domitius,</strong></span> 
     </span>
     <span class='ocr_line' id='line_1_13' title="bbox 273 1620 1343 1711; baseline 0.006 -28"><span class='ocrx_word' id='word_1_94' title='bbox 273 1633 345 1683; x_wconf 81' lang='lat' dir='ltr'><strong>mm</strong></span> <span class='ocrx_word' id='word_1_95' title='bbox 361 1620 517 1709; x_wconf 83' lang='lat' dir='ltr'><strong>temporis</strong></span> <span class='ocrx_word' id='word_1_96' title='bbox 528 1620 665 1689; x_wconf 88' lang='lat' dir='ltr'><strong>minime</strong></span> <span class='ocrx_word' id='word_1_97' title='bbox 677 1636 860 1710; x_wconf 76' lang='lat' dir='ltr'><strong>pugnatum</strong></span> <span class='ocrx_word' id='word_1_98' title='bbox 875 1620 916 1687; x_wconf 86' lang='lat' dir='ltr'><strong>iri</strong></span> <span class='ocrx_word' id='word_1_99' title='bbox 932 1636 1040 1702; x_wconf 83' lang='lat' dir='ltr'><strong>ratus,</strong></span> <span class='ocrx_word' id='word_1_100' title='bbox 1055 1621 1185 1711; x_wconf 74' lang='lat' dir='ltr'><strong>signum</strong></span> <span class='ocrx_word' id='word_1_101' title='bbox 1196 1624 1343 1710; x_wconf 83' lang='lat' dir='ltr'><strong>mceptui</strong></span> 
     </span>
     <span class='ocr_line' id='line_1_14' title="bbox 272 1719 1343 1811; baseline 0.006 -26"><span class='ocrx_word' id='word_1_102' title='bbox 272 1719 374 1787; x_wconf 90' lang='lat' dir='ltr'><strong>dedit.</strong></span> <span class='ocrx_word' id='word_1_103' title='bbox 390 1723 485 1789; x_wconf 80' lang='lat' dir='ltr'><strong>Hauc</strong></span> <span class='ocrx_word' id='word_1_104' title='bbox 506 1744 600 1789; x_wconf 84' lang='lat' dir='ltr'><strong>suem</strong></span> <span class='ocrx_word' id='word_1_105' title='bbox 621 1723 828 1789; x_wconf 73' lang='lat' dir='ltr'><strong>occasionem</strong></span> <span class='ocrx_word' id='word_1_106' title='bbox 844 1722 1019 1811; x_wconf 88' lang='lat' dir='ltr'><strong>Pompeius</strong></span> <span class='ocrx_word' id='word_1_107' title='bbox 1034 1719 1189 1811; x_wconf 89' lang='lat' dir='ltr'><strong>pmdenti</strong></span> <span class='ocrx_word' id='word_1_108' title='bbox 1205 1723 1343 1791; x_wconf 83' lang='lat' dir='ltr'><strong>consilio</strong></span> 
     </span>
     <span class='ocr_line' id='line_1_15' title="bbox 272 1822 1342 1912; baseline 0.003 -24"><span class='ocrx_word' id='word_1_109' title='bbox 272 1838 381 1906; x_wconf 76' lang='lat' dir='ltr'><strong>sutus,</strong></span> <span class='ocrx_word' id='word_1_110' title='bbox 395 1825 555 1891; x_wconf 87' lang='lat' dir='ltr'><strong>continuo</strong></span> <span class='ocrx_word' id='word_1_111' title='bbox 572 1823 757 1890; x_wconf 72' lang='lat' dir='ltr'><strong>transduxit</strong></span> <span class='ocrx_word' id='word_1_112' title='bbox 772 1846 870 1905; x_wconf 90' lang='lat' dir='ltr'><strong>suos,</strong></span> <span class='ocrx_word' id='word_1_113' title='bbox 884 1822 1102 1910; x_wconf 67' lang='lat' dir='ltr'><strong>hostibusque</strong></span> <span class='ocrx_word' id='word_1_114' title='bbox 1118 1822 1342 1912; x_wconf 73' lang='lat' dir='ltr'><strong>incompositis</strong></span> 
     </span>
     <span class='ocr_line' id='line_1_16' title="bbox 271 1923 1341 2014; baseline 0.004 -25"><span class='ocrx_word' id='word_1_115' title='bbox 271 1923 455 2006; x_wconf 82' lang='lat' dir='ltr'><strong>ctdisjectis</strong></span> <span class='ocrx_word' id='word_1_116' title='bbox 467 1926 636 1992; x_wconf 85' lang='lat' dir='ltr'><strong>incubuit:</strong></span> <span class='ocrx_word' id='word_1_117' title='bbox 652 1942 686 1991; x_wconf 81' lang='lat' dir='ltr'><strong>at</strong></span> <span class='ocrx_word' id='word_1_118' title='bbox 697 1926 744 1993; x_wconf 89' lang='lat' dir='ltr'><strong>illi</strong></span> <span class='ocrx_word' id='word_1_119' title='bbox 755 1942 853 1991; x_wconf 84' lang='lat' dir='ltr'><strong>vento</strong></span> <span class='ocrx_word' id='word_1_120' title='bbox 865 1948 1000 2014; x_wconf 85' lang='lat' dir='ltr'><strong>quoque</strong></span> <span class='ocrx_word' id='word_1_121' title='bbox 1014 1924 1249 2007; x_wconf 78' lang='lat' dir='ltr'><strong>turbabuntur,</strong></span> <span class='ocrx_word' id='word_1_122' title='bbox 1265 1926 1341 2012; x_wconf 90' lang='lat' dir='ltr'><strong>qui,</strong></span> 
     </span>
     <span class='ocr_line' id='line_1_17' title="bbox 271 2026 1341 2116; baseline 0.006 -27"><span class='ocrx_word' id='word_1_123' title='bbox 271 2027 439 2115; x_wconf 83' lang='lat' dir='ltr'><strong>compulso</strong></span> <span class='ocrx_word' id='word_1_124' title='bbox 453 2027 487 2091; x_wconf 90' lang='lat' dir='ltr'><strong>in</strong></span> <span class='ocrx_word' id='word_1_125' title='bbox 500 2050 558 2091; x_wconf 83' lang='lat' dir='ltr'><strong>ors</strong></span> <span class='ocrx_word' id='word_1_126' title='bbox 571 2027 751 2115; x_wconf 86' lang='lat' dir='ltr'><strong>oculosque</strong></span> <span class='ocrx_word' id='word_1_127' title='bbox 763 2028 889 2116; x_wconf 81' lang='lat' dir='ltr'><strong>pluria,</strong></span> <span class='ocrx_word' id='word_1_128' title='bbox 902 2043 1112 2115; x_wconf 88' lang='lat' dir='ltr'><strong>conspectum</strong></span> <span class='ocrx_word' id='word_1_129' title='bbox 1125 2026 1341 2114; x_wconf 82' lang='lat' dir='ltr'><strong>auditumque</strong></span> 
     </span>
     <span class='ocr_line' id='line_1_18' title="bbox 271 2125 1341 2217; baseline 0.004 -26"><span class='ocrx_word' id='word_1_130' title='bbox 271 2125 444 2192; x_wconf 72' lang='lat' dir='ltr'><strong>adimebat.</strong></span> <span class='ocrx_word' id='word_1_131' title='bbox 465 2128 535 2193; x_wconf 88' lang='lat' dir='ltr'><strong>Nec</strong></span> <span class='ocrx_word' id='word_1_132' title='bbox 553 2150 667 2216; x_wconf 81' lang='lat' dir='ltr'><strong>expers</strong></span> <span class='ocrx_word' id='word_1_133' title='bbox 681 2128 780 2209; x_wconf 87' lang='lat' dir='ltr'><strong>hujus</strong></span> <span class='ocrx_word' id='word_1_134' title='bbox 799 2128 1002 2197; x_wconf 85' lang='lat' dir='ltr'><strong>incommodi</strong></span> <span class='ocrx_word' id='word_1_135' title='bbox 1020 2128 1233 2217; x_wconf 71' lang='lat' dir='ltr'><strong>pompeianus</strong></span> <span class='ocrx_word' id='word_1_136' title='bbox 1249 2150 1341 2195; x_wconf 80' lang='lat' dir='ltr'><strong>exer·</strong></span> 
     </span>
     <span class='ocr_line' id='line_1_19' title="bbox 269 2226 1341 2318; baseline 0.009 -29"><span class='ocrx_word' id='word_1_137' title='bbox 269 2226 355 2291; x_wconf 85' lang='lat' dir='ltr'><strong>citus</strong></span> <span class='ocrx_word' id='word_1_138' title='bbox 372 2244 462 2308; x_wconf 79' lang='lat' dir='ltr'><strong>emt3</strong></span> <span class='ocrx_word' id='word_1_139' title='bbox 479 2227 628 2317; x_wconf 83' lang='lat' dir='ltr'><strong>adeoque</strong></span> <span class='ocrx_word' id='word_1_140' title='bbox 649 2227 718 2295; x_wconf 84' lang='lat' dir='ltr'><strong>dux</strong></span> <span class='ocrx_word' id='word_1_141' title='bbox 735 2230 804 2318; x_wconf 88' lang='lat' dir='ltr'><strong>ipse</strong></span> <span class='ocrx_word' id='word_1_142' title='bbox 827 2252 943 2318; x_wconf 79' lang='lat' dir='ltr'><strong>pamm</strong></span> <span class='ocrx_word' id='word_1_143' title='bbox 965 2230 1090 2311; x_wconf 82' lang='lat' dir='ltr'><strong>abfuit,</strong></span> <span class='ocrx_word' id='word_1_144' title='bbox 1108 2230 1188 2318; x_wconf 90' lang='lat' dir='ltr'><strong>quin</strong></span> <span class='ocrx_word' id='word_1_145' title='bbox 1210 2229 1341 2299; x_wconf 82' lang='lat' dir='ltr'><strong>occide·</strong></span> 
     </span>
     <span class='ocr_line' id='line_1_20' title="bbox 270 2328 1283 2419; baseline 0.003 -25"><span class='ocrx_word' id='word_1_146' title='bbox 270 2344 362 2394; x_wconf 86' lang='lat' dir='ltr'><strong>retur</strong></span> <span class='ocrx_word' id='word_1_147' title='bbox 377 2352 396 2393; x_wconf 80' lang='lat' dir='ltr'><strong>s</strong></span> <span class='ocrx_word' id='word_1_148' title='bbox 410 2330 531 2411; x_wconf 83' lang='lat' dir='ltr'><strong>milite,</strong></span> <span class='ocrx_word' id='word_1_149' title='bbox 544 2332 598 2395; x_wconf 91' lang='lat' dir='ltr'><strong>cui</strong></span> <span class='ocrx_word' id='word_1_150' title='bbox 614 2348 768 2397; x_wconf 83' lang='lat' dir='ltr'><strong>tesseram</strong></span> <span class='ocrx_word' id='word_1_151' title='bbox 786 2332 934 2419; x_wconf 86' lang='lat' dir='ltr'><strong>poscenti</strong></span> <span class='ocrx_word' id='word_1_152' title='bbox 950 2330 1072 2399; x_wconf 77' lang='lat' dir='ltr'><strong>tordius</strong></span> <span class='ocrx_word' id='word_1_153' title='bbox 1088 2328 1283 2399; x_wconf 77' lang='lat' dir='ltr'><strong>reddiderat.</strong></span> 
     </span>
    </p>

    <p class='ocr_par' dir='ltr' id='par_1_4' title="bbox 316 2434 1356 2528">
     <span class='ocr_line' id='line_1_21' title="bbox 316 2434 1356 2528; baseline 0.004 -28"><span class='ocrx_word' id='word_1_154' title='bbox 316 2434 406 2501; x_wconf 85' lang='lat' dir='ltr'>XXI.</span> <span class='ocrx_word' id='word_1_155' title='bbox 429 2435 515 2499; x_wconf 89' lang='lat' dir='ltr'><strong>Victi</strong></span> <span class='ocrx_word' id='word_1_156' title='bbox 532 2451 640 2500; x_wconf 75' lang='lat' dir='ltr'><strong>tamen</strong></span> <span class='ocrx_word' id='word_1_157' title='bbox 662 2459 779 2526; x_wconf 80' lang='lat' dir='ltr'><strong>magns</strong></span> <span class='ocrx_word' id='word_1_158' title='bbox 800 2460 910 2528; x_wconf 79' lang='lat' dir='ltr'><strong>pugna</strong></span> <span class='ocrx_word' id='word_1_159' title='bbox 933 2437 1112 2502; x_wconf 79' lang='lat' dir='ltr'><strong>Domitiani</strong></span> <span class='ocrx_word' id='word_1_160' title='bbox 1129 2452 1227 2518; x_wconf 91' lang='lat' dir='ltr'><strong>suut,</strong></span> <span class='ocrx_word' id='word_1_161' title='bbox 1245 2452 1283 2502; x_wconf 88' lang='lat' dir='ltr'><strong>ut</strong></span> <span class='ocrx_word' id='word_1_162' title='bbox 1297 2435 1356 2514; x_wconf 79' lang='lat' dir='ltr'><strong>de,</strong></span> 
     </span>
    </p>
   </div>
   <div class='ocr_carea' id='block_1_2' title="bbox 151 2536 1340 2628">
    <p class='ocr_par' dir='ltr' id='par_1_5' title="bbox 151 2536 1340 2628">
     <span class='ocr_line' id='line_1_22' title="bbox 151 2536 1340 2628; baseline -0.005 -21"><span class='ocrx_word' id='word_1_163' title='bbox 151 2587 155 2594; x_wconf 90' lang='lat'>-</span> <span class='ocrx_word' id='word_1_164' title='bbox 269 2536 383 2626; x_wconf 75' lang='lat' dir='ltr'><strong>viginti</strong></span> <span class='ocrx_word' id='word_1_165' title='bbox 404 2538 547 2602; x_wconf 87' lang='lat' dir='ltr'><strong>millibus</strong></span> <span class='ocrx_word' id='word_1_166' title='bbox 569 2537 743 2604; x_wconf 88' lang='lat' dir='ltr'><strong>hominum</strong></span> <span class='ocrx_word' id='word_1_167' title='bbox 768 2539 828 2604; x_wconf 79' lang='lat' dir='ltr'><strong>triu</strong></span> <span class='ocrx_word' id='word_1_168' title='bbox 850 2555 977 2604; x_wconf 78' lang='lat' dir='ltr'><strong>tontum</strong></span> <span class='ocrx_word' id='word_1_169' title='bbox 1002 2555 1218 2628; x_wconf 82' lang='lat' dir='ltr'><strong>superessent.</strong></span> <span class='ocrx_word' id='word_1_170' title='bbox 1239 2538 1340 2603; x_wconf 89' lang='lat' dir='ltr'><strong>Pom·</strong></span> 
     </span>
    </p>
   </div>
   <div class='ocr_carea' id='block_1_3' title="bbox 267 2639 1341 3136">
    <p class='ocr_par' dir='ltr' id='par_1_6' title="bbox 267 2639 1341 3136">
     <span class='ocr_line' id='line_1_23' title="bbox 269 2639 1341 2730; baseline 0 -26"><span class='ocrx_word' id='word_1_171' title='bbox 269 2639 363 2726; x_wconf 83' lang='lat' dir='ltr'><strong>peius</strong></span> <span class='ocrx_word' id='word_1_172' title='bbox 375 2660 479 2726; x_wconf 90' lang='lat' dir='ltr'><strong>quum</strong></span> <span class='ocrx_word' id='word_1_173' title='bbox 491 2640 536 2705; x_wconf 93' lang='lat' dir='ltr'><strong>ob</strong></span> <span class='ocrx_word' id='word_1_174' title='bbox 549 2640 634 2704; x_wconf 80' lang='lat' dir='ltr'><strong>hanc</strong></span> <span class='ocrx_word' id='word_1_175' title='bbox 647 2641 815 2706; x_wconf 79' lang='lat' dir='ltr'><strong>victoriam</strong></span> <span class='ocrx_word' id='word_1_176' title='bbox 831 2640 1009 2730; x_wconf 80' lang='lat' dir='ltr'><strong>Imperutor</strong></span> <span class='ocrx_word' id='word_1_177' title='bbox 1022 2641 1064 2708; x_wconf 82' lang='lat' dir='ltr'><strong>sb</strong></span> <span class='ocrx_word' id='word_1_178' title='bbox 1080 2640 1222 2706; x_wconf 83' lang='lat' dir='ltr'><strong>exercitu</strong></span> <span class='ocrx_word' id='word_1_179' title='bbox 1233 2639 1341 2728; x_wconf 85' lang='lat' dir='ltr'><strong>eppei·</strong></span> 
     </span>
     <span class='ocr_line' id='line_1_24' title="bbox 269 2738 1340 2830; baseline 0.002 -26"><span class='ocrx_word' id='word_1_180' title='bbox 269 2738 410 2814; x_wconf 78' lang='lat' dir='ltr'><strong>iuretur,</strong></span> <span class='ocrx_word' id='word_1_181' title='bbox 435 2741 583 2830; x_wconf 80' lang='lat' dir='ltr'><strong>negavit,</strong></span> <span class='ocrx_word' id='word_1_182' title='bbox 603 2740 663 2806; x_wconf 78' lang='lat' dir='ltr'><strong>hcc</strong></span> <span class='ocrx_word' id='word_1_183' title='bbox 687 2763 720 2804; x_wconf 80' lang='lat' dir='ltr'><strong>se</strong></span> <span class='ocrx_word' id='word_1_184' title='bbox 739 2763 852 2808; x_wconf 80' lang='lat' dir='ltr'><strong>nomeu</strong></span> <span class='ocrx_word' id='word_1_185' title='bbox 873 2765 1061 2830; x_wconf 78' lang='lat' dir='ltr'><strong>agnoscere,</strong></span> <span class='ocrx_word' id='word_1_186' title='bbox 1083 2741 1182 2808; x_wconf 83' lang='lat' dir='ltr'><strong>donec</strong></span> <span class='ocrx_word' id='word_1_187' title='bbox 1203 2741 1340 2806; x_wconf 70' lang='lat' dir='ltr'><strong>tonum</strong></span> 
     </span>
     <span class='ocr_line' id='line_1_25' title="bbox 269 2840 1338 2933; baseline 0.004 -27"><span class='ocrx_word' id='word_1_188' title='bbox 269 2851 375 2906; x_wconf 77' lang='lat' dir='ltr'><strong>eastra</strong></span> <span class='ocrx_word' id='word_1_189' title='bbox 386 2854 513 2906; x_wconf 79' lang='lat' dir='ltr'><strong>starent.</strong></span> <span class='ocrx_word' id='word_1_190' title='bbox 533 2840 585 2906; x_wconf 72' lang='lat' dir='ltr'><strong>Ad</strong></span> <span class='ocrx_word' id='word_1_191' title='bbox 603 2841 694 2906; x_wconf 85' lang='lat' dir='ltr'><strong>hunc</strong></span> <span class='ocrx_word' id='word_1_192' title='bbox 711 2865 845 2930; x_wconf 89' lang='lat' dir='ltr'><strong>quoquc</strong></span> <span class='ocrx_word' id='word_1_193' title='bbox 859 2845 1003 2908; x_wconf 79' lang='lat' dir='ltr'><strong>laborem</strong></span> <span class='ocrx_word' id='word_1_194' title='bbox 1019 2844 1179 2933; x_wconf 87' lang='lat' dir='ltr'><strong>promptis</strong></span> <span class='ocrx_word' id='word_1_195' title='bbox 1195 2844 1338 2910; x_wconf 85' lang='lat' dir='ltr'><strong>militum</strong></span> 
     </span>
     <span class='ocr_line' id='line_1_26' title="bbox 269 2943 1339 3035; baseline 0.001 -26"><span class='ocrx_word' id='word_1_196' title='bbox 269 2943 419 3009; x_wconf 79' lang='lat' dir='ltr'><strong>manibus</strong></span> <span class='ocrx_word' id='word_1_197' title='bbox 436 2967 517 3009; x_wconf 86' lang='lat' dir='ltr'><strong>usus</strong></span> <span class='ocrx_word' id='word_1_198' title='bbox 532 2959 600 3025; x_wconf 62' lang='grc' dir='ltr'><strong>αις</strong></span> <span class='ocrx_word' id='word_1_199' title='bbox 614 2959 649 3008; x_wconf 87' lang='lat' dir='ltr'><strong>et</strong></span> <span class='ocrx_word' id='word_1_200' title='bbox 661 2967 704 3009; x_wconf 86' lang='lat' dir='ltr'><strong>ne</strong></span> <span class='ocrx_word' id='word_1_201' title='bbox 718 2945 838 3010; x_wconf 85' lang='lat' dir='ltr'><strong>iterum</strong></span> <span class='ocrx_word' id='word_1_202' title='bbox 851 2946 885 3010; x_wconf 92' lang='lat' dir='ltr'><strong>in</strong></span> <span class='ocrx_word' id='word_1_203' title='bbox 903 2945 1007 3013; x_wconf 87' lang='lat' dir='ltr'><strong>simile</strong></span> <span class='ocrx_word' id='word_1_204' title='bbox 1019 2945 1200 3035; x_wconf 90' lang='lat' dir='ltr'><strong>periculum</strong></span> <span class='ocrx_word' id='word_1_205' title='bbox 1213 2945 1339 3012; x_wconf 82' lang='lat' dir='ltr'><strong>incide·</strong></span> 
     </span>
     <span class='ocr_line' id='line_1_27' title="bbox 267 3043 1338 3136; baseline 0.006 -29"><span class='ocrx_word' id='word_1_206' title='bbox 267 3059 340 3125; x_wconf 87' lang='lat' dir='ltr'><strong>ret,</strong></span> <span class='ocrx_word' id='word_1_207' title='bbox 368 3043 515 3132; x_wconf 81' lang='lat' dir='ltr'><strong>deposito</strong></span> <span class='ocrx_word' id='word_1_208' title='bbox 538 3045 651 3134; x_wconf 70' lang='lat' dir='ltr'><strong>galee,</strong></span> <span class='ocrx_word' id='word_1_209' title='bbox 677 3045 769 3110; x_wconf 90' lang='lat' dir='ltr'><strong>nudo</strong></span> <span class='ocrx_word' id='word_1_210' title='bbox 795 3047 899 3136; x_wconf 81' lang='lat' dir='ltr'><strong>cupite</strong></span> <span class='ocrx_word' id='word_1_211' title='bbox 924 3047 1089 3136; x_wconf 80' lang='lat' dir='ltr'><strong>pugnavit.</strong></span> <span class='ocrx_word' id='word_1_212' title='bbox 1111 3049 1221 3112; x_wconf 76' lang='lat' dir='ltr'><strong>Custrs</strong></span> <span class='ocrx_word' id='word_1_213' title='bbox 1242 3063 1338 3136; x_wconf 73' lang='lat' dir='ltr'><strong>coptu</strong></span> 
     </span>
    </p>
   </div>
   <div class='ocr_carea' id='block_1_4' title="bbox 144 3146 1338 3237">
    <p class='ocr_par' dir='ltr' id='par_1_7' title="bbox 144 3146 1338 3237">
     <span class='ocr_line' id='line_1_28' title="bbox 144 3146 1338 3237; baseline 0.004 -28"><span class='ocrx_word' id='word_1_214' title='bbox 144 3163 151 3174; x_wconf 91' lang='lat'><strong>·</strong></span> <span class='ocrx_word' id='word_1_215' title='bbox 267 3163 363 3228; x_wconf 72' lang='lat' dir='ltr'><strong>sunt,</strong></span> <span class='ocrx_word' id='word_1_216' title='bbox 380 3147 562 3227; x_wconf 89' lang='lat' dir='ltr'><strong>Domitius,</strong></span> <span class='ocrx_word' id='word_1_217' title='bbox 577 3146 658 3214; x_wconf 90' lang='lat' dir='ltr'><strong>dum</strong></span> <span class='ocrx_word' id='word_1_218' title='bbox 675 3147 762 3212; x_wconf 88' lang='lat' dir='ltr'><strong>iuter</strong></span> <span class='ocrx_word' id='word_1_219' title='bbox 775 3149 897 3236; x_wconf 87' lang='lat' dir='ltr'><strong>primos</strong></span> <span class='ocrx_word' id='word_1_220' title='bbox 911 3164 1087 3237; x_wconf 81' lang='lat' dir='ltr'><strong>repugnat,</strong></span> <span class='ocrx_word' id='word_1_221' title='bbox 1105 3147 1270 3214; x_wconf 78' lang='lat' dir='ltr'><strong>occubuit.</strong></span> <span class='ocrx_word' id='word_1_222' title='bbox 1286 3152 1338 3214; x_wconf 85' lang='lat' dir='ltr'><strong>Gi·</strong></span> 
     </span>
    </p>
   </div>
   <div class='ocr_carea' id='block_1_5' title="bbox 264 3249 1337 3846">
    <p class='ocr_par' dir='ltr' id='par_1_8' title="bbox 264 3249 1337 3846">
     <span class='ocr_line' id='line_1_29' title="bbox 265 3249 1337 3337; baseline 0.005 -25"><span class='ocrx_word' id='word_1_223' title='bbox 265 3249 396 3330; x_wconf 80' lang='lat' dir='ltr'><strong>vitatos,</strong></span> <span class='ocrx_word' id='word_1_224' title='bbox 420 3271 493 3337; x_wconf 78' lang='lat' dir='ltr'><strong>qun</strong></span> <span class='ocrx_word' id='word_1_225' title='bbox 515 3265 662 3337; x_wconf 76' lang='lat' dir='ltr'><strong>sequutae</strong></span> <span class='ocrx_word' id='word_1_226' title='bbox 683 3249 894 3314; x_wconf 79' lang='lat' dir='ltr'><strong>corbonisuas</strong></span> <span class='ocrx_word' id='word_1_227' title='bbox 919 3265 1025 3337; x_wconf 78' lang='lat' dir='ltr'><strong>partes</strong></span> <span class='ocrx_word' id='word_1_228' title='bbox 1050 3251 1198 3331; x_wconf 85' lang='lat' dir='ltr'><strong>fuemut,</strong></span> <span class='ocrx_word' id='word_1_229' title='bbox 1217 3265 1337 3337; x_wconf 82' lang='lat' dir='ltr'><strong>sponte</strong></span> 
     </span>
     <span class='ocr_line' id='line_1_30' title="bbox 264 3349 1336 3443; baseline 0.003 -28"><span class='ocrx_word' id='word_1_230' title='bbox 264 3349 306 3415; x_wconf 81' lang='lat' dir='ltr'><strong>ad</strong></span> <span class='ocrx_word' id='word_1_231' title='bbox 330 3350 525 3438; x_wconf 88' lang='lat' dir='ltr'><strong>obsequium</strong></span> <span class='ocrx_word' id='word_1_232' title='bbox 548 3351 680 3414; x_wconf 82' lang='lat' dir='ltr'><strong>uictoris</strong></span> <span class='ocrx_word' id='word_1_233' title='bbox 703 3366 935 3432; x_wconf 80' lang='lat' dir='ltr'><strong>occturerunt3</strong></span> <span class='ocrx_word' id='word_1_234' title='bbox 960 3351 1126 3418; x_wconf 75' lang='lat' dir='ltr'><strong>nonnuliis</strong></span> <span class='ocrx_word' id='word_1_235' title='bbox 1148 3352 1180 3416; x_wconf 83' lang='lat' dir='ltr'><strong>vi</strong></span> <span class='ocrx_word' id='word_1_236' title='bbox 1197 3369 1336 3443; x_wconf 71' lang='lat' dir='ltr'><strong>receptu</strong></span> 
     </span>
     <span class='ocr_line' id='line_1_31' title="bbox 266 3449 1335 3543; baseline 0.007 -29"><span class='ocrx_word' id='word_1_237' title='bbox 266 3467 354 3516; x_wconf 89' lang='lat' dir='ltr'><strong>sunt.</strong></span> <span class='ocrx_word' id='word_1_238' title='bbox 373 3453 419 3515; x_wconf 88' lang='lat' dir='ltr'><strong>Ut</strong></span> <span class='ocrx_word' id='word_1_239' title='bbox 434 3449 553 3515; x_wconf 86' lang='lat' dir='ltr'><strong>deinde</strong></span> <span class='ocrx_word' id='word_1_240' title='bbox 568 3452 786 3541; x_wconf 79' lang='lat' dir='ltr'><strong>Hiempsalem</strong></span> <span class='ocrx_word' id='word_1_241' title='bbox 798 3454 833 3518; x_wconf 91' lang='lat' dir='ltr'><strong>iu</strong></span> <span class='ocrx_word' id='word_1_242' title='bbox 848 3453 1010 3520; x_wconf 78' lang='lat' dir='ltr'><strong>Numidiae</strong></span> <span class='ocrx_word' id='word_1_243' title='bbox 1026 3477 1164 3543; x_wconf 80' lang='lat' dir='ltr'><strong>regnum</strong></span> <span class='ocrx_word' id='word_1_244' title='bbox 1180 3455 1335 3522; x_wconf 84' lang='lat' dir='ltr'><strong>restitue·</strong></span> 
     </span>
     <span class='ocr_line' id='line_1_32' title="bbox 265 3552 1336 3642; baseline 0.007 -26"><span class='ocrx_word' id='word_1_245' title='bbox 265 3568 331 3632; x_wconf 87' lang='lat' dir='ltr'><strong>ret,</strong></span> <span class='ocrx_word' id='word_1_246' title='bbox 349 3553 494 3617; x_wconf 75' lang='lat' dir='ltr'><strong>Hiertam</strong></span> <span class='ocrx_word' id='word_1_247' title='bbox 510 3552 596 3616; x_wconf 83' lang='lat' dir='ltr'><strong>bello</strong></span> <span class='ocrx_word' id='word_1_248' title='bbox 610 3570 846 3641; x_wconf 84' lang='lat' dir='ltr'><strong>persequutus,</strong></span> <span class='ocrx_word' id='word_1_249' title='bbox 860 3556 937 3642; x_wconf 84' lang='lat' dir='ltr'><strong>quia</strong></span> <span class='ocrx_word' id='word_1_250' title='bbox 952 3555 1096 3621; x_wconf 88' lang='lat' dir='ltr'><strong>Domitio</strong></span> <span class='ocrx_word' id='word_1_251' title='bbox 1112 3556 1269 3621; x_wconf 80' lang='lat' dir='ltr'><strong>auxilium</strong></span> <span class='ocrx_word' id='word_1_252' title='bbox 1285 3572 1336 3624; x_wconf 85' lang='lat' dir='ltr'><strong>tu·</strong></span> 
     </span>
     <span class='ocr_line' id='line_1_33' title="bbox 265 3653 1333 3746; baseline 0.003 -27"><span class='ocrx_word' id='word_1_253' title='bbox 265 3655 364 3732; x_wconf 82' lang='lat' dir='ltr'><strong>lerat,</strong></span> <span class='ocrx_word' id='word_1_254' title='bbox 379 3654 413 3716; x_wconf 91' lang='lat' dir='ltr'><strong>in</strong></span> <span class='ocrx_word' id='word_1_255' title='bbox 430 3653 540 3742; x_wconf 72' lang='lat' dir='ltr'><strong>iugem</strong></span> <span class='ocrx_word' id='word_1_256' title='bbox 558 3655 754 3743; x_wconf 69' lang='lat' dir='ltr'><strong>precipitem</strong></span> <span class='ocrx_word' id='word_1_257' title='bbox 770 3656 854 3746; x_wconf 72' lang='lat' dir='ltr'><strong>egit,</strong></span> <span class='ocrx_word' id='word_1_258' title='bbox 872 3656 991 3722; x_wconf 87' lang='lat' dir='ltr'><strong>deinde</strong></span> <span class='ocrx_word' id='word_1_259' title='bbox 1011 3657 1157 3722; x_wconf 87' lang='lat' dir='ltr'><strong>immisso</strong></span> <span class='ocrx_word' id='word_1_260' title='bbox 1179 3656 1333 3745; x_wconf 78' lang='lat' dir='ltr'><strong>bogude,</strong></span> 
     </span>
     <span class='ocr_line' id='line_1_34' title="bbox 264 3755 1334 3846; baseline 0.003 -25"><span class='ocrx_word' id='word_1_261' title='bbox 264 3755 383 3821; x_wconf 77' lang='lat' dir='ltr'><strong>Roochi</strong></span> <span class='ocrx_word' id='word_1_262' title='bbox 406 3755 598 3820; x_wconf 73' lang='lat' dir='ltr'><strong>Mauromm</strong></span> <span class='ocrx_word' id='word_1_263' title='bbox 624 3756 708 3846; x_wconf 80' lang='lat' dir='ltr'><strong>regis</strong></span> <span class='ocrx_word' id='word_1_264' title='bbox 735 3755 821 3840; x_wconf 89' lang='lat' dir='ltr'><strong>filio,</strong></span> <span class='ocrx_word' id='word_1_265' title='bbox 851 3758 953 3846; x_wconf 86' lang='lat' dir='ltr'><strong>copiis</strong></span> <span class='ocrx_word' id='word_1_266' title='bbox 985 3757 1139 3822; x_wconf 90' lang='lat' dir='ltr'><strong>omnibus</strong></span> <span class='ocrx_word' id='word_1_267' title='bbox 1166 3757 1334 3845; x_wconf 70' lang='lat' dir='ltr'><strong>spoliavit,</strong></span> 
     </span>
    </p>
   </div>
   <div class='ocr_carea' id='block_1_6' title="bbox 260 3848 1302 3948">
    <p class='ocr_par' dir='ltr' id='par_1_9' title="bbox 260 3848 1302 3948">
     <span class='ocr_line' id='line_1_35' title="bbox 260 3848 1302 3948; baseline 0.002 -26"><span class='ocrx_word' id='word_1_268' title='bbox 260 3872 427 3948; x_wconf 87' lang='lat' dir='ltr'><strong>postremo</strong></span> <span class='ocrx_word' id='word_1_269' title='bbox 443 3858 541 3921; x_wconf 82' lang='lat' dir='ltr'><strong>Bullae</strong></span> <span class='ocrx_word' id='word_1_270' title='bbox 556 3857 746 3940; x_wconf 82' lang='lat' dir='ltr'><strong>obsessum,</strong></span> <span class='ocrx_word' id='word_1_271' title='bbox 764 3858 875 3923; x_wconf 85' lang='lat' dir='ltr'><strong>dedito</strong></span> <span class='ocrx_word' id='word_1_272' title='bbox 892 3859 953 3923; x_wconf 92' lang='lat' dir='ltr'><strong>sibi</strong></span> <span class='ocrx_word' id='word_1_273' title='bbox 967 3857 1107 3947; x_wconf 88' lang='lat' dir='ltr'><strong>oppido,</strong></span> <span class='ocrx_word' id='word_1_274' title='bbox 1127 3848 1302 3924; x_wconf 76' lang='lat' dir='ltr'><strong>int&#39;ersecit.</strong></span> 
     </span>
    </p>
   </div>
   <div class='ocr_carea' id='block_1_7' title="bbox 259 4056 1332 4207">
    <p class='ocr_par' dir='ltr' id='par_1_10' title="bbox 259 4056 1332 4207">
     <span class='ocr_line' id='line_1_36' title="bbox 297 4056 1332 4125; baseline -0.003 -17"><span class='ocrx_word' id='word_1_275' title='bbox 297 4059 385 4125; x_wconf 76' lang='lat' dir='ltr'><strong>§ss-</strong></span> <span class='ocrx_word' id='word_1_276' title='bbox 395 4058 503 4116; x_wconf 69' lang='lat' dir='ltr'><strong>OMV,</strong></span> <span class='ocrx_word' id='word_1_277' title='bbox 514 4072 558 4104; x_wconf 77' lang='lat' dir='ltr'><strong>rs.</strong></span> <span class='ocrx_word' id='word_1_278' title='bbox 568 4056 679 4106; x_wconf 72' lang='lat' dir='ltr'><strong>-Piut</strong></span> <span class='ocrx_word' id='word_1_279' title='bbox 689 4085 725 4096; x_wconf 80' lang='lat'>-</span> <span class='ocrx_word' id='word_1_280' title='bbox 735 4057 752 4122; x_wconf 65' lang='lat' dir='ltr'>s</span> <span class='ocrx_word' id='word_1_281' title='bbox 764 4057 898 4106; x_wconf 66' lang='lat' dir='ltr'><strong>mvii.</strong></span> <span class='ocrx_word' id='word_1_282' title='bbox 911 4060 1037 4116; x_wconf 63' lang='lat' dir='ltr'><strong>simvl,</strong></span> <span class='ocrx_word' id='word_1_283' title='bbox 1050 4075 1075 4105; x_wconf 79' lang='lat' dir='ltr'><strong>u.</strong></span> <span class='ocrx_word' id='word_1_284' title='bbox 1091 4083 1127 4096; x_wconf 87' lang='lat'><strong>-·</strong></span> <span class='ocrx_word' id='word_1_285' title='bbox 1140 4059 1212 4106; x_wconf 84' lang='lat' dir='ltr'><strong>Otos.</strong></span> <span class='ocrx_word' id='word_1_286' title='bbox 1228 4083 1264 4094; x_wconf 88' lang='lat'><strong>-·-</strong></span> <span class='ocrx_word' id='word_1_287' title='bbox 1279 4058 1332 4106; x_wconf 78' lang='lat' dir='ltr'><strong>biv.</strong></span> 
     </span>
     <span class='ocr_line' id='line_1_37' title="bbox 259 4140 1332 4207; baseline -0.002 -13"><span class='ocrx_word' id='word_1_288' title='bbox 259 4144 327 4207; x_wconf 72' lang='lat' dir='ltr'><strong>Epis.</strong></span> <span class='ocrx_word' id='word_1_289' title='bbox 336 4169 371 4180; x_wconf 93' lang='grc'><strong>-</strong></span> <span class='ocrx_word' id='word_1_290' title='bbox 378 4140 482 4190; x_wconf 73' lang='lat' dir='ltr'><strong>utut-</strong></span> <span class='ocrx_word' id='word_1_291' title='bbox 491 4140 723 4200; x_wconf 68' lang='lat' dir='ltr'><strong>sutoruuuem.</strong></span> <span class='ocrx_word' id='word_1_292' title='bbox 732 4169 767 4180; x_wconf 91' lang='lat'><em>-</em></span> <span class='ocrx_word' id='word_1_293' title='bbox 774 4143 876 4206; x_wconf 81' lang='lat' dir='ltr'><strong>Eutrop.</strong></span> <span class='ocrx_word' id='word_1_294' title='bbox 887 4141 1094 4194; x_wconf 49' lang='lat' dir='ltr'><strong>tvo-snmus</strong></span> <span class='ocrx_word' id='word_1_295' title='bbox 1103 4142 1156 4190; x_wconf 80' lang='lat' dir='ltr'><strong>Vir.</strong></span> <span class='ocrx_word' id='word_1_296' title='bbox 1164 4141 1198 4190; x_wconf 80' lang='lat' dir='ltr'><strong>itt.</strong></span> <span class='ocrx_word' id='word_1_297' title='bbox 1208 4141 1234 4190; x_wconf 87' lang='lat' dir='ltr'><strong>iu</strong></span> <span class='ocrx_word' id='word_1_298' title='bbox 1241 4143 1332 4206; x_wconf 80' lang='lat' dir='ltr'><strong>Pomp.</strong></span> 
     </span>
    </p>
   </div>
   <div class='ocr_carea' id='block_1_8' title="bbox 0 0 1442 4900">
    <p class='ocr_par' dir='ltr' id='par_1_11' title="bbox 0 0 1442 4900">
     <span class='ocr_line' id='line_1_38' title="bbox 0 0 1442 4900; baseline 0 6"><span class='ocrx_word' id='word_1_299' title='bbox 0 0 1442 4900; x_wconf 95' lang='lat' dir='ltr'><strong> </strong></span> 
     </span>
    </p>
   </div>
  </div>
 </body>
</html>
