2875 4900
337 391 389 461 m
419 389 532 460 noc.
558 391 651 460 nra.
680 391 747 459 cx
777 340 988 460 Limum.
1126 415 1191 487 701

128 515 201 602 quis
222 513 313 577 alteri
332 513 413 600 parti
436 509 628 576 addictiores
647 512 767 576 electos
788 527 998 599 quereretur,
1012 529 1098 576 sorte
1111 535 1198 577 crea·

128 617 258 680 bantur.
286 616 355 679 Hac
371 613 560 678 conditione
577 629 690 700 quarta
707 615 776 677 lere
792 636 865 701 pars
883 613 997 678 crediti
1012 614 1197 702 deperibat;

128 716 186 780 sed
201 716 293 780 facile
310 715 519 802 patiebantur
537 714 705 794 homines,
721 715 798 802 quia
818 715 917 778 timor
927 739 1085 780 novarum
1101 718 1198 781 tabu-

128 819 253 900 larum,
282 839 354 904 quae
383 807 481 905 vulgo
506 816 663 903 postulari
686 832 869 903 coeperant,
899 815 1083 881 tollebatur.
1113 819 1198 900 Quia

129 917 248 986 deinde
267 939 381 981 rumor
399 916 646 1004 percrebuerat,
666 918 787 989 multos
810 939 926 980 aurum
944 933 1198 1006 argentumque,

128 1043 171 1084 ne
186 1017 403 1084 creditoribus
419 1017 599 1098 solverent,
616 1019 837 1104 supprinrere3
854 1018 973 1083 horum
990 1020 1134 1106 nequitia
1147 1019 1201 1084 ad·

128 1123 267 1202 ductus,
284 1121 388 1210 legem
407 1120 497 1200 tulit,
514 1141 553 1181 ne
568 1121 637 1206 quis
652 1141 749 1205 supro
761 1122 900 1183 sestertio
912 1123 1081 1206 sexaginta
1094 1123 1127 1184 in
1141 1145 1199 1186 nu-

128 1237 248 1288 merato
260 1223 403 1286 haberet:
420 1221 466 1282 sic
479 1220 729 1308 providebatur,
745 1242 787 1283 ne
802 1222 875 1306 quis
891 1243 1081 1310 magnarum
1094 1245 1196 1310 opum

129 1324 246 1389 liducia
266 1323 402 1404 adjicere
421 1322 463 1387 ad
483 1343 533 1386 res
552 1319 716 1385 novandas
735 1322 881 1385 animum
901 1340 1021 1410 posset.
1042 1323 1139 1388 Plebs
1156 1325 1197 1390 ad

129 1427 198 1490 hec
208 1423 284 1488 addi
296 1423 495 1512 postulabat,
510 1439 548 1488 ut
560 1422 690 1509 praemia
703 1424 819 1505 servis,
832 1424 890 1510 qui
902 1423 1055 1488 dominos
1065 1427 1100 1489 in
1113 1427 1198 1491 hanc

130 1528 234 1616 legem
261 1541 431 1614 pereuntes
461 1523 673 1604 detulissent,
700 1522 972 1606 decernerentur;
1003 1524 1061 1589 sed
1086 1526 1202 1592 abnuit

130 1631 236 1694 Cesar
247 1677 258 1708 ,
269 1628 461 1714 juratusque
482 1625 625 1715 negavit,
642 1624 743 1688 servis
757 1623 909 1688 adversus
926 1623 1078 1689 dominos
1091 1627 1199 1691 credi·

130 1745 254 1793 turum.

173 1836 226 1899 Ll.
245 1835 336 1898 Inter
357 1833 426 1896 lraec
446 1847 512 1896 tam
532 1853 706 1919 prospera,
732 1853 798 1894 non
822 1827 983 1894 modicam
1005 1834 1127 1922 accepit
1144 1859 1203 1924 per

130 1935 230 2000 duces
246 1955 323 1998 suos
345 1934 379 1996 in
397 1932 528 2022 Illyrico
550 1931 685 1997 cladem.
712 1931 749 1995 P.
774 1931 964 1996 Cornelium
985 1932 1201 2021 Dolabellam,

132 2057 235 2124 quum
247 2059 264 2098 a
276 2036 400 2102 Cesare
416 2025 511 2099 naves
524 2033 676 2114 baberet,
692 2034 738 2098 M.
751 2032 903 2096 Octavius
915 2049 947 2095 et
961 2034 995 2096 L.
1012 2033 1202 2104 Scribonius

132 2138 234 2218 Libo,
259 2159 342 2224 quos
366 2135 533 2199 liburnicas
550 2151 648 2222 atque
665 2133 802 2197 achaicae
822 2134 914 2197 classi
930 2132 1104 2222 Pompeius
1120 2159 1202 2223 prae-

133 2239 271 2318 fecerat,
293 2239 438 2318 victum,
461 2253 663 2322 exutumque
686 2237 788 2324 copiis
814 2236 971 2300 Dalmatia
996 2241 1202 2324 expulerunt.

133 2339 198 2404 Sed
217 2340 270 2402 ille
287 2339 440 2427 quidem,
459 2338 573 2402 amissa
592 2335 708 2417 classe,
725 2335 868 2424 perfugit
883 2335 925 2399 ad
946 2338 982 2400 C.
1002 2338 1202 2421 Antonium,

136 2441 193 2529 qui
212 2439 253 2504 ad
274 2440 439 2504 Curictam
455 2436 638 2527 (Japodum
662 2437 812 2503 litoribus
829 2436 930 2502 adsita
950 2454 999 2503 est
1021 2438 1145 2522 insula,
1162 2442 1204 2507 ad

137 2544 234 2607 maris
254 2541 408 2606 Adriatici
430 2539 558 2626 lauces)
576 2556 678 2603 castra
698 2538 847 2604 habebat.
867 2539 931 2603 Sed
946 2539 1052 2627 ipsum
1071 2564 1205 2630 quoque

137 2644 333 2725 Antonium,
351 2664 454 2731 quum
466 2642 578 2706 ulcisci
593 2640 793 2705 Dolabellam
810 2656 957 2728 cuperet,
975 2664 1051 2705 cum
1064 2644 1105 2725 Q.
1117 2644 1204 2708 Hor.

138 2746 265 2826 tensio,
285 2746 343 2831 qui
364 2746 404 2809 ab
421 2744 527 2808 infero
548 2743 636 2806 mari*
650 2742 784 2806 classem
807 2740 1000 2823 adduxerat,
1018 2746 1205 2832 pompeiani

139 2847 239 2911 duces
252 2860 463 2933 superarunt3
477 2866 664 2933 quanquam
677 2845 705 2908 ei
718 2845 753 2908 L.
766 2843 930 2907 Minucius
943 2844 1081 2925 Basilus,
1092 2848 1131 2910 C.
1143 2848 1208 2911 Sal·

141 2946 257 3009 lustius
275 2945 424 3033 Crispus,
447 2968 487 3009 ex
510 2946 645 3034 singulis
665 2944 866 3033 legionibus,
885 2944 1005 3032 quibus
1028 2966 1205 3033 preerant,

142 3046 293 3109 cohortes
308 3046 431 3134 aliquot
449 3046 594 3111 subsidio
611 3046 784 3110 misissent.

187 3148 254 3210 Lll.
273 3147 433 3211 Antonius
451 3148 613 3211 Curictam
635 3148 774 3235 refugit,
796 3147 965 3235 asperitate
983 3148 1082 3230 situs,
1103 3165 1136 3216 et
1156 3153 1207 3217 in·

143 3249 287 3311 colarum
304 3249 422 3312 virtute
436 3248 587 3312 confisus.
607 3247 670 3313 Sed
685 3248 743 3311 ubi
761 3248 913 3311 Octavius
927 3264 959 3311 et
971 3248 1054 3312 Libo
1068 3272 1144 3315 eum
1159 3254 1208 3317 in-

144 3348 295 3439 gentibus
312 3350 412 3437 copiis
428 3350 633 3413 classicorum
651 3349 833 3430 affuerunt,
852 3348 1062 3437 desertosque
1077 3374 1095 3415 a
1114 3357 1209 3420 sociis

145 3471 263 3539 urgere
284 3450 383 3513 fames
401 3451 514 3537 coepit,
530 3439 618 3514 etad
638 3451 846 3538 pompeianas
861 3466 967 3539 partes
982 3452 1086 3539 palam
1104 3470 1210 3521 trans·

146 3572 274 3641 gressus
296 3552 346 3613 vir
371 3551 566 3616 fortissimus
592 3553 629 3616 T.
652 3553 751 3616 Pusio
776 3552 966 3635 sollicitare,
990 3555 1153 3621 Antonius
1176 3581 1210 3623 se

147 3676 223 3717 cum
247 3651 434 3739 quindecim
459 3653 647 3718 cohortibus
672 3652 818 3735 dedidit;
843 3675 1023 3741 omnesque
1046 3654 1087 3719 acl
1112 3656 1212 3722 Pom-

148 3753 258 3841 peium
276 3776 294 3817 a
312 3753 435 3818 Libone
456 3753 587 3818 deducti
612 3770 699 3819 sunt.
722 3754 860 3819 Evasere
877 3770 985 3818 tamen
1007 3755 1097 3843 prius
1118 3762 1212 3845 pauci

185 3990 202 4056 3
213 3992 241 4038 1..
254 3992 355 4037 Sueten.
368 3990 394 4035 in
410 3988 471 4035 Caes.
485 4002 539 4051 cap.
551 3995 592 4042 ta.
603 4012 638 4023 -
649 3986 710 4035 Οτι.
725 4013 761 4023 -
772 3989 879 4052 Appiau.
890 4014 927 4025 -
939 3987 995 4038 nio.
1006 4015 1042 4025 —
1055 3988 1072 4053 S
1085 3992 1124 4041 LI.
1142 3994 1216 4044 Oro..
1321 3966 1326 3976 Ι

152 4074 203 4131 VI,
219 4074 303 4120 15.-
312 4058 415 4120 Suetdn.
427 4070 453 4117 in
467 4070 528 4119 Cu.
542 4084 597 4133 cap.
608 4070 649 4117 36.
661 4096 697 4105 --
707 4070 773 4117 Flor.
785 4069 830 4128 lv,
842 4069 1114 4131 2.-stnb.ttb.v11‚
1124 4078 1216 4139 pm,

152 4182 187 4195 -
201 4158 302 4206 Ptolem.
313 4156 351 4214 u,
365 4172 404 4215 ις.
417 4180 451 4191 -
461 4152 519 4201 Dio.
534 4180 570 4191 —
583 4156 676 4201 Lucarr.
690 4154 807 4213 1V‚6oa.
