2875 4900
99 418 1163 451 nnmmmuuvnunmmmmuwnmnwwnmuun

241 640 532 763 sonuum
577 577 1033 735 Funiusunuu

143 885 1129 1029 SUPPLEMENTORUM

320 1185 942 1312 LIVIANORUM

427 1470 600 1550 LIBER
636 1470 834 1551 LXXIII

267 1710 316 1764 IN
343 1710 497 1767 Locum
524 1710 647 1767 LIBRI
672 1709 787 1767 CVIII
813 1712 999 1767 leunr.

463 1956 799 1993 ...ow-„-

516 2164 757 2234 EPITOME

314 2325 444 2381 muru
475 2324 741 2382 cartrnmm
771 2328 952 2385 ocrsvr.

93 2465 129 2518 C.
144 2465 233 2519 Cesar
245 2463 338 2518 Gollos
352 2463 388 2518 ad
406 2465 521 2518 Alesiam
538 2465 617 2530 vicit,
635 2485 781 2540 omnesque
797 2469 890 2523 Galli·
908 2458 1041 2534 civitates,
1062 2493 1123 2544 qna
1139 2474 1167 2526 in

134 2548 216 2600 umis
227 2547 350 2611 fuerant,
365 2549 393 2601 in
408 2548 569 2602 deditionem
583 2549 695 2620 accepit.
709 2552 740 2604 C.
751 2552 872 2617 Cassios,
887 2565 1003 2625 quantor
1015 2555 1054 2608 Μ.
1066 2557 1170 2620 Crassi,

133 2630 310 2703 Partb0s‚qni
320 2632 348 2684 in
362 2632 466 2706 Syriam
475 2631 708 2698 transcenderant,
722 2633 827 2688 cecidit.
840 2636 873 2688 In
882 2637 1008 2707 petitione
1016 2640 1170 2694 consolatus

133 2714 173 2768 ll.
182 2715 248 2768 Cato
259 2716 393 2788 repulsam
404 2715 481 2780 tulit,
495 2716 589 2770 creatis
599 2716 754 2770 consulibus
764 2719 821 2772 Ser.
829 2719 977 2790 Sulpicioet
986 2719 1024 2773 ll.
1031 2721 1168 2775 Marcello.

133 2798 166 2851 C.
184 2799 271 2852 Cesar
290 2799 443 2852 Bellovacos
461 2818 522 2852 cum
543 2799 600 2852 aliis
618 2799 757 2852 Gallorum
777 2801 881 2872 populis
903 2801 1016 2856 domuit.
1040 2802 1168 2857 Praeterea

133 2881 316 2937 contentiones
330 2883 398 2936 inter
411 2883 531 2937 consules
545 2882 579 2936 de
593 2901 745 2938 successore
759 2884 791 2936 C.
807 2885 904 2938 Casani
917 2885 1062 2949 mittendo,
1075 2899 1170 2958 agente

134 2967 162 3019 in
186 2979 281 3020 scnotu
299 2967 338 3022 Μ.
357 2966 486 3022 Marcello
504 2967 629 3032 consule,
649 2979 679 3022 ut
694 2967 782 3020 Cesar
795 2967 830 3020 cd
847 2969 1001 3040 petitionem
1017 2971 1171 3024 consulatus

135 3050 250 3113 reniret,
266 3069 349 3122 quum
365 3049 386 3104 is
401 3050 460 3122 Iege
473 3051 526 3104 lata
539 3051 566 3104 in
584 3064 687 3124 ternpus
708 3050 862 3104 consulatus
882 3053 1033 3123 provincias
1050 3053 1171 3108 obtinere

134 3131 257 3199 deberet;
269 3153 364 3207 resque
377 3153 393 3188 a
407 3133 446 3187 Μ.
458 3133 553 3188 Bibulo
564 3135 592 3187 in
606 3135 678 3209 Syrio
692 3146 777 3206 gestas
791 3135 915 3189 continet.

94 3335 122 3396 1.
150 3291 287 3424 anss
309 3331 394 3396 inter
411 3329 481 3394 haec
500 3331 679 3414 Labienus,
695 3331 808 3396 relicto
825 3329 984 3419 Agendici
999 3331 1170 3419 presidio,

93 3455 176 3498 curn
190 3432 374 3522 legionibus
389 3447 530 3520 quatuor
542 3432 703 3496 Lutetiam
719 3432 917 3496 Parisiorum
934 3453 1094 3521 occupare
1107 3449 1171 3498 sta·

93 3531 229 3614 tuisset,
245 3531 388 3622 dispersa
407 3532 552 3598 celeriter
573 3532 699 3596 omissae
715 3531 757 3595 ad
779 3531 973 3621 Gergoviam
989 3532 1170 3598 obsidionis

92 3636 203 3716 lama,
227 3634 484 3722 defectionisque
508 3633 717 3714 AEduorum,
746 3615 900 3722 magnum
930 3635 960 3697 ei
987 3635 1169 3723 periculum

91 3752 216 3826 praeter
238 3737 512 3826 exspectationem
531 3735 658 3800 creavit.
676 3735 761 3800 Nam
781 3753 898 3824 praeter
917 3735 1070 3800 finitimas
1093 3737 1170 3800 civi·

92 3853 201 3918 τεῖος,
214 3861 286 3925 quae
303 3839 525 3927 Camulogeno
544 3838 688 3901 Auleroo-
703 3834 787 3901 duce
804 3859 935 3926 magnas
951 3838 1059 3925 copias
1076 3859 1171 3924 para·

52 3997 65 4008 ,
92 3953 229 4018 verant,
242 3937 286 4002 ab
299 3940 362 4004 alio
373 3940 474 4004 latere
487 3937 818 4025 Bellovaci,quorum
832 3939 993 4027 praecipua
1006 3953 1075 4002 erat
1085 3938 1172 4001 inter
1282 4007 1289 4020 ¹

94 4038 209 4104 Gallos
230 4040 358 4106 virtutis
374 4039 504 4130 opinio,
526 4055 665 4128 repente
675 4038 891 4104 desciverunt.
908 4038 1035 4104 Idcirco
1053 4039 1171 4102 Labie·

94 4162 181 4221 nus,
193 4141 315 4209 omisso
330 4143 458 4234 longius
472 4140 700 4232 progrediendi
720 4141 876 4222 consilio,
890 4139 1170 4230 quemadmodum
