2875 4900
209 404 262 475 IN
293 404 409 473 LOC.
435 405 531 471 LIB.
556 404 748 473 LXXXII
777 403 993 473 LIVIANI.
1074 428 1135 473 ιιι

87 540 192 612 -atque
206 524 270 589 hoc
284 526 372 614 ipsos
390 526 560 613 agnovisse
577 546 596 588 a
611 524 789 612 principio,
805 545 983 612 regemque
999 524 1066 589 suis
1085 524 1142 589 de·

87 627 190 690 wreus
210 627 417 715 liberatorem
439 641 538 714 atque
560 625 659 690 deum
682 626 890 715 appellavisse
907 648 916 691 ι
933 642 1032 713 atque
1048 627 1141 694 illum

87 728 232 793 aricissim
248 728 402 793 tribuisse
421 728 539 809 multa;
557 727 746 793 debitorum
758 743 883 816 partem
897 728 1058 793 remisisse
1074 752 1143 807 ma·

86 852 208 918 «gnam3
224 854 264 895 ex
278 830 373 894 bonis
386 828 616 893 damnatorum
634 827 798 893 addidisse
811 827 1002 916 plurimum.
1016 830 1080 894 Pro
1091 829 1142 895 his

86 930 217 995 «meritis
230 930 360 1011 audire,
374 930 474 995 Chios
485 932 710 995 Romanorum
725 952 795 994 esse
808 929 1030 995 studiosiores.

122 1029 280 1095 XL1.«Id
303 1032 451 1119 quamvis
471 1052 586 1095 verum
608 1054 678 1095 esse
698 1029 740 1096 de
760 1032 910 1095 universa
928 1032 1057 1097 civitate
1072 1056 1143 1098 non

86 1146 206 1218 «putet,
231 1133 352 1197 multos
378 1147 486 1197 tamen
513 1154 553 1197 eo
579 1132 716 1197 erimine
740 1131 862 1214 teneri,
890 1131 1143 1221 haudquaquam

86 1230 285 1321 «ambiguum
304 1254 375 1297 esse
387 1255 396 1297 ε
410 1232 537 1297 veniam
553 1247 663 1298 umen
680 1232 849 1316 daturum,
867 1256 957 1298 arma
975 1249 1009 1298 et
1023 1234 1144 1301 liberos

86 1331 279 1421 «principum
293 1332 424 1399 obsides
441 1332 672 1399 tradituris.1d
689 1332 772 1399 adeo
790 1334 874 1424 regis
893 1335 1000 1400 multo
1016 1335 1144 1418 minus,

86 1454 193 1519 ·quam
202 1436 378 1519 Chiorum,
396 1436 569 1517 interesse3
585 1456 694 1523 neque
706 1434 770 1517 illi,
787 1457 886 1523 quam
900 1436 1039 1518 civitati,
1053 1452 1145 1503 tanto

86 1534 173 1599 «odio
192 1560 261 1602 esse
282 1536 419 1620 debere,
441 1537 499 1624 qui
517 1558 568 1623 res
587 1558 687 1601 novas
707 1535 894 1600 moliantur.
910 1536 1043 1625 Quippe
1059 1538 1144 1603 illius

87 1658 149 1701 mes
161 1636 517 1707 defectioncChiorum
534 1659 602 1703 uon
621 1638 727 1703 multo
742 1637 920 1708 deteriores
936 1640 1023 1722 fore,
1041 1642 1145 1730 atqui

87 1737 186 1803 «Chiis
196 1762 307 1831 regern
317 1740 546 1821 inconcilient,
560 1757 687 1805 certum
700 1740 813 1827 patriae
823 1762 891 1803 suae
903 1740 1065 1807 excidium
1077 1765 1146 1807 me-

87 1837 208 1907 ·ditarit
228 1864 305 1907 nam
323 1858 357 1907 et
370 1842 510 1905 insulam
528 1857 626 1907 tantas
642 1842 727 1931 regis
740 1842 895 1929 potentias
911 1842 1059 1907 resistere
1077 1866 1146 1908 non

87 1962 207 2026 *posse5
223 1958 257 2007 et
273 1966 460 2032 quanquam
475 1944 509 2008 in
525 1944 645 2009 Boeotia
661 1944 767 2008 victor
783 1943 873 2009 Sulla
886 1945 1061 2026 exstiterit,
1076 1966 1145 2010 non

87 2044 196 2108 «modo
212 2068 291 2109 cum
306 2045 375 2109 aliis
392 2045 586 2109 exercitibus
600 2043 815 2121 Mithridatis,
832 2045 954 2133 quibus
967 2069 1024 2111 rex
1039 2046 1146 2111 abun·

88 2141 170 2227 «det,
184 2146 241 2211 sed
260 2147 359 2211 etiam
375 2169 451 2212 cum
468 2147 593 2212 civibus
609 2146 676 2217 suis
692 2145 930 2211 dimicaturam.

124 2247 219 2315 XLII.
235 2250 331 2314 dam
344 2250 380 2313 in
400 2246 558 2313 Graeciam
576 2247 816 2314 transcendisse
835 2248 871 2311 1..
879 2247 1044 2311 Valerium
1066 2270 1147 2313 con·

36 2414 37 2423 χ
88 2348 216 2433 «sulem,
231 2351 451 2415 marianarum
463 2350 606 2438 partium
617 2350 725 2414 virum
737 2372 746 2413 ε
760 2370 870 2436 neque
883 2348 1025 2413 dubitari
1037 2372 1148 2439 posse,

37 2535 38 2542 ἵ
88 2450 177 2535 «quin
193 2452 239 2516 ibi
253 2453 403 2517 locorum
419 2451 533 2516 eadem
548 2453 614 2517 sint
624 2452 797 2516 exercituri
814 2450 906 2533 odia,
922 2473 996 2539 quae
1011 2451 1102 2516 domi
1115 2470 1149 2518 et

38 2591 39 2598 .
90 2550 136 2614 «in
153 2553 241 2620 ltalia
266 2553 521 2619 ostendissent».
539 2553 630 2635 Chii,
651 2567 826 2642 postquam
847 2553 917 2617 haec
935 2553 1151 2636 audiverunt,

90 2647 154 2718 linc
169 2655 378 2738 necessitate,
398 2655 475 2720 inde
492 2677 549 2745 spe
570 2654 719 2743 impulsi,
741 2655 892 2719 fecerunt
908 2655 1075 2743 imperata.
1093 2655 1149 2720 ld·

91 2752 163 2820 circo
176 2757 342 2823 Zenobius
353 2757 509 2846 Erythras
526 2757 642 2838 misso,
655 2755 747 2844 quod
764 2772 834 2820 erat
848 2755 1022 2836 traditum,
1036 2778 1149 2842 exspe-

93 2869 163 2920 ctare
174 2859 274 2924 Chios
287 2858 395 2924 literas
410 2859 512 2948 regias
519 2857 633 2940 jussit,
648 2880 759 2945 eaeque
772 2858 871 2947 paulo
882 2872 958 2945 post
968 2857 1150 2939 affuerunt,

94 2953 118 3018 in
137 2957 217 3024 hanc
240 2960 438 3026 sententiam
460 2961 597 3049 scripte.
620 2989 633 3014 ιι
646 2960 745 3024 Nunc
767 2981 900 3049 quoque
925 2960 1150 3023 Romanorum

94 3057 240 3130 ·fautores
257 3081 330 3126 esse
343 3059 496 3149 pergitis,
513 3083 658 3147 quorum
674 3059 784 3124 adhuc
797 3081 867 3124 non
884 3059 977 3147 pauci
994 3059 1028 3123 in
1044 3075 1151 3126 vestra

95 3159 182 3224 «urhe
207 3159 336 3251 degum
345 3183 358 3241 3
389 3159 508 3249 praedia
536 3182 671 3249 quoque
696 3182 812 3225 eorum
843 3159 1015 3243 exercetis,
1044 3183 1152 3250 neque

96 3262 233 3352 *vectigal
246 3261 344 3327 nohis
359 3283 473 3326 eorum
489 3261 623 3326 nomine
638 3259 792 3349 penditis.

128 3361 238 3430 XIIII.
262 3365 328 3428 aEt
348 3385 462 3428 navem
487 3361 620 3454 quidem
642 3385 750 3428 meam
769 3363 914 3451 impulsu
933 3363 1075 3430 triremis
1094 3389 1151 3430 ve·

48 3513 49 3536 ,
97 3477 174 3527 utre
185 3463 425 3554 propemodum
440 3464 639 3547 demersam,
656 3465 761 3554 culpas
774 3464 998 3554 gubernatoris
1012 3465 1152 3532 adscribi

49 3561 50 3572 ³
99 3562 193 3630 *facile
209 3583 357 3654 paterer,
377 3567 439 3630 nisi
457 3582 580 3630 vestros
601 3566 728 3630 animos
748 3567 832 3630 clam
852 3567 943 3631 missi
963 3567 1005 3632 ad
1027 3569 1151 3633 Sullam

50 3653 51 3664 ¹
99 3667 273 3752 «optimates
294 3685 486 3758 arguerent3
511 3666 602 3756 quod
625 3669 651 3733 si
676 3667 809 3755 publico
826 3669 962 3733 consilio
981 3691 1049 3734 non
1068 3687 1152 3736 esset

101 3787 247 3854 ¹gestum,
266 3771 418 3836 nuntiare
433 3793 509 3852 vos,
529 3786 576 3846 et,
591 3767 704 3834 delatis
717 3791 850 3833 reorum
870 3770 1079 3850 nominibus,
1095 3793 1152 3835 su-

102 3870 248 3956 ·spicione
265 3873 403 3937 liberare
419 3871 581 3936 civitatem
596 3871 753 3960 oportuit.
767 3872 833 3936 Vos
848 3872 948 3961 igitur
962 3895 1031 3936 non
1047 3872 1152 3960 impe·

102 3969 157 4032 «rio
169 3985 292 4036 tantum
306 3995 397 4056 meo,
413 3971 471 4037 sed
485 3973 581 4037 etiam
597 3972 692 4037 saluti
710 3971 897 4053 insidiatos,
911 3994 1098 4061 quanquam
1111 3971 1153 4039 de

54 4031 56 4130 l
105 4075 266 4140 ‹sententia
281 4075 461 4140 amicorum
482 4073 642 4163 supplicio
658 4072 788 4140 afficere
803 4075 1002 4156 debueram,
1021 4073 1152 4138 duobus

106 4172 301 4242 *talentorum
315 4177 459 4242 millibus
470 4177 632 4252 ,mulctare
649 4178 745 4243 malo.
756 4209 769 4235 υ
781 4175 929 4264 Trepidis
944 4175 985 4240 ad
1000 4176 1085 4258 haec,
1103 4191 1155 4257 et,
