2875 4900
288 402 341 469 ΙΝ
372 402 484 471 LOC.
509 402 603 471 Llll.
630 404 699 472 XC
730 404 941 473 lelsNI.
1075 430 1146 501 atq

111 520 200 601 niam,
217 542 318 609 quum
338 544 374 586 se
393 523 529 587 rehtum
547 522 582 585 in
603 522 801 612 proscriptos
821 520 1001 606 didicisset,
1025 523 1145 591 bellum

109 621 211 708 ingens
224 623 423 693 excitaverat.
438 623 541 713 Igitur
553 638 593 687 nt
605 623 689 687 vires
703 624 735 687 ei
751 622 1037 703 subtraherentur,
1055 646 1148 687 sena·

109 722 316 805 tumnultu,
334 739 370 788 et
384 724 553 813 rogatione
568 724 693 787 Plautia
707 722 786 787 belli
805 722 945 812 lepidani
961 723 1061 811 gratia
1078 746 1146 812 pur-

108 823 273 888 nitentibns
296 828 400 909 facta,
421 823 612 913 reditusque
631 824 799 907 decretus,
820 826 959 889 maxime
983 825 1148 889 annitente

109 926 140 987 C.
149 925 281 1007 cesare,
297 926 357 1013 qui
368 924 560 989 concionem
575 946 674 1013 super
685 947 723 989 ea
736 948 772 989 re
784 924 917 1007 habuit,
933 925 1023 1013 quod
1040 928 1073 989 in
1093 948 1148 989 ea·

108 1022 173 1087 dem
186 1046 281 1089 eausa
303 1026 340 1089 L.
353 1024 472 1106 Cinna,
492 1025 602 1089 uxoris
618 1047 685 1089 sua
703 1026 819 1108 frater,
838 1041 930 1091 esset.
950 1025 1054 1116 igitur
1073 1026 1150 1091 civi·

107 1120 178 1185 lium
188 1146 352 1189 armorum
366 1124 479 1205 furias,
494 1124 615 1212 quibus
627 1125 697 1213 ipse
706 1124 796 1189 haud
810 1125 945 1189 leviores
956 1126 1149 1193 excitamus

108 1238 181 1304 erat,
192 1224 334 1289 multum
346 1241 545 1307 exsecratus,
558 1248 651 1291 orare
660 1226 770 1291 Patres
781 1226 892 1316 coepit,
903 1256 916 1283 ι
927 1242 964 1290 ut
976 1226 1150 1315 aliqnando

107 1322 170 1385 *bis
181 1324 272 1401 malis
288 1325 446 1389 terminus
460 1340 647 1414 poneretur.

143 1424 228 1488 xlx.
246 1424 324 1488 ·lra
335 1422 472 1489 deorum
485 1425 597 1489 multis
613 1426 655 1490 ab
670 1426 764 1491 annis
782 1426 824 1489 ita
840 1441 1085 1513 conquassatam
1102 1424 1152 1487 in·

106 1525 216 1588 ·tcmis
230 1524 446 1590 seditionibus
460 1526 712 1615 rempublicam,
728 1542 782 1607 ut,
800 1524 958 1614 siquidem
975 1524 1096 1589 diutius
1113 1546 1151 1587 ea

105 1621 234 1688 «durare
243 1624 346 1713 pestis
355 1624 488 1709 debeat,
498 1648 668 1691 necessum
678 1627 720 1694 sit
729 1626 837 1691 omnia
847 1646 952 1689 ruere.
963 1622 1152 1689 Desiderare

106 1724 241 1789 ·Urbem
261 1733 452 1790 ornamenta
465 1727 553 1814 pacis
566 1726 728 1814 bellique;
744 1724 924 1791 desidamus
942 1722 1153 1789 consiliorum

105 1825 384 1913 -anctoritatisque
402 1826 563 1915 principes
584 1827 707 1890 οιιιὶιιιι
724 1848 733 1892 :
752 1825 854 1890 multa
874 1823 1152 1912 prestantissima·

104 1946 192 1989 ·mm
202 1926 351 1990 virorum
363 1926 467 2013 capita
479 1948 538 2015 per
549 1928 800 2015 Damasippum,
814 1926 918 1991 multo
933 1922 1049 1989 deiude
1060 1923 1152 2010 plura

104 2046 176 2112 ·per
188 2026 312 2091 Sullam
327 2024 451 2109 decisa,
465 2049 539 2115 qun
552 2028 691 2092 velutin
708 2026 922 2116 opprobrium
933 2024 1069 2114 publicas
1084 2044 1154 2087 ser·

103 2125 228 2191 «vitutis
242 2126 442 2215 prollosuis
455 2127 628 2216 spectanda
640 2137 914 2217 proponerentur.
929 2126 1026 2191 Nunc
1042 2140 1151 2189 autem

103 2227 305 2291 «remittente
320 2226 494 2292 numinum
510 2227 750 2318 indignatione,
768 2229 901 2295 sublatis
919 2227 1038 2291 borum
1054 2224 1155 2289 scele-

103 2350 193 2393 ·mm
203 2328 412 2413 auctoribus,
425 2352 593 2395 necessum
605 2329 694 2395 haud
703 2352 789 2413 esse,
803 2345 841 2395 ut
850 2330 1098 2395 deterrimorum
1109 2325 1155 2387 vi·

102 2453 230 2496 morum
242 2430 407 2513 instituta,
418 2455 476 2519 per
486 2431 608 2520 probos
619 2448 652 2497 et
664 2431 922 2520 patriaamantes
935 2438 1154 2494 exerceantur.

142 2530 215 2597 XX.
226 2561 242 2588 ι
250 2533 367 2596 Donec
379 2555 492 2596 recens
502 2529 610 2597 adbuc
620 2531 818 2614 dominatio,
832 2547 866 2596 et
875 2529 1039 2597 dictatoris
1051 2544 1156 2593 terror

27 2702 28 2715 ,
102 2631 282 2717 eprimum,
300 2629 419 2696 deinde
440 2632 597 2697 memoria
618 2631 772 2714 valuerit,
790 2631 873 2698 lacta
895 2629 1041 2719 quedam
1060 2652 1078 2692 a
1098 2648 1155 2716 ge·

101 2731 286 2797 mentibus
313 2753 404 2813 esse,
426 2755 499 2819 quas
520 2732 744 2798 recordatione
766 2749 950 2821 temporum
976 2747 1155 2815 utcumque

101 2829 362 2897 ·defendantur:
380 2831 501 2920 siquid
518 2855 632 2898 eorum
652 2849 803 2921 practerea
820 2833 928 2915 lieret,
941 2833 1006 2912 jam
1028 2827 1154 2894 nullum

101 2933 265 2998 «colorem
275 2953 458 3020 superesse,
472 2933 552 3022 quin
559 2935 711 2999 consulto
723 2935 806 2998 facta
816 2932 1004 3012 medentur,
1018 2927 1154 2994 etmulti

102 3055 181 3120 ·pro
188 3055 265 3097 uno
272 3032 546 3098 Sullseexstitisse:
556 3033 598 3098 ita
609 3033 736 3100 nullum
746 3035 844 3098 alium
853 3033 953 3098 civilis
961 3030 1036 3096 belli
1047 3029 1155 3108 linem,

104 3133 183 3198 misi
198 3132 354 3198 eumdem
366 3149 399 3198 et
411 3134 554 3221 imperii,
574 3136 694 3222 spemri
713 3155 817 3223 posse.
836 3133 940 3223 igitur
961 3151 1157 3221 magnopere

104 3257 157 3297 ιω
176 3235 351 3299 consulere
371 3235 537 3316 Patribus,
555 3251 593 3299 ut
610 3233 801 3324 recipiendis
821 3235 855 3298 in
879 3232 1057 3312 civitatem,
1077 3231 1156 3296 abo·

104 3334 288 3425 -lendaque
296 3357 413 3400 eonun
425 3358 524 3416 noxa,
538 3336 595 3424 qui
605 3335 765 3424 Lepidum
775 3334 904 3423 sequuti
917 3355 1022 3421 nuper
1035 3349 1156 3413 essent,

107 3437 313 3500 minuerent
325 3435 435 3500 hostes
450 3437 577 3525 putriae,
592 3436 771 3525 darentque
786 3435 969 3525 exemplum
985 3433 1157 3510 omnibus,

107 3537 252 3602 -oemini
274 3559 417 3602 errorem
443 3559 540 3601 suum
564 3535 689 3618 fraudi,
716 3537 774 3602 sed
798 3553 925 3602 tantum
950 3535 1158 3624 pervicaciam

106 3635 212 3718 «lore3
230 3657 338 3723 neque
350 3652 498 3700 senatum
509 3638 589 3702 alios
605 3637 793 3702 habiturum
807 3659 869 3727 pro
880 3635 1043 3717 hostibus,
1062 3657 1159 3724 quam

107 3737 181 3823 ·qui
197 3734 363 3800 conciliari
379 3737 488 3824 patric
504 3737 619 3804 nolint.

146 3837 241 3902 m.
258 3835 416 3900 «Nullum
432 3836 566 3903 validius
582 3837 623 3902 ad
638 3839 860 3904 stabiliendam
875 3861 986 3928 pacem
999 3836 1162 3918 adjumen-

106 3953 198 4004 ·tum
215 3939 308 4018 fore3
323 3960 398 4004 nam
415 3937 527 4004 eadem
541 3961 638 4028 opera
651 3941 812 4022 Sertorio,
828 3957 860 4006 ct
875 3939 932 4028 qui
946 3939 997 4004 alii
1012 3961 1099 4002 arms
1113 3963 1162 4002 re·

107 4038 268 4119 ‹tineant,
283 4060 432 4128 magnam
450 4039 569 4104 virium
584 4057 708 4128 partem
729 4040 950 4122 decessurum,
964 4055 998 4104 et
1012 4039 1159 4104 camdem

106 4138 167 4204 -ad
183 4137 418 4230 rempublicam
436 4163 634 4206 accessuram
648 4165 727 4208 esse.
739 4175 751 4200 ι
764 4145 922 4207 Castorum
937 4155 1106 4230 postquam
1121 4140 1162 4206 ad
