2875 4900
254 424 304 491 IN
338 424 451 492 Loc.
477 424 569 492 LIB.
594 421 704 493 XCII
736 424 951 493 LIVIANI.
1063 422 1126 495 251
1187 516 1190 523 y

76 543 195 607 ·scelus
219 560 276 607 aut
298 544 463 607 avaritiam
483 528 619 625 cresum,
642 541 700 607 scd
719 544 883 608 volentem
904 566 964 632 pro
988 548 1133 611 maximis

75 642 256 707 «beneficiis
274 644 415 707 animam
434 643 522 708 dono
539 642 676 709 dedisse.

115 732 252 807 XXVII.
271 744 355 807 «Per
364 766 424 808 vos
441 744 556 833 igitur,
575 745 737 827 Quirites,
757 762 790 809 et
806 746 941 835 gloriam
956 747 1134 828 majorum,

75 846 227 909 «tolerate
241 845 391 925 adversa,
408 861 441 907 et
454 846 614 909 consulite
627 845 823 932 reipublieae.
838 846 942 910 Multa
956 866 1033 910 cura
1049 870 1137 911 sum·

75 969 149 1009 «mo
164 946 301 1034 Imperio
318 946 418 1027 inest,
437 944 530 1011 multi
553 947 701 1035 ingentes
721 946 866 1029 labores;
889 968 972 1034 quos
994 932 1133 1033 nequid·

75 1072 189 1136 ·quam
201 1049 358 1128 abnuitis,
373 1064 405 1112 et
418 1048 505 1136 pacis
517 1049 716 1136 opulentiam
729 1048 890 1135 quaeritis,
906 1069 1008 1136 quum
1021 1068 1134 1111 omnes

76 1149 284 1237 «provinciae,
301 1172 417 1238 regna,
433 1147 533 1212 maria
552 1165 727 1237 terraeque,
743 1172 854 1237 aspera
873 1163 929 1213 aut
945 1148 1027 1211 sessa
1042 1148 1134 1212 bellis

75 1252 191 1314 ·sint.·
218 1250 296 1315 Ilaec
319 1265 391 1313 tum
417 1272 477 1338 pro
501 1248 660 1313 concione
686 1248 772 1313 dicta
800 1262 1030 1313 memorantur.
1058 1248 1134 1329 Quo

75 1349 188 1413 deinde
201 1351 303 1439 magis
319 1350 491 1414 hominum
504 1351 605 1414 animi
618 1350 815 1432 lenirentur,
832 1349 977 1429 ejusdem
992 1349 1133 1414 consulIs

76 1452 139 1541 lege
152 1451 225 1531 jura
238 1450 386 1539 quedam
400 1451 540 1515 tribunis
556 1451 660 1547 plebis
673 1452 823 1515 restituta
838 1468 936 1534 sunt,
952 1452 996 1515 ita
1009 1466 1133 1532 tomen,

76 1570 186 1617 utnon
201 1570 268 1617 tam
280 1570 419 1641 potestas
433 1576 566 1635 eorum,
583 1578 681 1642 quam
698 1554 837 1643 dignitas
851 1570 1042 1643 augeretur;
1056 1553 1133 1643 legis

76 1654 243 1736 Corneliae,
260 1656 382 1718 caeteris
402 1654 627 1737 manentibus,
647 1655 803 1744 abrogato
819 1654 940 1741 capite,
963 1652 1052 1741 quod
1073 1653 1133 1717 tri·

76 1756 206 1819 bunitiis
223 1754 348 1819 aditum
363 1755 406 1819 ad
418 1754 555 1835 majores
570 1756 713 1819 honores
729 1756 942 1843 praeoluserat.

114 1858 266 1920 XXVIII.
288 1858 336 1920 Ea
358 1880 491 1945 quoque
515 1880 567 1921 res
592 1856 803 1921 contentione
829 1878 895 1919 non
919 1856 1041 1934 caruit3
1059 1853 1133 1936 sed,

77 1974 272 2047 repugnante
291 1958 479 2039 nobilitate,
502 1980 632 2021 summo
652 1956 763 2044 populi
786 1955 895 2021 studio
916 1955 1057 2042 perlecta
1075 1969 1134 2021 est.

77 2057 171 2145 Igitur
196 2073 230 2122 et
257 2057 299 2138 Q.
314 2058 483 2145 Opimius,
505 2059 562 2145 qui
585 2070 656 2122 tu'm
677 2058 829 2121 tribunus
849 2057 951 2145 legem
971 2056 1133 2121 Aureliam

77 2160 186 2241 suasit,
203 2157 294 2246 quod
309 2176 421 2223 contra
437 2160 480 2243 Q.
490 2160 594 2225 Catuli
611 2161 812 2224 voluntatem
828 2150 967 2239 dixe'rat,
984 2180 1071 2221 anno
1087 2180 1134 2221 se-

77 2276 189 2345 quente
205 2258 247 2323 ad
265 2260 436 2325 C.Verrem
455 2276 626 2349 praetorem
638 2260 673 2323 in
684 2258 844 2340 judicium
859 2257 1036 2339 adductus,
1049 2258 1133 2321 mul-

27 2431 28 2438 ,
76 2377 184 2450 ctaque
201 2361 242 2424 ab
260 2384 299 2424 eo
319 2360 419 2450 petita
435 2378 501 2443 est,
518 2361 622 2453 quod,
641 2385 739 2452 quum
761 2376 836 2425 esset
858 2358 1130 2450 tribunusplebis,

76 2479 179 2526 contm
194 2462 291 2552 legem
310 2463 486 2528 Cornelium
504 2466 728 2530 intercessdset.
748 2465 816 2528 Sub
836 2463 900 2526 hoc
918 2461 1056 2527 obtentu
1071 2485 1133 2550 po·

79 2581 173 2630 tentas
187 2581 221 2628 et
237 2566 342 2652 iniqui
357 2566 523 2645 homines,
538 2565 754 2629 scelestissimi
769 2565 914 2652 praetoris
929 2563 1022 2627 abusi
1039 2563 1135 2626 mini·

78 2668 184 2748 sterio,
198 2667 367 2732 hominem
380 2669 591 2731 innocentem
602 2667 699 2731 bonis
712 2683 812 2756 atque
827 2666 966 2730 fortunis
978 2664 1131 2730 omnihus

79 2784 239 2833 exuerunt.

109 2943 124 3003 ,I
140 2945 248 2992 mn.
265 2943 365 2992 sallum·-
378 2944 443 2992 nm.
453 2945 504 3001 tlt,
518 2942 544 2990 i·
556 2955 620 2991 orat.
634 2944 722 2992 ttnoet.
740 2969 776 2980 -
794 2943 846 2992 oto.
860 2959 907 3006 pro
920 2944 950 2990 C.
964 2943 1040 2989 Corn.
1055 2949 1079 2988 et
1094 2939 1129 2988 ibi

82 3028 488 3080 Iseon-Devariislectionibm
496 3045 558 3092 quas
566 3029 681 3078 exhibere
693 3040 776 3094 potest
788 3029 840 3076 huc
853 3028 945 3086 ontio,
958 3026 1015 3074 vide
1025 3035 1132 3073 nostram

82 3110 209 3161 Editiouem
220 3113 343 3173 Sallustii,
356 3129 383 3178 p.
393 3121 442 3171 ω
461 3123 487 3161 et
502 3129 557 3176 sqq.
566 3114 612 3160 llo.
625 3139 660 3150 -·
671 3112 687 3178 s
698 3113 821 3186 XXVIII.
832 3111 886 3160 Cic.
897 3111 923 3158 ln
933 3113 1004 3159 Ver-r.
1014 3111 1038 3168 1,
1049 3108 1095 3168 oo,
1107 3120 1131 3155 et

81 3190 111 3237 ild
120 3193 206 3243 boon.
