2875 4900
289 412 344 481 IN
373 410 492 479 LOC.
519 411 622 479 LIB.¹
646 410 739 477 CIII
771 412 990 483 LIVIANI.
1108 416 1181 500 463

96 528 266 620 pontfices
281 530 394 619 rosorn'
409 543 570 619 oportorc5
590 530 631 595 ab
647 530 717 612 his,
734 528 825 617 nefas
839 554 919 613 esse,
937 532 1105 600 decretum
1121 556 1181 605 est.

104 634 233 697 Deinde
246 650 377 697 senatus
389 637 593 721 quaestionem
606 632 647 695 de
656 630 789 721 pollutis
802 636 899 697 sacris
911 634 1093 707 habendam
1108 662 1184 703 cen·

102 736 189 815 suit,
204 734 405 822 consulesque
420 734 505 820 (jam
520 734 565 797 M.
581 734 705 821 Pupius
721 734 767 798 M.
784 735 822 798 F.
836 735 912 798 Piso
928 736 1182 824 Calpurnianus,

103 838 150 901 Μ.
169 838 315 900 Valerius
337 838 383 900 M.
400 837 436 899 F.
455 836 602 899 Messalla
620 836 721 924 Niger
736 835 918 923 iniverunt)
933 841 1128 927 rogationem
1144 867 1183 906 eo

102 938 142 1000 'de
155 960 189 1001 re
192 937 402 1027 promulgare
413 938 519 1018 jussit.
537 940 645 1001 Caesar
657 960 815 1019 uxorem,
832 954 921 1001 tanta
935 958 1122 1028 coopertam
1134 945 1184 1007 in·

103 1038 218 1119 famia,
236 1037 369 1102 dimisit.

150 1140 269 1205 XXVI.
294 1140 408 1221 Quum
432 1138 551 1203 deinde
575 1139 615 1203 de
640 1139 816 1227 provinciis
840 1139 995 1204 ornandis
1015 1161 1182 1231 ageretur,

101 1243 138 1305 C.
154 1241 320 1323 Antonio,
340 1241 398 1329 qui
415 1241 516 1304 multa
533 1240 637 1303 facere
654 1240 774 1321 injuste
791 1256 824 1305 et
840 1240 1035 1305 illiberaliter
1053 1243 1183 1311 diceba·

103 1359 179 1423 tur,
199 1364 367 1406 successor
385 1340 540 1423 dabatur,
560 1341 594 1403 ni
611 1341 726 1404 fuisset
741 1364 760 1403 a
777 1341 934 1404 Cicerone
947 1339 1110 1410 defensus.
1130 1346 1184 1411 Sic

102 1444 156 1507 ille
174 1443 401 1507 Macedoniam
418 1443 573 1524 retinuit3
595 1442 635 1523 Q.
651 1441 802 1504 Metellus
824 1441 960 1505 Galliam
979 1442 1182 1528 citeriorem,

103 1546 141 1608 C.
160 1545 335 1609 Pontinius
351 1544 617 1633 Transalpinam:
635 1542 813 1629 utrobique
830 1541 953 1606 bellum
970 1561 1055 1625 erat,
1072 1563 1183 1613 ortum

103 1662 278 1710 auctumve
292 1670 332 1713 ex
348 1646 573 1725 conjuratione
589 1642 782 1725 catilinam,
800 1658 832 1706 et
845 1642 1012 1709 Helvetios
1029 1646 1121 1710 novis
1135 1670 1185 1712 re-

104 1748 165 1811 bus
180 1748 313 1812 studere
326 1748 513 1811 nuntiatum
525 1746 565 1809 ab
578 1746 685 1809 sociis.
698 1745 806 1833 Igitur
816 1760 947 1807 senatus
961 1748 1105 1828 censuit,
1117 1752 1181 1830 uti,

103 1850 294 1936 quicumque
310 1847 453 1913 Gallium
456 1850 658 1937 procinctum
671 1846 822 1910 ohttitemt
829 1846 943 1933 ,quod
952 1850 1116 1913 commodo
1127 1854 1185 1914 rei·

95 1948 238 2035 publicae
246 1948 365 2036 fatuo
375 1964 499 2037 posset,
516 1948 642 2011 AEduos
659 1964 849 2035 coetetosque
866 1950 986 2012 amicos
999 1950 1115 2038 populi
1128 1975 1182 2017 ro·

103 2053 197 2113 moni
207 2048 400 2137 defenderet.

147 2152 287 2217 XXVII.
306 2154 342 2216 C.
363 2153 468 2215 Caesar
490 2152 679 2240 Hispaniam
700 2152 904 2233 citeriorem,
922 2154 964 2234 Q.
987 2154 1113 2218 Tullius
1128 2155 1184 2219 Ci-

104 2276 179 2316 cero
198 2252 327 2333 Asiam,
348 2252 453 2316 sortiti
474 2251 701 2316 obtinuerunt.
725 2254 814 2315 Dum
837 2254 897 2316 ista
919 2255 1058 2318 maxime
1076 2254 1183 2339 liunt,

105 2354 282 2441 Pompeius
304 2352 345 2416 ad
366 2353 490 2416 Urbem
511 2354 617 2433 venit,
641 2376 708 2416 non
732 2370 771 2417 ut
793 2355 941 2441 plerique
958 2354 1182 2442 crediderant,

104 2473 268 2536 armatus,
287 2456 343 2520 sed
366 2440 530 2520 Brundisii
552 2454 710 2536 dimisso,
738 2456 784 2519 sic
809 2472 915 2520 tamen
939 2472 977 2519 ut
994 2457 1036 2521 ad
1054 2475 1182 2550 tempus

104 2557 262 2647 triumphi
280 2573 399 2647 praesto
416 2573 518 2638 esset,
542 2557 694 2622 exercitu.
717 2557 827 2620 Vitare
850 2557 1013 2621 invidiam·
1030 2576 1063 2623 et
1080 2578 1184 2626 certa·

103 2661 191 2724 mina
212 2661 392 2740 maluerat,
409 2681 482 2746 quae
501 2673 640 2745 utraque
657 2658 832 2746 praegravia
851 2673 885 2720 et
901 2658 1016 2722 acerba
1031 2660 1182 2727 immine·

103 2765 183 2829 bant
196 2789 204 2830 ε
218 2789 294 2830 nam
308 2787 381 2852 quae
396 2779 479 2827 esset
497 2764 646 2826 omnium
665 2761 707 2826 de
724 2763 818 2826 Marii
837 2762 998 2850 Sullaeque
1016 2766 1093 2828 actis
1106 2790 1183 2830 sen-

103 2867 225 2946 tentia,
241 2889 308 2928 non
324 2864 513 2954 ignorabat3
528 2865 805 2950 movebaturque,
822 2863 913 2951 quod
923 2883 957 2928 et
969 2866 1016 2928 M.
1027 2867 1182 2952 Crassus,

103 2989 179 3030 cum
194 2966 304 3030 liberis
321 2981 354 3030 et
368 2965 533 3055 pecuniis,
548 2967 638 3030 velut
651 2967 716 3030 vim
732 2967 879 3054 Pompeii
892 2966 1027 3049 timens,
1041 2991 1082 3032 ex
1094 2971 1184 3036 Urbe

102 3069 311 3158 profugerat3
324 3083 358 3132 et
368 3071 466 3149 Cato,
478 3068 734 3156 haudquaquam
747 3067 950 3156 spernendus
962 3069 1181 3151 adversarius,
1282 3121 1289 3146 ,

102 3186 174 3234 tum
198 3170 277 3233 alios
300 3170 481 3258 principes,
503 3185 575 3234 tum
595 3171 735 3234 maxime
755 3169 950 3251 Lucullum,
971 3170 1012 3235 ad
1030 3175 1184 3240 resisten-

102 3272 184 3337 dum
201 3272 360 3360 Pompeio
378 3273 549 3337 excitabat.
1061 3339 1070 3350 .

147 3374 304 3438 XXVIII.
320 3373 462 3455 Ferunt,
478 3375 612 3438 Catonis
634 3390 758 3438 tantam
779 3372 845 3452 jam
866 3391 938 3438 tum
962 3376 1063 3441 fuisse
1082 3379 1183 3443 Pom·

103 3475 167 3564 peii
188 3475 404 3538 aestimatione
424 3475 669 3557 auctoritatem,
691 3492 729 3539 ut
750 3474 792 3539 ad
811 3476 902 3540 bunc
921 3480 1182 3564 conciliandum,

102 3575 164 3640 sibi
182 3573 317 3661 filioque
331 3573 412 3639 duas
429 3577 561 3640 Catonis
580 3577 783 3665 propinquas
800 3578 835 3639 in
852 3580 1100 3646 matrimonium
1122 3607 1182 3672 pe·

103 3691 206 3759 (επις
230 3674 487 3764 repudiatusque
501 3700 520 3741 a
534 3679 659 3742 Catone
676 3694 743 3754 est,
764 3677 822 3765 qui
841 3680 1005 3765 parasium
1022 3682 1091 3762 ejus
1106 3684 1183 3746 Mu·

102 3777 231 3842 natium
248 3778 402 3842 nuntiare
414 3779 571 3866 Pompeio
586 3779 705 3860 jussit,
723 3777 876 3842 Catonem
882 3777 1095 3868 perfemiuos
1109 3785 1186 3871 oapi

141 4013 159 4078 s
175 4013 334 4062 nuuc.
343 4014 444 4076 691;A.
455 4012 483 4062 C.
494 4011 601 4078 (In-S
611 4013 709 4062 XXVI.
717 4015 775 4062 DIo.
786 4015 926 4062 -Sueton
934 4015 1138 4083 —PInt.—Cic.
1150 4018 1183 4066 ul

105 4111 185 4160 Atrio.
198 4111 224 4168 1,
242 4111 655 4160 13.-nnrtsn.Scot.-Arcon.
671 4109 697 4156 iu
708 4093 800 4157 Milon.⁴
810 4108 987 4172 -sxxvtn
999 4110 1051 4159 Cic.
1063 4111 1096 4159 ed
1104 4077 1189 4163 Attio..

108 4197 136 4255 1,
147 4195 220 4258 93de
234 4198 308 4246 Prov.
319 4196 394 4246 Cous.
404 4211 459 4261 cap.
473 4196 517 4254 13,
527 4193 592 4244 etad
603 4193 724 4254 Frmibv,
734 4192 759 4240 6.
767 4219 802 4231 -
812 4191 876 4240 Cer.
889 4191 920 4241 de
929 4193 957 4241 B.
966 4192 1032 4245 Gall.
1042 4195 1067 4254 1,
1079 4211 1094 4244 a
1105 4197 1184 4248 0135.
