2875 4900
242 402 288 485 44
413 400 480 468 JO.
507 397 844 470 FREINSHEMII
876 397 1120 469 SUPPLEM.

285 521 357 586 Vll.
370 519 474 586 Simul
484 521 586 586 multa
596 519 638 584 de
649 520 832 609 republica,
844 520 947 584 multa
957 517 1000 582 de
1011 518 1078 582 suis
1087 516 1212 598 injuriis
1222 535 1303 605 que·

242 640 327 705 stus,
340 637 427 688 reste
438 623 589 704 lacerata,
605 621 646 686 de
658 623 812 687 tribunali
824 620 959 703 desiliit,
970 635 1018 701 et,
1029 619 1063 682 in
1077 617 1216 684 mediam
1225 640 1303 686 con·

240 722 368 787 cionem
382 723 481 788 misso
494 745 649 810 corpore,
664 722 723 790 diu
732 723 833 804 jactut
844 721 955 805 humi3
969 720 1075 786 donec
1089 720 1228 810 permoti
1240 721 1304 784 mi·

241 821 430 904 sericordia‚
442 823 499 911 qui
514 823 665 906 aderant,
682 839 856 890 erexerunt
865 823 1049 904 hominem,
1064 837 1098 898 et
1108 822 1143 886 in
1152 837 1306 912 naggesto

239 939 474 1011 reposuerunt,
488 923 687 1014 redditisque
696 926 883 1006 lictoribus,
898 923 1109 990 bonosnimo
1121 945 1191 988 esse
1198 923 1305 1004 jusse-

240 1037 342 1086 runt:
359 1046 411 1099 se,
427 1023 626 1114 ubicumque
641 1048 724 1114 opus
736 1043 837 1108 esset,
849 1025 992 1114 auspicia
1006 1026 1077 1104 ejus
1092 1041 1301 1113 sequuturos.

241 1121 311 1186 Hac
326 1123 534 1219 Inclinatione
546 1125 635 1217 vulgi
647 1149 706 1192 usa
718 1149 793 1216 pars
805 1127 1015 1192 uibuuomm
1029 1141 1124 1190 antea
1133 1142 1303 1214 corrupta,

241 1224 430 1290 conscendit
445 1225 603 1310 tribunal,
619 1243 887 1317 sacramentoque
903 1226 1009 1308 dicto,
1024 1249 1102 1291 suos
1114 1226 1253 1314 quisque
1268 1227 1305 1290 in

240 1324 339 1389 verba
355 1325 390 1390 L.
402 1325 514 1392 Cinnae
528 1328 670 1394 consulIs
686 1328 804 1418 adegit.

285 1423 374 1491 VIII.
390 1427 518 1510 Quibus
530 1429 627 1495 rebus
641 1430 808 1520 perlectis,
822 1429 946 1495 circum
959 1427 1058 1493 urbes
1068 1427 1232 1492 sociorum
1242 1425 1308 1492 dis·

242 1526 359 1610 currit,
376 1528 434 1616 qui
449 1551 554 1618 nuper
563 1547 656 1596 erant
669 1532 704 1596 in
716 1531 876 1596 civitatem
888 1532 958 1621 lege
967 1529 1053 1594 lulia
1067 1529 1205 1618 recepti,
1218 1551 1306 1616 quo-

242 1649 384 1716 cumque
402 1629 599 1714 adrenisset‚
617 1633 672 1698 tali
690 1632 794 1697 ferme
814 1630 962 1696 oratione
978 1651 1058 1694 usus
1074 1652 1083 1694 :
1101 1628 1307 1694 «Consulem

241 1729 379 1816 «populi
399 1732 543 1814 romani,
565 1754 608 1798 an
622 1754 701 1798 vero
723 1732 868 1801 aculem
891 1730 1005 1796 advos
1019 1731 1145 1796 venisse
1164 1728 1307 1818 putetis,

243 1828 416 1913 «interest,
443 1833 537 1899 sires.
560 1834 658 1898 Illum
681 1835 765 1898 mihi
786 1833 948 1900 honorem
969 1831 1071 1898 libera
1092 1832 1212 1897 civium
1234 1831 1308 1896 suf·

242 1929 364 2020 sfragia
390 1929 571 2016 dederunt3
602 1934 687 2000 hanc
712 1936 879 1999 fortunam
905 1949 1020 2022 captus
1046 1931 1307 1998 adversariorum

242 2033 409 2120 «potentia
423 2050 553 2100 senatus
573 2034 730 2124 imposuit
748 2059 757 2100 t
775 2057 851 2100 cum
867 2049 940 2099 utra
958 2049 1050 2123 parte
1066 2054 1125 2098 vos
1142 2032 1308 2114 sentiatis,

242 2135 391 2198 «tametsi
404 2134 554 2202 dubitare
569 2159 637 2202 non
651 2137 806 2219 debeam,
821 2136 906 2200 malo
920 2151 1029 2200 tamen
1042 2134 1183 2199 exvobis
1196 2156 1308 2198 coram

242 2257 470 2326 «cognoscere.
490 2237 571 2304 Mihi
587 2261 663 2304 sane
683 2262 770 2306 curae
787 2236 944 2325 cordique
959 2237 1038 2319 fuit,
1055 2251 1112 2318 ut,
1128 2258 1201 2323 quae
1212 2236 1310 2300 vobis

242 2359 417 2403 «concessa
438 2336 576 2428 dataque
593 2340 713 2406 dieitur
734 2340 862 2421 elritaa,
882 2338 950 2418 ejus
971 2337 1044 2419 jure
1061 2336 1310 2424 commodisque

243 2467 257 2492 ι
266 2460 341 2501 rere
353 2437 543 2506 frueremIni
556 2465 564 2507 :
579 2464 686 2532 neque
702 2442 867 2508 veteribus
884 2438 1009 2505 civibus
1030 2438 1112 2503 meis
1127 2436 1197 2503 lieri
1218 2436 1309 2519 inju-

244 2537 347 2601 «riam
365 2539 475 2621 rebar,
497 2542 524 2605 si
540 2564 599 2632 per
618 2564 671 2607 me
693 2544 847 2608 effectum
867 2556 969 2622 esset,
985 2557 1024 2605 ut
1037 2539 1227 2621 vobiscum,
1243 2540 1312 2606 hoc

244 2654 333 2719 nest,
349 2661 425 2703 cum
440 2642 549 2707 unicis
567 2646 778 2735 cognatisque
794 2644 880 2726 suis,
895 2642 1002 2707 stabili
1017 2663 1096 2731 psee
1112 2656 1212 2732 atque
1226 2662 1312 2705 con-

244 2768 257 2795 ·
267 2738 377 2803 cordia
393 2742 619 2809 coalescerent.

288 2840 347 2905 IX
362 2870 375 2895 s
384 2840 447 2907 Sed
456 2842 579 2928 videte,
591 2861 712 2934 quanta
722 2845 765 2909 sit
777 2845 951 2911 hominum
961 2844 1130 2933 iniquitas,
1144 2856 1313 2931 etquanta

244 2940 385 3007 «invidia
400 2966 407 3009 :
425 2946 548 3011 nullam
570 2948 679 3037 potius
700 2948 861 3011 civitatem
885 2968 997 3027 suam,
1019 2965 1118 3033 quam
1138 2944 1312 3008 vobiscum
1398 2954 1410 2985 ²

244 3068 335 3110 sesae
356 3067 583 3129 communem,
600 3050 726 3114 volunt.
748 3047 841 3114 Idem
863 3048 917 3111 ille
938 3062 1086 3128 senatus,
1108 3043 1201 3125 eujus
1219 3066 1313 3110 nunc

244 3176 257 3200 ι
267 3168 387 3211 nomen
402 3148 631 3215 scelestissimis
642 3148 785 3215 consiliis
796 3148 1033 3238 prescribitur,
1046 3146 1145 3235 paulo
1157 3160 1232 3211 ante
1240 3168 1315 3210 sen·

247 3262 368 3329 «serat,
387 3270 454 3313 non
469 3250 528 3315 alia
545 3251 670 3317 ratione
683 3249 816 3315 retineri
831 3250 1025 3339 imperium,
1042 3238 1154 3337 pacari
1165 3246 1312 3329 ltaliam,

248 3376 261 3403 ι
271 3348 389 3412 servari
406 3348 528 3415 Urbem
549 3373 662 3438 posse,
685 3374 783 3439 qtram
800 3352 829 3417 si
844 3349 1023 3416 fidelissimi
1039 3349 1221 3428 sociorum,
1237 3346 1315 3412 data

246 3448 413 3531 «civitate,
436 3451 472 3515 in
497 3450 644 3517 eamdem
667 3475 797 3517 causam
822 3452 1098 3541 pertraherentur.
1121 3449 1222 3536 Atqui
1246 3447 1316 3512 hoc

246 3548 457 3631 «consilium,
476 3574 580 3639 quum
604 3575 671 3617 non
693 3551 840 3641 prudens
862 3549 963 3617 modo
981 3566 1015 3615 et
1032 3551 1235 3629 humanum,
1254 3548 1315 3613 sed

247 3681 261 3707 ι
271 3650 366 3715 etiam
383 3650 459 3717 felix
474 3652 604 3736 fuisset,
624 3676 730 3743 eoque
744 3670 840 3744 pacto
857 3653 974 3719 sociale
995 3653 1118 3717 bellum
1135 3649 1177 3715 ad
1196 3666 1317 3715 tenues

247 3782 261 3807 ι
269 3750 436 3817 redactum
448 3752 598 3842 reliquias
607 3772 690 3821 esset
703 3778 710 3821 :
723 3756 872 3822 exstitere
880 3770 1006 3831 umen,
1017 3751 1075 3840 qui
1084 3774 1143 3842 per
1152 3772 1316 3815 summam

248 3854 510 3942 simprobitatem
526 3857 657 3922 turbare
673 3858 852 3948 composita
867 3857 1018 3937 mallent,
1032 3875 1130 3943 quam
1143 3851 1247 3916 turbis
1261 3850 1319 3915 de·

248 3990 260 4012 ι·
270 3958 444 4026 sideratum
462 3960 521 4025 diu
536 3958 635 4027 finem
649 3964 830 4052 Imponere.

283 4140 300 4213 s
312 4142 369 4191 vlt.
380 4142 443 4195 Veli.
453 4144 490 4204 Il,
501 4160 543 4192 ao.
557 4170 591 4184 ·-
602 4144 710 4211 Appius.
