2875 4900
311 382 365 450 IN
392 381 505 449 Loc.
531 381 624 449 LIB.
654 384 741 449 XCI
771 378 985 453 le‘lANl.
1113 390 1182 461 235

118 518 173 566 cst.
191 502 256 565 Per
271 502 340 565 baec
361 517 508 588 tempora
528 498 723 564 continuum
738 500 807 565 fere
825 526 900 567 cum
918 505 1097 573 Thracibus
1113 510 1183 574 bel-

116 605 182 665 lum
208 618 297 682 erat,
323 616 482 690 perpetuo
499 601 741 666 incursantibus
763 604 998 670 Macedoniarn.
1018 608 1060 671 Et
1077 632 1181 697 quan·

115 729 211 793 quant
226 705 344 769 acriter
354 727 373 766 a
390 703 554 767 Dolabella
566 704 722 791 repressi,
734 704 996 794 justissinrusque
1010 708 1050 773 de
1065 711 1103 774 iis
1120 712 1182 777 du-

114 822 184 870 ctus
197 805 387 893 triumphus
399 820 485 885 erat,
501 826 577 867 cum
590 807 652 891 Ap.
664 805 801 869 Claudio
812 828 996 873 successore
1008 811 1182 877 Dolabellas

114 909 241 988 multis,
259 906 318 971 sed
334 906 457 970 levibus
473 906 589 993 praeliis
604 923 851 971 concurrerunt.

153 1010 263 1073 xxtt.
280 1008 410 1091 Quibus
420 1008 530 1089 victis,
544 1006 684 1097 Appius,
698 1030 758 1097 per
768 1008 958 1097 rhodopaeas
970 1029 1098 1101 gentes,
1111 1036 1180 1077 nta-

112 1132 176 1198 gno
188 1132 267 1174 curu
279 1110 389 1173 labore
400 1110 434 1172 in
446 1110 606 1173 Sarmatas
622 1102 728 1197 usque
739 1112 895 1198 pervenit.
908 1112 972 1177 Sed
983 1113 1069 1178 inter
1078 1136 1182 1203 asper·

111 1211 207 1274 rimas
222 1224 350 1299 gentes,
366 1210 424 1272 ubi
437 1232 513 1273 cum
526 1208 632 1273 Medis
646 1210 733 1275 varie
744 1210 927 1294 dimicavit,
941 1216 1026 1278 curis
1042 1232 1074 1280 et
1087 1217 1178 1307 regri·

111 1309 226 1374 tudine
242 1311 393 1398 fatigatus
403 1310 438 1373 in
454 1310 608 1373 morbum
621 1310 752 1393 Incidit,
766 1334 806 1376 ex
822 1336 889 1401 quo
902 1316 998 1379 estin
1012 1318 1177 1403 provincia

111 1428 273 1477 mortuus.
292 1413 360 1476 lam
379 1414 491 1475 Romae
504 1414 566 1476 Cn.
585 1413 737 1477 Octavius
754 1414 799 1477 M.
815 1416 850 1479 F.
864 1416 922 1478 Cn.
937 1416 978 1480 N.
993 1418 1030 1480 C.
1048 1418 1178 1483 Scribo-

111 1514 183 1577 nius
208 1512 312 1576 Curio
333 1512 537 1577 consulatum
562 1530 761 1601 acceperant.
780 1514 865 1577 Tum
886 1516 1096 1581 Reatinorum
1115 1519 1178 1582 im-

111 1612 236 1701 provisa
247 1610 352 1676 clades
366 1613 401 1675 in
414 1612 600 1702 prodigium
615 1636 724 1677 versa:
740 1614 861 1702 quippe
878 1631 970 1679 terrae
986 1632 1080 1681 motu
1093 1618 1176 1684 aedes
1212 1690 1214 1693 ,

110 1736 203 1777 sacrae
226 1715 261 1778 in
285 1713 408 1803 oppido
428 1715 578 1803 agrisque
602 1731 794 1797 commotae,
816 1738 907 1797 satta,
929 1717 1048 1804 quibus
1067 1719 1174 1785 forum
1255 1710 1258 1717 ¹

108 1832 244 1879 stratum
258 1832 344 1897 erat,
359 1815 520 1896 discussa,
533 1833 648 1904 pontes
665 1818 858 1905 interrupti,
875 1818 953 1905 ripae
964 1816 1100 1883 labentis
1112 1818 1176 1884 IIu-

110 1917 203 1980 minis
222 1918 256 1981 in
279 1940 395 2004 aquam
412 1918 609 2005 provolutae,
629 1918 779 1982 fremitus
800 1918 919 1981 inferni
942 1917 1083 1981 exauditi
1102 1920 1175 1983 lire·

108 2034 196 2083 rant:
216 2020 328 2107 paucis
351 2018 468 2082 abinde
491 2018 625 2099 diebus,
645 2042 716 2106 quoe
737 2040 893 2083 concussa
910 2034 1020 2093 eraut,
1042 2040 1173 2083 corrue·

48 2120 55 2132 '
107 2135 203 2183 runt:
221 2141 335 2183 saxum
350 2120 460 2184 rivum
479 2142 580 2207 quum
598 2119 852 2207 provolveretur,
873 2139 939 2182 non
957 2118 1026 2181 sine
1039 2134 1174 2205 stupore

105 2221 277 2284 visentium
303 2222 336 2284 in
360 2222 513 2309 praecipiti
535 2242 618 2307 rupe
638 2220 805 2283 immobile
828 2221 923 2284 stetit.
941 2217 1039 2282 Aliud
1055 2216 1173 2281 deindo

106 2322 291 2385 nuntiatum
311 2322 497 2409 prodigium
514 2336 581 2400 est,
598 2320 689 2408 quod
710 2320 880 2384 scintillam
892 2343 917 2391 ‚e
934 2320 1021 2384 stella
1038 2318 1170 2401 cadere,

105 2438 135 2486 et
150 2423 263 2511 augeri
285 2438 376 2486 terroe
399 2422 732 2512 appropinquantem,
749 2445 786 2486 ac
802 2438 973 2511 postquam
994 2422 1079 2486 lunoe
1102 2444 1171 2486 ma·
1253 2499 1254 2504 γ

104 2523 275 2612 gnitudine
292 2527 374 2588 lacta
397 2539 498 2604 esset,
514 2525 656 2588 illuxisse
678 2546 739 2587 ceu
757 2523 871 2586 nubilo
888 2523 958 2604 die,
975 2523 1050 2587 dein
1065 2546 1168 2611 quum

104 2625 135 2686 in
154 2626 270 2689 caelum
285 2648 319 2688 se
335 2625 510 2710 reciperet,
528 2625 708 2712 lampadem
725 2625 841 2688 factam
858 2625 892 2689 L.
911 2625 1026 2688 lunius
1042 2624 1171 2690 Silanus

102 2728 280 2812 proconsul
295 2750 371 2790 cum
389 2727 545 2789 comitatu
561 2748 621 2788 suo
637 2725 769 2790 viderat.

143 2828 272 2892 XXIII.
296 2828 367 2891 Hoc
390 2827 474 2891 forte
498 2849 667 2914 nunquam
691 2843 784 2891 antea
809 2829 914 2890 risum
937 2843 1168 2890 annotatumve

104 2930 203 2993 morit
218 2929 350 3009 Patres,
364 2945 403 2990 ut
415 2927 457 2991 de
468 2928 630 3015 Sibyllinis
644 2929 841 2992 carmInibus
854 2928 1041 3017 colligendis
1053 2929 1164 2992 referri

99 3031 270 3112 juberent,
289 3031 464 3118 quoniam,
482 3029 572 3118 quod
593 3052 707 3092 eorum
730 3043 926 3092 asservatum
948 3030 981 3090 in
1006 3029 1166 3115 Capitolio

102 3131 224 3215 fixerat,
241 3131 393 3195 incendio
407 3131 484 3195 tedis
499 3131 584 3196 illius
600 3147 831 3219 consumptum
848 3145 924 3194 erat.
942 3133 979 3192 In
995 3151 1063 3192 eam
1082 3130 1166 3218 lega·

102 3235 222 3298 tionem
246 3233 282 3298 P.
303 3231 480 3311 Gabinius,
499 3231 553 3296 Μ’.
578 3231 750 3312 Otacilius,
774 3233 809 3294 L.
832 3230 976 3292 Valerius
998 3229 1083 3293 lecti.
1107 3231 1165 3293 His

103 3337 268 3424 negotium
281 3333 393 3397 datum
404 3382 413 3414 ,
425 3348 463 3396 ut
476 3333 631 3420 Erythras
644 3333 804 3421 praecipue
817 3331 962 3412 adirent,
980 3353 1052 3419 quoe
1064 3333 1165 3419 patria

102 3433 225 3524 Sibyllae
247 3434 434 3515 dicebatur,
454 3433 495 3497 ad
515 3433 744 3514 describenda,
768 3455 839 3520 quae
861 3433 906 3496 ibi
926 3456 986 3521 pro
1004 3433 1166 3522 Sibyllinis

103 3535 350 3600 celebrarentur.
367 3535 430 3598 Per
445 3535 506 3598 hos
520 3535 664 3622 aliosque
681 3535 778 3622 (narn
796 3552 828 3598 et
844 3535 940 3598 Samo
957 3535 1103 3621 quaedam
1119 3538 1165 3599 al·

102 3635 157 3699 lata
171 3653 272 3716 sunt,
289 3652 322 3698 et
336 3637 412 3716 Ilio,
429 3659 489 3723 per
504 3636 645 3698 Africam
663 3636 759 3698 etiam
779 3653 810 3699 et
825 3637 981 3716 Siciliam,
998 3653 1030 3700 et
1047 3637 1164 3700 italicas

102 3739 259 3818 colonias,
277 3737 372 3800 etiam
389 3760 407 3799 a
423 3737 555 3823 privatis
572 3736 775 3823 conquisita)
787 3759 923 3826 mugnus
936 3737 1092 3800 librorum
1105 3759 1165 3798 nu-

130 3961 146 4026 s
158 3965 231 4012 xxl.
241 3963 339 4011 Sallust.
349 3991 384 3998 —
394 3966 466 4012 Oros.
475 3991 510 4000 -
518 3964 624 4027 Appiam
634 3990 668 3999 -
680 3965 733 4012 cic.
748 3981 794 4027 pro
807 3965 922 4019 Foutho,
936 3979 958 4008 o.
972 3963 1000 4017 3,
1010 3973 1034 4006 ct
1044 3961 1070 4005 in
1080 3961 1160 4008 Piton.

100 4061 216 4108 c.19.-
229 4046 283 4094 niv.
293 4048 360 4110 Epir.
374 4075 408 4082 -
422 4049 525 4120 Eutrop.
539 4073 573 4082 -
586 4049 642 4095 Sex.
658 4048 714 4095 ttut
727 4073 761 4082 -
776 4045 826 4094 JuI.
838 4045 928 4106 Obscq.
942 4069 976 4079 -
993 4043 1055 4090 Flor.
1070 4042 1121 4098 111,
1135 4049 1160 4098 d.

101 4153 130 4162 -
140 4127 156 4192 S
168 4131 251 4177 xxn.
262 4129 293 4176 U.
303 4129 332 4178 C.
343 4130 408 4192 o7o;
422 4132 453 4178 Α.
463 4131 491 4178 C.
504 4131 545 4192 76.
559 4157 594 4166 -
608 4130 670 4177 run.
682 4132 720 4187 II,
736 4131 778 4178 35.
788 4155 823 4166 -
836 4127 904 4191 ngr.
919 4125 1008 4174 Aunal.
1023 4125 1083 4186 677.
