2875 4900
285 374 354 446 ste
401 335 404 339 ⁵
438 377 507 443 ιο.
534 366 893 443 rasrnsnmn'r
925 374 1180 443 supatru.

280 502 403 579 jectura
415 497 541 586 potius,
556 516 654 583 quam
670 496 802 576 notitia,
821 494 913 559 sedes
928 495 1142 584 assignantur.
1155 496 1236 559 Nam
1249 510 1329 558 atate

283 599 449 663 Strabonis
472 584 643 661 Germania
661 595 888 659 Transalbiana
911 618 1044 683 prorsus
1070 612 1138 659 erat
1160 595 1330 683 incognita;

284 723 386 788 quum
410 699 541 763 Tacitus
566 698 736 777 scriberet,
760 698 786 761 is
811 718 943 784 quoque
966 684 1082 761 fluvius
1109 696 1188 759 adiri
1213 696 1252 757 ab
1273 696 1331 757 Ilo·

283 801 385 863 manis
411 798 574 887 nequibat.
603 798 726 861 Plinius
744 812 852 861 autem
871 796 1009 861 Varinos
1029 794 1246 860 Vandalorum
1268 795 1332 865 fecit

283 916 417 987 partem.

327 1000 448 1064 XVIII.
466 998 567 1079 Paulo
589 998 724 1061 certiora
744 1014 841 1081 sunt,
856 1022 929 1085 quse
951 998 993 1062 de
1009 999 1160 1087 gentibus
1176 998 1217 1062 ad
1232 999 1332 1061 Danu·

283 1102 375 1165 bium
397 1101 567 1188 scriptores
589 1099 684 1186 prisci
711 1098 923 1165 tradiderunt.
950 1101 998 1163 Ex
1020 1100 1071 1163 his
1093 1098 1332 1164 Hermunduro-

284 1224 358 1265 rum
375 1218 478 1281 terra,
494 1199 586 1263 Albis
602 1214 678 1263 ortu
694 1215 821 1282 notata,
841 1216 874 1263 et
888 1200 1003 1265 ricinia
1018 1202 1219 1266 Semnonum
1236 1202 1334 1264 Catto-

284 1323 435 1388 rumque,
445 1298 640 1386 quibuscum
651 1298 692 1363 de
701 1298 875 1365 fluvioSaPa
882 1323 1001 1391 magno
1010 1302 1120 1390 praelio
1130 1300 1334 1381 decertarunt,

285 1400 393 1465 minus
414 1399 602 1488 ignoratur3
619 1400 770 1465 Misniam
787 1418 821 1465 et
838 1402 999 1466 Bohemise
1017 1418 1140 1492 partem
1160 1404 1276 1483 fuisse,
1292 1404 1334 1465 in·

285 1500 376 1565 ditiis
385 1501 446 1564 illis
458 1500 703 1566 declarantibus.
714 1504 731 1566 J
733 1518 810 1565 uxta
819 1501 1068 1567 Hermunduros
1079 1502 1200 1579 Narisci
1209 1552 1219 1587 ‚
1229 1501 1334 1567 deinde

285 1602 507 1666 Marcomanni
532 1618 566 1665 et
588 1601 695 1684 Quadi
719 1601 867 1691 agebant.
894 1603 1044 1667 Nariscos
1060 1602 1274 1667 Voitlandiam
1291 1624 1335 1664 su-

285 1705 511 1791 perioremque
520 1703 733 1767 Palatinarum
744 1703 895 1767 habuisse
907 1719 1040 1791 putant,
1055 1725 1130 1767 cum
1143 1702 1336 1767 'lbansdanu-
1393 1756 1394 1763 ,

284 1806 377 1868 biana
396 1804 527 1869 boiariae
548 1805 709 1892 portione.
733 1804 801 1867 Nec
823 1804 983 1869 absonum
1001 1822 1068 1885 est,
1085 1804 1126 1867 ab
1142 1804 1193 1867 his
1210 1826 1276 1867 esse
1291 1824 1335 1865 vo·

285 1907 437 1970 cabulum
452 1906 597 1994 regioni,
623 1928 720 1992 quam
735 1906 950 2000 Nordgariam
964 1922 1097 1987 vocant,
1117 1928 1222 1994 quum
1237 1906 1276 1968 ab
1292 1904 1334 1965 in·

284 2008 427 2071 colarum
442 2007 540 2095 vulgo
557 2006 667 2070 Narra
682 2007 879 2071 nominetur.

328 2109 419 2173 XIX.
434 2109 611 2172 Moraviam
624 2107 863 2172 Marcomannis
879 2108 978 2173 fuisse
991 2110 1145 2197 patriam,
1159 2110 1333 2197 priusquam
1393 2134 1394 2175 3

286 2212 319 2273 in
330 2195 525 2274 ‘bohemiam
546 2207 783 2298 immigrarent,
803 2210 857 2272 vix
877 2208 1053 2285 dubitatur.
1071 2210 1129 2273 His
1149 2208 1252 2273 ferme
1269 2228 1335 2271 con·
1393 2198 1394 2293 l

282 2311 377 2400 jungi
395 2309 586 2392 Quadorum
604 2309 692 2373 natio
710 2310 807 2391 solet,
824 2309 865 2373 ad
881 2310 1067 2374 Danubium
1085 2309 1208 2374 flumen
1224 2310 1334 2373 colens:
1393 2320 1394 2331 ¹

288 2411 440 2477 Morariae
459 2410 641 2497 Silesiaeque
663 2426 808 2500 partem,
825 2408 943 2476 deinde
966 2411 1129 2476 Austriam
1153 2410 1333 2487 obtinuisse,

287 2534 355 2577 non
371 2513 480 2600 inepta
495 2512 679 2592 conjectura
693 2513 903 2577 existimatur.
923 2512 1077 2599 Superest
1093 2513 1255 2576 orientalis
1268 2511 1336 2574 Ger·
1393 2561 1394 2604 ,

286 2613 400 2678 mania
412 2613 538 2702 portio,
554 2635 618 2699 qua
632 2613 832 2677 Pannoniam
850 2613 1073 2700 Sarmatasque
1084 2613 1282 2700 respiciebat.
1297 2609 1335 2670 Ex
1393 2631 1394 2684 i

286 2713 337 2777 his
353 2712 507 2801 Marsigni
522 2713 676 2801 Buriique
688 2714 818 2778 suevico
835 2735 983 2777 sermone
996 2715 1176 2801 habituque
1190 2712 1336 2778 testaban-

287 2829 342 2875 tur
357 2813 537 2902 0riginem3
564 2812 727 2878 Gothinos
753 2813 881 2902 gallica,
908 2815 992 2878 Osos
1014 2815 1198 2902 pannonica
1221 2815 1335 2902 lingua,
1393 2811 1394 2816 ’

288 2931 368 2978 teste
383 2915 511 2994 Tacito,
526 2916 720 3004 coarguebat
732 2937 799 2978 non
814 2937 882 2979 esse
892 2915 1089 2996 Germanos,
1099 2931 1132 2978 ct
1141 2916 1219 3002 quia
1231 2913 1336 2978 tributa

287 3015 501 3102 patiebantur.
519 3015 641 3078 Omnes
655 3039 701 3079 eae
714 3031 825 3105 gentes
842 3031 930 3105 terga
946 3016 1251 3080 Marcomannorum
1260 3015 1336 3094 Qua-

287 3113 472 3202 dorumque
498 3115 709 3198 claudebant,
737 3117 822 3180 inter
845 3115 906 3179 bos
929 3133 962 3180 et
989 3117 1145 3181 Sarmatas
1165 3112 1334 3200 intercepti;

286 3231 326 3279 ut
348 3216 465 3280 Silesiae
489 3216 705 3305 Moraviaeque
732 3233 855 3305 partem
879 3217 1038 3282 habitasse
1058 3233 1229 3307 appareat;
1247 3211 1336 3278 burlis

287 3315 382 3377 etiam
398 3315 439 3379 ad
455 3316 611 3380 Vistulam
630 3316 758 3380 fluviam
775 3318 1021 3405 pertinentibus.

330 3414 403 3477 XX.
432 3416 472 3478 At
496 3433 570 3502 post
593 3417 654 3479 lros
676 3417 851 3505 Lygiorum
873 3419 982 3482 multae
1007 3419 1146 3482 civitates
1169 3417 1212 3482 ad
1236 3419 1336 3481 Danu·

288 3514 396 3596 bium,
414 3537 479 3601 qua
495 3539 585 3581 nunc
598 3519 736 3582 Austrioe
751 3519 988 3609 Hungarioeque
1002 3535 1090 3583 trans
1103 3540 1232 3583 amnem
1245 3530 1336 3606 partes
1393 3587 1394 3608 ,

288 3616 497 3696 incoluntur,
515 3617 579 3681 late
594 3634 783 3683 tenuerunt.
801 3621 912 3702 Arios,
936 3619 1154 3703 Helveconas,
1171 3619 1336 3691 Maniaios,
1393 3637 1394 3642 ¹

289 3717 435 3805 Elysios,
450 3717 647 3782 Naharvalos
674 3738 769 3784 retus
793 3738 866 3784 aetas
890 3722 1076 3810 appellavit,
1098 3743 1235 3809 sequens
1251 3717 1336 3783 oblita
1393 3711 1394 3716 ’

289 3836 348 3884 est.
371 3818 563 3884 Gotbonum
582 3819 695 3903 sedes,
716 3843 799 3909 quos
822 3839 854 3886 et
879 3824 1039 3887 Guttones
1065 3823 1229 3903 scribunt,
1249 3815 1337 3883 succi·
1393 3891 1394 3894 Ἴ

292 3943 372 3984 num
397 3919 556 4004 ostendit,
582 3921 672 4009 quod
695 3938 822 3986 tantum
839 3925 1013 3988 Prutenico
1029 3925 1123 3988 litore
1138 3924 1271 4014 legitur:
1287 3919 1335 3980 hos

290 4020 441 4086 Vandalis
463 4022 630 4111 adscripsit
652 4023 796 4104 Plinius3
819 4026 999 4114 Ilugiorum
1025 4026 1128 4091 insula
1153 4023 1241 4096 sedes
1263 4015 1334 4084 anti·
