2875 4900
233 407 285 474 IN
314 407 550 474 LOCLIB.
579 407 751 475 XCVIII
782 409 994 477 LIVIANI.
1081 408 1151 509 349

92 527 196 606 ramis,
219 527 308 589 velut
332 525 463 614 publica
488 526 749 614 comploratione
774 529 936 616 populum
964 529 1148 601 movebant.

91 629 170 690 Cotta
181 626 299 691 deinde
312 649 416 715 pauca
429 649 492 715 pro
501 649 536 691 se
547 628 707 714 loquuto,
723 628 809 692 etad
821 631 936 717 populi
948 630 1078 710 jussum
1091 655 1151 695 vo-

91 747 190 811 rante,
208 752 345 819 surgens
362 729 489 810 Carbo,
506 730 629 818 «Capi,
646 730 773 817 inquit,
792 729 997 813 Heracleam,
1017 755 1085 795 non
1100 755 1153 797 ex·

91 831 201 895 ·scindi
213 832 368 912 jussimus
381 865 404 894 ».
577 899 580 908 ,

126 934 233 999 LXIV.
248 935 326 997 Aliis
340 955 475 1021 quoque
489 937 619 998 Cottam
634 934 877 1016 incusantibus,
894 936 1060 1023 praecipuo
1074 937 1151 1000 Car-

90 1033 172 1098 bonis
186 1033 295 1098 studio
312 1034 485 1099 damnatus
502 1053 561 1099 est.
581 1036 703 1099 Exsilio
721 1051 830 1100 tamen
847 1038 1002 1119 remisso,
1021 1056 1152 1103 senato·

89 1133 136 1196 riis
147 1135 327 1224 insignibus
340 1137 461 1218 caruit,
480 1135 680 1201 Heracleotis
698 1159 776 1226 ager
792 1155 991 1226 portusque,
1012 1157 1044 1204 et
1062 1143 1153 1229 quod

89 1235 117 1298 in
132 1237 206 1300 mari
219 1238 301 1317 juris
315 1238 515 1320 habuerant,
532 1238 720 1321 redditum3
743 1240 921 1326 civitasque
940 1241 1041 1305 libera
1063 1267 1153 1329 esse,

89 1353 116 1400 et
128 1340 188 1402 suis
204 1341 253 1402 uti
268 1340 412 1428 legibus,
426 1339 514 1419 jussa
528 1356 587 1404 est.
602 1342 644 1403 At
662 1340 819 1404 Lucullus
840 1341 1035 1428 imperator,
1052 1345 1151 1424 rebus

89 1441 223 1527 gerendis
243 1443 409 1524 intentus,
425 1465 494 1505 non
513 1443 611 1505 armis
628 1442 748 1523 modo,
765 1441 822 1505 sed
836 1443 969 1521 justitiae
988 1460 1021 1507 et
1032 1447 1151 1514 huma-

89 1542 183 1607 nitatis
192 1543 401 1608 blaudissima
410 1545 440 1607 vi
452 1546 611 1608 Barbaros
621 1543 802 1634 subigebat.
814 1544 1053 1631 Tigranocertis
1070 1550 1153 1612 mul·

90 1657 128 1704 tas
145 1646 267 1708 nobiles
289 1645 427 1709 seminas
452 1661 560 1733 captas
575 1646 806 1709 honestissime
823 1644 981 1709 habuerat
996 1670 1003 1710 :
1021 1671 1080 1736 per
1094 1651 1151 1714 has

89 1747 179 1809 mariti
198 1771 310 1812 earum
328 1745 462 1811 adducti
481 1748 610 1812 suntin
627 1747 748 1830 Iidem3
766 1769 849 1834 quos
869 1747 954 1810 inter
969 1749 1151 1818 Antiochus

89 1847 304 1941 commagenae
326 1873 383 1914 rex
406 1851 488 1925 fuit,
514 1866 546 1913 et
569 1850 701 1939 regulus
725 1849 870 1914 Arabum
895 1849 1151 1917 Alchaudonius.

88 1949 231 2016 Armeniae
243 1975 379 2041 quoque
393 1953 504 2015 rnultae
519 1965 626 2040 partes
642 1972 676 2013 se
691 1947 903 2029 dediderunt,
921 1949 1151 2037 Sophenorum

89 2067 146 2116 tota
161 2056 265 2135 natio,
285 2071 318 2117 et
334 2054 417 2143 regis
435 2054 486 2117 sui
503 2073 614 2115 casum
632 2051 748 2114 acerbe
764 2051 905 2113 ferentes
922 2050 1100 2139 Gordyeni.

123 2155 214 2221 LXV.
238 2156 418 2220 Zarbieuus
439 2155 467 2218 is
489 2155 613 2235 fuerat,
629 2153 696 2233 jam
716 2168 754 2216 ut
769 2151 995 2240 praediximus,
1013 2176 1071 2242 per
1088 2157 1150 2243 Ap.

87 2255 243 2322 Claudium
270 2256 447 2338 adjunctus
469 2256 629 2337 Lucullo,
651 2270 686 2318 et
708 2255 773 2317 hoc
798 2254 953 2336 crimine,
977 2270 1149 2342 postquam

87 2376 129 2420 res
143 2360 269 2446 prodita
286 2374 355 2440 est,
373 2359 414 2422 ab
431 2358 572 2446 Tigrane
589 2357 815 2444 interemptus.
838 2356 922 2418 Huic
939 2356 1082 2444 insignes
1097 2381 1151 2420 ex·

88 2462 200 2546 sequias
226 2461 384 2526 Lucullus
411 2460 510 2541 fecit,
534 2461 673 2523 aurbum
697 2460 875 2547 sordemque
894 2458 1012 2547 populi
1026 2462 1154 2523 romoni

87 2563 248 2647 appellans,
263 2579 588 2649 monumentumque
606 2561 725 2624 locavit
739 2559 1059 2648 splendidissimum:
1074 2587 1149 2627 nam

88 2659 116 2721 in
134 2663 291 2729 thesauris
309 2665 379 2744 ejus
402 2664 474 2728 auri
490 2663 682 2752 argentique
700 2684 854 2751 magnam
875 2663 941 2726 vim
966 2682 1149 2752 repererat3

88 2780 222 2848 praterea
244 2766 371 2831 conditi
395 2766 430 2829 in
451 2764 578 2829 horreis
600 2763 758 2827 frumenti
779 2762 1022 2827 medimnorum
1042 2766 1149 2829 tricies

88 2880 206 2931 centena
219 2868 331 2932 millia.
347 2866 495 2957 Cognitis
511 2863 631 2929 deinde
644 2886 760 2953 regum
774 2863 815 2927 ad
830 2864 1001 2927 Phraatem
1016 2866 1150 2953 legatio·
1192 2944 1197 2953 Ι

88 2966 187 3047 nibus,
208 2973 280 3061 ipse
301 2993 434 3059 quoque
453 2969 618 3034 sociorum
635 2967 814 3030 nonnullos
830 2966 870 3030 ad
888 2989 965 3029 eum
982 2967 1091 3048 misit,
1111 2983 1149 3032 ut

88 3069 242 3137 amicitiam
257 3074 288 3137 ei
305 3094 474 3136 romanam
491 3069 657 3133 utiliorem
672 3068 758 3132 bello
773 3068 844 3147 fore
860 3066 1079 3133 ostenderent.
1127 3085 1132 3093 ¹

122 3172 228 3239 LXVI.
241 3174 401 3255 Parthus,
413 3158 563 3259 utrisque
574 3193 633 3258 spe
644 3168 805 3233 societatis
818 3168 900 3231 clam
913 3167 1013 3249 sacta,
1026 3168 1149 3257 legatos

89 3267 201 3339 dimisit
225 3274 356 3340 Deinde
373 3296 476 3363 quum
498 3273 616 3336 missus
632 3271 802 3335 aLucullo
820 3270 971 3335 Sextilius
988 3271 1148 3354 venisset,

88 3372 178 3439 tirum
193 3378 366 3441 militarem
383 3375 425 3439 ad
442 3365 678 3465 speculandum
695 3372 838 3462 regionis
853 3372 1038 3458 viriumque
1054 3372 1149 3436 habi·

89 3486 146 3539 turu
158 3481 328 3544 accessisse
338 3478 520 3567 suspicatus
530 3524 540 3558 ,
552 3496 659 3561 neque
672 3474 832 3562 promissa
846 3472 1003 3536 Romanis
1015 3473 1149 3557 auxilia,

88 3595 180 3664 neque
200 3596 316 3645 contra
334 3602 391 3644 eos
408 3579 540 3669 regibus
558 3576 667 3656 misit3
686 3574 796 3663 quod,
813 3574 874 3637 illis
892 3576 979 3637 inter
994 3596 1064 3639 sese
1080 3574 1148 3638 bel·

88 3674 234 3765 lantibus,
259 3682 322 3747 sibi
348 3680 565 3746 certissimum
589 3700 665 3741 cum
690 3678 863 3741 securitate
888 3677 1148 3741 emolumentum

88 3780 295 3861 pollicebatur.
314 3784 431 3870 Neque
453 3780 615 3871 impunita
632 3780 662 3843 ei
687 3778 805 3842 astutia
834 3792 1000 3857 maneret,
1021 3777 1055 3839 ni
1081 3777 1148 3840 Lu·

89 3881 152 3945 culli
164 3886 311 3949 animum
325 3884 453 3975 ignavia
468 3899 501 3947 et
516 3882 634 3948 seditio
651 3881 798 3944 militaris
810 3877 1019 3943 destituisset.
1034 3878 1148 3959 Quum

117 4084 234 4149 sirm.
252 4094 312 4142 nio.
328 4120 364 4130 -
376 4093 433 4141 ra.
454 4092 569 4151 star,
591 4099 620 4152 t.
641 4099 665 4145 a.
684 4065 718 4127 -’-
737 4090 865 4137 Memnon.
884 4114 919 4127 -
937 4085 953 4150 s
974 4086 1066 4134 triv,
1083 4084 1149 4133 rtur.

90 4192 117 4203 ⁴-
127 4172 245 4237 Xipbilin.
257 4204 294 4213 -
303 4177 368 4235 Dio,
385 4177 429 4227 lib.
438 4177 550 4224 XXXV.
