2875 4900
288 365 359 448 284
461 363 1171 433 10.FRE1NSHEM118UPPLEtt.
1320 369 1336 424 t

284 483 463 572 «quoniam
480 506 602 565 essem,
617 484 658 547 ab
675 484 786 571 aliquo
803 499 891 547 certe
907 483 1012 546 Iactus
1031 505 1146 546 essem
1162 483 1200 546 Id
1216 501 1347 566 autem,

285 617 299 642 ι
308 587 401 666 cnjus
415 586 605 673 potentiaet
614 607 693 674 ego,
709 601 743 647 et
755 580 916 670 quidquid
929 599 996 662 est,
1013 604 1073 645 nec
1089 582 1130 645 ab
1143 605 1178 647 se
1195 584 1268 671 ipso
1281 603 1345 668 est,

284 688 557 766 «exstitissemus,
573 708 642 748 non
659 684 749 748 alind
765 685 943 774 intelligere
960 699 1124 772 poteram,
1142 708 1240 773 quarn
1255 687 1346 774 quod

284 787 403 852 «video
416 787 475 851 Dei
489 787 702 874 appellatione
721 784 808 874 apud
823 809 937 850 omnes
953 787 1087 851 censeri.

328 889 404 951 XX.
422 888 528 950 ·Nam
546 887 670 950 etiamsi
688 886 857 974 plerasque
872 885 958 975 apud
971 903 1083 976 gentes
1101 889 1286 977 complures
1301 889 1345 953 dii

284 989 481 1069 ·‚coluntur;
498 1002 606 1051 tamen
619 987 873 1076 sapientissimus
884 988 1024 1075 quisque
1039 987 1176 1052 deorum
1194 989 1345 1054 omnium

283 1112 410 1154 «unum
430 1112 541 1178 regem
556 1105 749 1177 patremque
771 1089 891 1170 credit,
909 1111 1012 1176 aquo
1031 1087 1223 1170 descendat,
1246 1090 1345 1177 quid·

284 1187 389 1277 «quid
401 1188 565 1254 inferioris
583 1188 708 1253 ordinis
729 1206 796 1271 est,
819 1213 886 1254 non
905 1205 1065 1278 potestate
1087 1212 1162 1254 cum
1184 1191 1259 1272 illo,
1276 1215 1344 1256 non

283 1321 297 1346 ι
307 1304 422 1352 natura
430 1289 695 1378 comparandum.
707 1291 752 1354 Ut
760 1290 860 1380 igitur
869 1289 958 1354 haud
966 1291 1075 1387 inepte
1084 1288 1224 1354 dubitari
1234 1309 1344 1380 quest,

281 1407 480 1478 «quamam,
500 1415 572 1479 quse
587 1391 622 1455 in
643 1393 709 1456 hoc
726 1392 802 1456 Iano
822 1392 941 1455 colitur
953 1393 1083 1473 Venus,
1098 1391 1217 1472 valeat,
1237 1416 1345 1480 quan·

280 1508 401 1579 «taque
423 1492 465 1556 sit
489 1494 587 1573 hujus
609 1493 673 1557 loci
699 1492 930 1572 sanctimonia5
955 1491 1001 1556 sic
1023 1491 1120 1554 etiam
1145 1493 1344 1580 experientia

279 1609 448 1674 -oonstat,
466 1616 574 1682 neque
596 1593 712 1658 rationi
729 1593 922 1681 rehagntur,
939 1614 1009 1656 esse
1028 1592 1168 1680 aliquam
1185 1594 1343 1672 majorem

279 1692 444 1758 ·humana
458 1711 668 1784 potestatem,
684 1717 757 1782 quae
774 1694 970 1776 defuturis,
988 1695 1155 1758 autetiam
1173 1697 1343 1782 praesenti-

279 1794 364 1858 «hus
383 1795 425 1859 ita
448 1813 576 1860 movent
595 1797 768 1860 hominum
787 1813 929 1876 mentes,
946 1813 985 1861 ut
1004 1796 1059 1858 illo
1077 1795 1210 1858 stimulo
1225 1794 1343 1859 admo·

278 1895 392 1976 «nitae,
409 1919 478 1960 non
495 1897 654 1960 inclinent
669 1896 770 1961 modo
789 1895 828 1960 ad
845 1895 1062 1976 credendum,
1082 1896 1139 1960 sed
1155 1897 1268 1978 etiam,
1287 1921 1343 1985 pe-

280 1996 390 2060 ·nitus
405 1997 449 2059 ita
464 2019 500 2059 se
515 2019 584 2059 rem
599 1996 737 2078 habere,
756 2019 817 2084 pro
833 2013 922 2058 oerto
938 2013 1171 2084 compertoque
1187 1997 1342 2063 habeant.

277 2127 290 2152 ι
300 2097 381 2160 Mihi
400 2119 476 2160 sane
494 2096 537 2158 ita
555 2119 645 2160 nuno
659 2097 797 2160 affectus
812 2112 859 2160 est
872 2096 1014 2178 animus,
1029 2114 1066 2162 ut
1084 2097 1276 2164 decoritate
1294 2123 1342 2164 re·

277 2221 391 2277 «rum,
407 2221 479 2284 quae
500 2198 581 2261 mihi
603 2221 662 2285 per
679 2200 823 2285 quietem
846 2214 923 2262 sunt
945 2213 1098 2279 ostensae,
1117 2199 1227 2264 minus
1244 2202 1341 2264 etiam

278 2329 292 2354 «
302 2299 450 2363 dubitare
465 2300 606 2386 possim,
624 2317 927 2388 quantumcumque
940 2301 1087 2364 inhibere
1100 2305 1269 2366 assensum
1284 2327 1341 2367 co·

276 2432 289 2456 a
300 2425 376 2483 ner,
393 2425 491 2490 qnam
507 2401 631 2484 dehis,
648 2425 721 2491 quae
738 2425 827 2469 nunc
842 2403 956 2468 videns
971 2402 1171 2491 vigilansque
1185 2405 1282 2469 facio.
1294 2436 1307 2461 ι

321 2506 411 2567 XXI.
433 2506 509 2567 Iltec
527 2504 635 2593 agenti
651 2527 727 2567 cum
748 2505 874 2585 amicis,
893 2504 973 2568 dum
995 2502 1103 2568 adhuc
1125 2502 1339 2590 loquebatur,
1377 2500 1383 2509 ’

276 2620 534 2690 supervenerunt
545 2603 586 2666 ab
597 2604 658 2667 llio
669 2606 793 2686 nuntii,
809 2604 962 2669 tredecim
976 2618 1162 2692 conspectas
1171 2626 1243 2668 esse
1255 2606 1341 2695 regis

275 2704 543 2792 quinqueremes,
561 2707 743 2787 Lemnum,
765 2707 822 2771 ubi
845 2705 986 2793 prefecti
1011 2705 1118 2769 classis
1137 2704 1179 2768 ad
1203 2728 1340 2769 ancoras

275 2805 420 2885 stabant,
442 2805 606 2892 petituras.
628 2807 732 2896 Igitur
751 2828 891 2896 propere
906 2822 1053 2886 erectus,
1066 2806 1152 2869 inter
1165 2798 1338 2870 Tenedum

275 2923 309 2971 et
324 2908 516 2970 Achoeorum
537 2908 709 2971 stationem
731 2908 843 2995 praelio
864 2907 1055 2987 commisso,
1080 2905 1261 2987 Isidorum,
1280 2910 1341 2994 qui

273 2998 409 3072 nivibus
431 3008 492 3071 illis
510 3024 662 3096 preerat,
683 3008 865 3091 interfecit,
888 3030 984 3073 naves
1002 3012 1125 3071 omnes
1139 3008 1234 3094 cepit.
1254 3008 1338 3071 Inde

273 3108 354 3172 mari
369 3108 474 3197 AEgeo
494 3110 654 3173 lemnum
671 3108 836 3197 profectus
857 3108 898 3173 ad
915 3126 1061 3173 caeteram
1078 3108 1209 3173 classem
1232 3132 1337 3197 expu-

272 3208 454 3298 gnandam,
471 3211 504 3274 io
529 3210 655 3275 deserta
674 3211 799 3291 insula,
816 3210 874 3275 uhi
894 3210 1080 3275 Philocteta
1098 3232 1207 3273 casum
1224 3233 1338 3275 aeneus

271 3332 421 3397 serpens,
440 3334 600 3400 arcusque
616 3327 649 3375 et
663 3312 767 3375 fasciis
780 3312 920 3401 illigatus
937 3311 1053 3375 thorax
1068 3310 1245 3391 indicabat,
1260 3334 1338 3398 pne·

270 3408 374 3473 fectos
397 3411 502 3500 regios
524 3410 750 3499 deprehendit.
769 3412 837 3477 Ne‘c
855 3412 926 3477 elici
942 3410 983 3477 nd
1003 3434 1146 3499 pugnam
1163 3428 1336 3499 poterent,

270 3508 510 3598 subductasque
525 3511 567 3588 ad
582 3513 676 3576 litora
694 3534 808 3593 naves,
823 3512 972 3578 tabulatis
986 3525 1203 3598 superstantes
1216 3512 1337 3576 acriter

272 3609 499 3675 defendebant.

312 3713 419 3777 XXII.
439 3713 563 3777 Multus
578 3714 624 3776 ibi
640 3713 732 3778 labor
748 3714 903 3781 Romanis
918 3713 997 3792 fuit,
1017 3713 1184 3798 multaque
1197 3711 1335 3775 vulnera

269 3830 414 3901 accepta,
431 3814 508 3900 quia
522 3814 716 3880 inherentes
728 3816 815 3879 litori
830 3836 942 3895 naves,
959 3836 977 3877 a
991 3810 1241 3891 fluctuantibus,
1260 3828 1334 3876 tan-

269 3938 366 4003 qunm
385 3912 508 3979 firmata
529 3916 561 3977 in
581 3916 686 3979 stabili
704 3917 775 3981 solo
796 3916 939 3996 castella,
960 3914 1021 3977 levi
1041 3930 1073 3976 et
1096 3912 1186 3976 irrito
1210 3930 1332 3978 conatu

302 4104 317 4171 5
331 4106 403 4156 xxt.
415 4104 479 4155 Plus.
490 4108 517 4153 in
529 4106 643 4161 Lucullo,
657 4122 711 4170 cap.
722 4108 763 4153 23.
774 4132 809 4141 -
818 4107 947 4153 Memnon.
962 4132 996 4143 -
1009 4106 1117 4169 Appiam
1128 4104 1245 4153 Mithrid.
