2875 4900
295 376 364 451 386
435 391 439 395 “
472 380 541 446 JO.
568 375 907 447 FREINSHEMII
939 373 1183 443 SUPPLEM.

336 502 409 569 Vll.
426 499 489 565 Sed
509 501 624 566 Crasso
641 497 788 563 damnati
803 518 879 559 eum
894 496 1121 576 renuntiante,
1133 498 1347 583 quumelloe·

292 607 390 669 niano
411 618 597 691 praetextam
613 620 737 688 ponere
750 613 944 685 pretorem,
960 596 1041 661 dum
1059 597 1226 661 sententiae
1240 596 1349 687 din'ge·

291 722 425 785 rentur,
449 702 686 791 conspexissem
711 698 800 761 misit
819 697 977 779 adeum,
1001 698 1058 785 qui
1079 697 1216 779 diceret,
1235 721 1267 764 se
1284 714 1350 761 aue

290 808 529 873 damnationem
538 808 668 893 perum,
686 824 743 867 neo
755 802 840 865 bona
850 823 910 865 suo
922 801 1026 865 ltastae
1035 799 1149 889 subjici
1150 823 1243 887 posse
1256 824 1268 863 .·
1282 822 1348 889 pro·

291 911 446 995 linusque
462 920 614 991 correpto
626 900 776 982 sudario,
791 900 884 989 quod
896 902 983 966 forte
993 900 1178 966 habebatin
1192 901 1347 980 manibus,

291 1026 323 1075 et
333 1012 367 1076 in
380 1033 417 1074 os
429 1008 552 1073 inserto
565 1004 749 1069 interclusit
764 1003 893 1090 spiritui
905 1002 1002 1067 riam.
1016 1001 1150 1083 Cicero,
1163 1025 1199 1065 re
1213 1001 1348 1091 cognita,

292 1112 373 1175 nihil
392 1109 432 1174 de
453 1131 493 1173 eo
515 1104 747 1194 pronuntiavit.
769 1105 819 1169 lta
835 1103 1068 1192 patrimonium
1091 1101 1160 1166 lilio
1179 1103 1192 1189 (
1200 1103 1349 1167 Calvusis

290 1213 370 1292 tuit,
386 1209 541 1299 precipui
555 1230 633 1271 mox
650 1206 794 1272 nominis
810 1205 938 1291 orator)
954 1205 1099 1269 inusitati
1115 1205 1255 1292 exempli
1271 1226 1349 1267 mors

289 1312 389 1401 patris
403 1308 615 1377 conservavit.
626 1308 760 1375 Manilia
771 1308 841 1395 lege
856 1308 995 1397 perlate,
1012 1322 1144 1371 senatus
1156 1307 1191 1371 iu
1206 1308 1297 1371 illum
1310 1308 1351 1369 in·

289 1410 450 1481 flammata
464 1425 541 1474 sunt
560 1409 654 1489 odia3
676 1409 735 1473 sed
751 1422 955 1476 sacrosancta
971 1407 1136 1487 majestate
1152 1422 1263 1473 tutum
1278 1408 1349 1471 nilu'l

288 1516 419 1577 interim
442 1527 623 1601 potuerunt
644 1510 763 1574 laetlere
779 1533 787 1573 ε
802 1526 915 1573 exacto
936 1508 1122 1573 tribunatus
1139 1524 1289 1597 tempore
1303 1531 1349 1571 ac·

289 1630 421 1681 cusator
433 1628 657 1699 comparatam,
671 1610 713 1675 ad
725 1610 893 1675 Ciceronis
903 1610 1048 1676 tribunal
1059 1632 1134 1675 eum
1148 1610 1235 1678 forte
1251 1626 1349 1699 postu·

286 1715 373 1781 lavit.

333 1817 424 1882 Vlll.
443 1814 593 1901 iniquius
609 1834 684 1877 cum
701 1835 760 1877 reo
773 1812 876 1899 egisse
889 1812 1004 1877 Cicero
1016 1811 1212 1893 ridebatur3
1225 1835 1348 1901 praesen

288 1919 347 1981 tim
365 1914 456 2005 quod
476 1916 564 1979 enise
586 1930 715 2002 tempus
735 1911 776 1977 ad
795 1912 1020 1977 defensionem
1040 1913 1240 1999 postulanti,
1259 1935 1349 1979 unam

286 2016 516 2083 tantummodo
533 2014 621 2109 diem
637 2030 850 2079 concesserat
864 2013 918 2077 Ol)
928 2034 999 2077 eam
1015 2035 1086 2077 rem
1102 2029 1215 2101 raptus
1233 2014 1275 2081 ad
1288 2017 1348 2079 llo·

287 2136 351 2183 stra
366 2142 385 2183 a
401 2117 559 2196 tribunis,
577 2132 610 2179 et
624 2114 784 2179 invidiose
800 2113 841 2177 ad
858 2115 1020 2202 populum
1036 2114 1226 2198 traductus,
1245 2133 1348 2206 postu·

286 2220 349 2283 lata
363 2217 543 2297 audientia,
559 2239 676 2305 semper
687 2239 718 2279 se
737 2238 865 2303 equum
881 2238 922 2279 ac
939 2216 1110 2303 benignam
1123 2220 1260 2297 rniert‘s,
1277 2240 1348 2307 qua·

286 2336 374 2385 tenus
381 2344 443 2408 per
451 2318 532 2406 leges
544 2316 662 2397 liceret,
667 2315 775 2406 foisse
788 2317 949 2384 ostendit:
960 2318 1102 2384 eamdem
1112 2320 1349 2386 benevolentiam

288 2422 324 2488 C.
334 2422 471 2488 Manilio
481 2432 636 2512 prestare
649 2418 798 2499 voluisse,
816 2430 853 2483 ut
863 2433 1026 2484 anteeant
1041 2418 1141 2500 da’em,
1155 2441 1234 2508 quoe
1248 2421 1350 2486 sotici

280 2541 433 2611 praeturae
445 2537 624 2610 superesset,
635 2522 801 2611 judicium
812 2532 989 2608 ageretur:
1004 2543 1104 2608 neque
1117 2526 1202 2588 emin
1212 2523 1349 2612 favento

288 2647 367 2703 etse,
387 2625 435 2688 od
446 2623 528 2689 altio
542 2627 649 2713 potito
658 2624 806 2712 proeton's
821 2623 987 2687 arbitrium
1003 2625 1209 2710 quaesttimem
1223 2628 1348 2715 aficere.

330 2726 388 2790 lx.
413 2726 488 2792 Haec
511 2723 621 2790 audita
643 2723 779 2791 mirifice
799 2723 991 2811 opinionem
1011 2726 1103 2814 vulgi
1124 2742 1348 2804 mutarerunt5

287 2826 465 2914 faustisque
480 2825 766 2890 acclamationibus
780 2841 933 2912 exceptus
945 2824 1074 2907 Cicero,
1091 2842 1125 2890 et
1138 2844 1274 2918 rogetus
1292 2843 1348 2902 est,

285 2943 324 2994 ut
338 2929 463 2994 Manilii
478 2927 727 3015 amplecteretur
744 2947 885 2992 causam.
902 2928 1011 3014 Atque
1028 2927 1082 2992 ille
1103 2931 1223 3016 populi
1240 2928 1347 2996 studiis

285 3031 395 3112 letus,
415 3031 513 3096 simul
530 3029 578 3094 uti
596 3029 789 3116 Pompeium
806 3025 1044 3109 demereretur,
1063 3029 1106 3093 de
1127 3030 1261 3119 integro
1276 3053 1348 3095 oon·

286 3132 380 3196 oione
398 3130 525 3212 habita,
544 3130 661 3194 acriter
673 3129 706 3192 in
726 3151 907 3217 paucorum
923 3129 1119 3216 potentiam,
1139 3131 1348 3221 Pompeiique

286 3233 419 3298 emulos
435 3232 581 3300 invectus
601 3247 659 3296 est.
680 3230 745 3296 Sed
762 3231 973 3294 marilianum
991 3231 1152 3312 judicium
1170 3235 1284 3300 subito
1301 3249 1347 3296 tu·

285 3333 394 3397 multu
419 3332 588 3398 turbatum
607 3349 677 3413 est,
703 3331 839 3396 sollicita
860 3331 989 3397 civitate
1010 3332 1055 3396 ob
1075 3334 1347 3413 coniurationem,

285 3434 321 3497 P.
332 3434 415 3498 Posti
428 3449 461 3500 et
472 3434 508 3498 P.
519 3433 614 3496 Sullae
631 3455 729 3520 opera
741 3431 931 3514 conflatam,
944 3434 1001 3521 qui
1015 3433 1174 3524 designati
1185 3436 1347 3509 consoles,

284 3532 402 3600 deinde
421 3533 565 3602 damnati
581 3535 723 3600 ambitus
737 3535 883 3616 fuerant,
900 3550 940 3600 ut
951 3535 1050 3622 paulo
1067 3551 1142 3623 post
1155 3535 1346 3602 memorabi-

284 3659 378 3719 mus,
400 3660 524 3724 quum,
550 3636 721 3724 expositis,
739 3659 813 3723 quas
833 3637 973 3702 interim
983 3636 1070 3702 bello
1088 3654 1175 3727 gesta
1197 3655 1295 3718 sunt,
1310 3634 1346 3699 ad

283 3759 333 3801 res
350 3737 490 3801 urbanas
507 3752 718 3800 revertemur.
744 3792 750 3804 ,
1154 3776 1158 3786 .

325 3841 367 3903 X.
389 3839 431 3920 Q.
442 3835 606 3916 Metellus,
626 3837 717 3900 nullo
725 3837 792 3918 jam
806 3837 1027 3926 impediente,
1044 3837 1134 3927 quod
1147 3837 1189 3902 ad
1200 3839 1262 3903 alia
1273 3859 1345 3902 con·

281 3961 379 4001 versae
399 3954 492 4002 erent
513 3936 621 4000 mmuli
638 3961 741 4019 curae,
764 3937 902 4003 redactis
925 3938 960 4002 in
978 3955 1188 4026 potestatem,
1205 3963 1280 4027 qme
1298 3959 1345 4001 re·

313 4129 328 4194 5
346 4131 401 4184 VII.
415 4131 472 4178 val.
486 4131 553 4178 Mu.
570 4157 603 4168 -·
615 4131 673 4178 Dio.
686 4159 721 4168 -
735 4131 856 4180 Plutarch.
867 4160 902 4169 -
913 4131 931 4196 s
943 4134 1015 4182 VIII.
1030 4133 1088 4182 Dio.
1100 4163 1136 4172 -
1148 4135 1272 4183 Plutarch.
