2875 4900
294 364 363 439 528
469 368 904 437 Jo.FRE11tsHEM11
929 368 1169 437 SUPPLEM.

289 493 351 555 sito
360 512 477 577 genere
483 488 580 553 restis
588 487 730 569 induxit,
750 502 837 553 tanta
848 486 981 577 quidem
992 488 1125 553 attalicas
1137 488 1232 553 restis
1242 490 1336 575 copia,

289 592 538 679 tabularumque
549 590 725 678 pictarum,
742 606 776 653 et
788 591 896 655 caeteri
906 607 1096 678 apparatus,
1112 606 1148 653 ut
1160 591 1193 653 in
1202 591 1338 655 banb-

292 692 488 757 nam‘villam
507 690 695 777 reportatis,
712 712 784 777 quae
800 690 1044 778 superfuerant,
1060 691 1191 755 incensa
1203 689 1243 754 ab
1260 688 1337 753 iratis

204 816 209 827 ·
290 795 389 859 servis
400 795 490 874 villa,
510 790 723 881 conflagraret
738 792 923 857 sestertium
942 792 1067 857 millies.

334 895 452 959 XLIII.
471 892 590 957 Iisdem
610 890 695 956 ludis
710 892 751 955 ab
768 892 866 971 hujus
880 890 1119 981 magnificentia
1134 892 1263 980 coepisse
1277 911 1337 953 oer-

291 1013 400 1060 tamen
413 995 607 1059 athletarum
621 992 756 1073 dicitur,
771 1008 865 1057 antea
877 993 1042 1059 insuetum
1055 994 1177 1057 Roma.
1188 990 1276 1055 Idem
1287 990 1340 1055 Eu-

291 1098 400 1185 ripum
414 1095 490 1160 fecit
502 1095 734 1182 temporarium
745 1094 830 1159 ludis
844 1096 927 1174 suis,
940 1095 1020 1159 etin
1033 1116 1072 1159 eo
1084 1094 1338 1182 hippopotamunr

293 1213 326 1260 et
339 1197 486 1285 quinque
500 1194 680 1259 crocodilos
694 1194 856 1276 ostendit,
871 1195 1019 1259 animalia
1035 1216 1206 1283 nunquam
1219 1194 1340 1259 antehac

292 1302 403 1363 Romae
416 1298 501 1379 visa,
516 1313 628 1384 postea
638 1297 818 1384 perquisita
829 1312 894 1361 tam
906 1297 1175 1383 intemperanter,
1189 1312 1228 1359 ut
1240 1295 1341 1382 bippo-

292 1398 415 1486 potami
427 1397 603 1463 defecerint
613 1399 649 1461 in
658 1398 821 1487 AEgypto,
836 1397 879 1463 ad
888 1399 974 1463 hanc
982 1397 1145 1463 vitandam
1159 1397 1339 1472 molestiam,

293 1522 353 1588 pro
374 1500 544 1587 sagacitate
560 1516 683 1563 natura¹
703 1522 787 1581 suae,
811 1500 964 1588 migrasse
982 1498 1096 1563 crediti
1113 1499 1148 1563 in
1165 1499 1338 1584 Blemmyas.

294 1601 499 1666 Circensibus
516 1602 687 1690 pantheras
704 1602 806 1665 varias
825 1616 959 1665 centum
977 1599 1212 1690 quinquaginta
1228 1598 1341 1662 unirer-

293 1725 342 1765 sas
357 1703 480 1789 primus
497 1701 658 1783 ostendit,
675 1702 820 1790 itemque
835 1724 906 1767 ossa
921 1700 1125 1789 longitudine
1141 1700 1261 1787 pedum
1274 1721 1340 1785 qua·

293 1802 457 1891 draginta,
471 1802 642 1867 altitudine
658 1819 823 1867 costarum
843 1804 983 1884 majore,
999 1824 1097 1889 quam
1117 1801 1159 1865 sit
1178 1798 1339 1888 elephantis

294 1904 427 1985 indicis,
444 1906 544 1991 spinae
560 1903 772 1968 crassitudine
786 1902 1019 1992 sesquipedali,
1035 1924 1106 1990 quar
1121 1901 1238 1967 belluae
1255 1900 1340 1963 trisse

294 2004 504 2085 dicebantur,
526 2027 624 2091 quam
645 2004 687 2069 ad
709 2004 868 2093 oppidum
892 2004 1009 2069 Judaeae
1029 2004 1155 2093 loppen
1182 2000 1275 2089 (inde
1294 2022 1339 2063 ex·

290 2122 475 2193 portaverat
496 2104 656 2191 Scaurus)
679 2104 833 2171 liberator
854 2103 1072 2171 Andromedae
1096 2105 1234 2169 Perseus
1255 2103 1340 2165 inter·

293 2207 430 2271 fecisset.

337 2306 450 2371 XLIV.
472 2306 549 2369 Non
569 2306 670 2394 igitur
688 2304 830 2385 mirum,
854 2305 881 2369 si
904 2326 963 2392 per
981 2304 1072 2369 hunc
1093 2304 1239 2369 furorem
1258 2304 1289 2365 in
1306 2321 1339 2363 es

293 2407 435 2471 alienum
459 2405 581 2494 grande
604 2428 639 2470 se
661 2404 818 2470 immersit
837 2406 1045 2472 stultissimus
1064 2405 1268 2486 adolescens,
1285 2422 1339 2467 non

294 2504 530 2568 sufficientibus
550 2506 685 2595 opibus,
705 2527 784 2593 quas
806 2523 897 2594 pater
915 2507 973 2571 diu
988 2508 1137 2596 princeps
1154 2507 1302 2584 civitatis,
1315 2517 1340 2564 et

296 2605 358 2668 sub
373 2605 503 2683 justitiae
519 2607 604 2670 larva
620 2607 755 2672 minime
771 2607 805 2670 in
822 2606 979 2695 rapiendo
994 2609 1117 2697 segnis,
1131 2630 1274 2695 quasque
1288 2625 1340 2668 ma·

295 2721 346 2768 ter
359 2705 504 2787 Metella,
522 2707 629 2771 mariti
645 2708 740 2772 Sullae
756 2708 1048 2796 proscriptionibus
1066 2707 1181 2791 ditata,
1199 2704 1339 2796 amplissi-

296 2829 363 2868 mas
376 2808 584 2894 reliquerant.
601 2808 726 2874 Eodem
740 2831 844 2885 anno,
859 2832 981 2874 novum
996 2825 1029 2872 et
1042 2809 1233 2875 Inusitatum
1246 2823 1338 2881 anter,

295 2905 538 2996 designatorum
560 2911 732 2986 consulum
750 2910 923 2997 provincias
944 2925 1063 2974 ornatae
1080 2926 1168 2976 sunt.
1187 2911 1223 2976 P.
1235 2910 1339 2986 Lentu·

295 3009 361 3088 lus,
380 3009 421 3088 Q.
436 3009 585 3073 Metellus
604 3027 717 3092 erant;
737 3011 816 3074 alter
837 3011 1049 3076 amicissimus
1070 3011 1237 3092 Ciceroni,
1259 3009 1339 3082 alter,

294 3107 455 3197 deposita,
471 3132 569 3196 quam
583 3133 659 3174 cum
675 3134 716 3176 eo
733 3125 892 3200 gesserat,
906 3113 1086 3193 slmultate,
1103 3135 1172 3176 non
1187 3113 1340 3178 vehemen-

296 3226 346 3273 ter
364 3209 526 3276 adversus.
552 3213 657 3301 Igitur
678 3229 754 3276 octo
777 3213 901 3278 tribuni
923 3213 1026 3302 plebis
1046 3237 1075 3276 a.
1088 3212 1120 3276 d.
1141 3216 1190 3277 IV
1206 3207 1340 3277 kalendas
1394 3285 1395 3292 ἶ

297 3311 488 3376 novembres
502 3315 790 3403 promulgaverunt
806 3313 969 3380 decedito
985 3314 1151 3379 Ciceronis
1167 3315 1284 3402 legem,
1300 3329 1340 3370 ω’

297 3433 361 3497 que
379 3411 421 3475 de
434 3435 469 3476 re
485 3431 596 3500 postea
610 3414 793 3480 retulerunt
806 3413 847 3480 ad
861 3431 1019 3479 senatum.
1394 3453 1395 3464 ι

341 3511 439 3575 XLV.
457 3513 507 3576 Ibi
529 3516 703 3597 Lentulus,
726 3515 817 3579 nibil
832 3516 962 3582 territus
985 3516 1056 3605 lege
1079 3516 1208 3596 Clodia,
1228 3527 1340 3578 senten·
1394 3531 1395 3600 ς

297 3609 375 3674 tiam
393 3611 494 3675 libere
517 3613 616 3696 dixit,
635 3613 707 3697 sed,
728 3616 845 3680 Pisone
868 3633 902 3681 et
921 3616 1060 3682 Gabinio
1082 3614 1339 3704 repugnantibus,

332 3797 348 3862 s
360 3799 437 3846 xtu.
448 3800 511 3849 Plin.
523 3803 645 3861 XXXIV,
660 3819 689 3862 Ἠ
700 3806 810 3863 XXXV,
832 3820 876 3863 rr,
891 3817 916 3852 et
929 3807 1058 3866 XXXVI,
1076 3807 1114 3853 15.
1130 3833 1165 3843 -—
1175 3805 1230 3854 Vsl.
1239 3807 1299 3853 stix.
1311 3800 1340 3852 ll·
1394 3799 1395 3806 ¹

299 3891 323 3943 4.
343 3908 379 3916 -
397 3880 413 3946 S
426 3883 863 3946 at111.val.Mu.-t>ltn.vt11‚
883 3889 907 3945 5,
924 3903 953 3950 ¹7
965 3889 1042 3936 etad.
1056 3917 1090 3925 —
1107 3889 1183 3938 Solin.
1200 3905 1251 3952 cap.
1265 3886 1299 3932 35-
1312 3905 1338 3916 ‘

298 3963 415 4015 'lbemiat
424 3969 468 4014 Or.
479 3971 513 4015 Χ.
527 3995 563 4004 -
577 3970 698 4018 Ammian.
708 3971 818 4018 Mareell-
831 3971 874 4019 lib.
884 3973 970 4019 xxti.
982 3998 1017 4008 -
1033 3972 1049 4036 5
1060 3973 1148 4020 XLIV.
1159 3973 1219 4020 elin.
1230 3963 1339 4017 mvl,

303 4052 342 4100 15.
361 4080 394 4089 -
410 4055 502 4098 Aaron.
516 4053 542 4099 in
559 4053 660 4099 Scauro.
670 4081 705 4090 -
719 4054 771 4102 Cic.
785 4054 816 4100 ad
829 4055 904 4104 Attic.
916 4057 968 4112 III,
982 4064 1030 4112 at;
1047 4069 1093 4120 pro
1106 4055 1233 4119 Sextrcap.
1247 4051 1288 4102 ³²·
1302 4046 1338 4092 33·

301 4136 346 4193 lm
358 4135 388 4181 nd
398 4136 482 4184 Famil.
491 4137 523 4196 V,
537 4145 565 4194 4,
577 4148 601 4184 ct
614 4149 672 4200 post
682 4137 762 4186 Ilcdit.
774 4137 799 4184 in
811 4141 867 4187 Seu.
879 4155 933 4202 cap.
944 4155 958 4184 a
973 4149 997 4186 et
1012 4141 1035 4187 3.
