2875 4900
267 376 336 475 598
438 381 505 448 JO.
533 378 874 455 FREINSHEMII
907 378 1154 447 SUPPLEM.

264 498 416 564 cedebat.
442 498 538 563 Unde
562 500 656 587 plena
680 501 791 563 omnia
810 500 1081 563 consternationis
1103 514 1134 561 ct
1153 498 1322 562 tumultus:

264 618 297 666 et
322 602 398 689 quia
419 623 502 689 sepe
525 601 802 665 convertebantur
824 600 976 681 ordines,
1000 615 1038 663 ut
1060 600 1165 687 aliqua
1184 622 1224 663 ex
1244 614 1324 687 parte

264 704 387 767 clamor
400 703 576 785 acciderat,
594 704 687 767 multi
703 726 738 767 se
753 702 934 766 induebant
947 702 981 765 in
998 701 1256 780 commilitonum
1270 702 1325 790 gla-

264 803 356 887 dios;
374 806 572 893 presertim,
590 807 664 892 quia
685 805 717 867 vi
732 804 901 881 hostium,
920 820 953 868 et
974 802 1096 868 vitandi
1115 805 1244 893 sagittas
1263 821 1324 867 stu·

264 905 335 988 dio,
354 908 458 972 coacti
474 907 507 971 in
525 922 650 970 arctum
669 923 771 970 erant.
786 907 1021 971 Sustinuerunt
1033 924 1142 970 tamen
1154 905 1196 970 ad
1206 920 1323 969 noctem

265 1030 390 1097 usque3
408 1032 472 1098 qua
492 1008 793 1096 appropinquante,
807 1007 916 1071 Parthi
933 1006 1089 1071 cedendo
1107 1008 1182 1071 fessi
1200 1029 1234 1071 se
1245 1028 1324 1070 rece·

264 1125 404 1199 petunt,
417 1110 455 1173 id
467 1110 544 1173 date
556 1132 587 1173 se
603 1109 715 1175 Crasso
728 1124 846 1198 tempus
866 1110 915 1173 ad
928 1104 1178 1197 lugoidamfila'i
1189 1122 1322 1187 moneto,

264 1210 468 1294 dictitantes;
486 1214 549 1275 uisi
555 1212 712 1299 postridie
725 1234 815 1300 seque
827 1229 858 1275 ct
868 1215 1041 1276 examitum
1055 1206 1198 1297 titfidcm
1210 1211 1326 1274 Arsact‘s

264 1312 397 1377 dederet.
413 1312 559 1376 Patrium
578 1313 611 1377 id
625 1314 754 1377 Parthis
772 1314 851 1395 fuit,
869 1330 908 1377 ut
925 1314 1038 1377 noctes
1050 1312 1167 1401 procul
1179 1312 1220 1376 ab
1234 1309 1325 1375 hosti·

266 1416 328 1478 bus
348 1424 500 1503 agerent3
519 1417 595 1503 quia
617 1438 726 1504 neque
750 1432 852 1479 castra
875 1416 1005 1479 munire
1023 1428 1277 1493 consueverant,
1297 1426 1325 1474 et

264 1515 350 1578 inter
361 1516 509 1579 tenebras
522 1518 670 1603 equitum
682 1533 715 1581 et
727 1516 966 1606 sagittariorum
976 1516 1086 1579 nullus
1097 1512 1324 1605 propemodum

266 1638 345 1680 usus
360 1634 419 1681 est.

308 1718 424 1783 XLIX.
448 1720 607 1810 Digressis
634 1720 781 1802 Parthis,
805 1721 1018 1784 miserabilior
1043 1718 1133 1807 apud
1150 1720 1323 1793 Romanos,

266 1841 363 1907 quam
384 1822 470 1886 inter
488 1823 591 1911 ipsam
612 1845 775 1912 pugnarn,
799 1824 906 1887 luctus
922 1823 1001 1903 fuit,
1021 1820 1110 1909 quod
1127 1837 1162 1884 et
1176 1834 1323 1907 acceptam

266 1922 478 1988 calamitatem
493 1946 627 1988 noscere
635 1924 786 2001 vacabat,
801 1940 834 1988 et
845 1924 1089 2012 impendentem
1102 1920 1233 1985 deflere.
1247 1921 1324 1981 Cres·

266 2044 342 2103 sus,
360 2024 395 2087 in
417 2025 560 2089 tenebris
576 2025 726 2107 abditus,
742 2026 796 2089 rix
812 2049 831 2089 a
845 2026 957 2114 legatis
973 2023 1181 2110 tribunisque
1197 2022 1231 2085 in
1245 2018 1324 2108 prin·

267 2125 348 2213 cipia
367 2124 528 2191 adductus
545 2144 602 2191 est.
620 2128 736 2216 Neque
752 2126 984 2207 dubitabatur,
1002 2127 1083 2214 quin
1098 2124 1193 2189 evadi
1205 2120 1324 2188 Carrhas

265 2242 440 2313 oporteret.
469 2227 596 2292 Idcirco
624 2230 752 2293 silentio
779 2228 917 2293 eductus
943 2228 1123 2307 exercitus,
1152 2242 1324 2315 quanquam

267 2328 465 2415 sequebatur
485 2352 603 2411 nemo,
623 2331 740 2419 saepius
757 2346 865 2394 tamen
884 2329 952 2393 acie
975 2329 1059 2392 lacta
1080 2327 1245 2406 constitit,
1260 2320 1324 2411 quit

267 2429 367 2494 saucii
385 2445 417 2493 et
437 2431 532 2520 aegri,
554 2455 656 2520 quum
683 2453 717 2494 se
740 2432 881 2520 relinqui
898 2432 1077 2510 sentirent,
1097 2430 1202 2494 mixto
1219 2426 1324 2508 ejulatu

265 2553 303 2594 ac
326 2529 466 2595 clamore
490 2554 645 2620 magnum
667 2532 847 2596 tumultum
868 2532 1094 2596 excitaverant.
1119 2531 1163 2593 Et
1185 2526 1323 2616 quidam,

266 2648 304 2696 ut
318 2649 487 2722 poterant,
505 2656 640 2698 suorum
657 2636 719 2698 iter
736 2634 1040 2722 consequebantur3
1061 2633 1181 2719 bisque
1197 2628 1323 2695 vicissim

266 2753 323 2799 aut
335 2735 562 2816 sustollendis‚
577 2751 633 2800 aut
649 2734 869 2825 deponendis,
886 2735 972 2798 lente
986 2731 1191 2821 precedebat
1204 2749 1324 2820 agmen3

266 2837 327 2899 nisi
342 2835 432 2923 quod
449 2859 525 2900 cum
545 2837 682 2926 Egnatio
699 2837 825 2924 equites
842 2836 997 2917 trecenti,
1010 2835 1141 2922 abrupti
1161 2857 1181 2898 a
1197 2829 1323 2906 ceteris,

265 2953 362 3001 nocte
389 2935 548 3001 concubia
572 2953 735 3002 venerunt
755 2938 902 3002 Carrhas.
927 2937 1096 3026 Coponius
1118 2934 1166 2998 ibi
1189 2929 1323 3023 praesidio

263 3059 401 3102 romano
416 3053 570 3126 praeerat3
588 3039 641 3102 cui
658 3039 814 3128 Egnatius
830 3038 973 3102 nuntiari
987 3061 1090 3126 quum
1104 3037 1265 3118 jussisset,
1281 3035 1322 3095 ia·

261 3139 473 3228 gemiproeltb
489 3161 559 3204 eum
583 3141 711 3204 Parthis
724 3156 905 3230 pugnatum
926 3163 1004 3221 esse,
1028 3139 1110 3204 nihil
1125 3139 1211 3202 ultra
1227 3155 1323 3200 mota·

266 3256 339 3320 tus,
355 3240 397 3305 ad
411 3243 553 3330 Zeugma
568 3265 644 3307 eum
658 3243 726 3306 suis
739 3243 887 3330 pervenit
902 3242 1086 3306 incolumis.

309 3341 345 3405 L.
363 3343 531 3429 Coponius
546 3344 628 3407 nihil
640 3365 680 3408 ex
693 3343 764 3426 his,
781 3367 853 3433 quae
872 3344 965 3408 allata
982 3359 1091 3425 erant,
1112 3342 1177 3406 laeti
1192 3338 1323 3426 suspita-

265 3459 337 3523 tus,
353 3459 455 3507 armat
471 3446 633 3534 extemplo
649 3446 787 3527 milites,
804 3461 853 3527 ct,
866 3445 1039 3534 premissis
1058 3439 1322 3532 exploratoribus,

264 3567 368 3632 quum
384 3547 496 3610 venire
513 3547 665 3612 Crassum
682 3545 842 3629 audisset,
862 3548 1004 3612 occurrit
1020 3547 1070 3628 ei,
1087 3544 1279 3631 deducitque
1291 3539 1321 3599 in

264 3646 399 3728 urbem,
419 3648 500 3712 nihil
518 3671 576 3736 per
593 3648 742 3712 tenebras
760 3649 967 3714 moventibus
981 3647 1131 3729 Parthis,
1147 3657 1320 3734 quanquam

263 3749 410 3816 hostiurn
434 3749 544 3838 fugam
569 3751 754 3819 sensissent
782 3753 823 3815 At
845 3750 904 3813 ubi
925 3749 1058 3831 diluxit,
1076 3747 1206 3811 relictos
1224 3744 1257 3806 in
1275 3759 1321 3801 ca·

264 3852 354 3933 stris,
367 3850 457 3916 haud
472 3851 640 3939 pauciores
657 3852 800 3916 millibus
814 3867 972 3940 quatuor,
987 3863 1153 3939 quotquot
1165 3867 1221 3910 sua
1231 3857 1320 3906 manu

261 3975 328 4016 non
351 3956 543 4018 invenerant
562 3969 722 4038 mortem,
737 3954 793 4042 qui
810 3975 967 4018 numerus
987 3952 1114 4041 amplus
1133 3949 1214 4028 luit,
1226 3938 1318 4008 truci·

298 4131 443 4195 §mut
457 4134 579 4184 Plutarch.
596 4161 631 4171 -
647 4133 704 4182 Dio.
