2875 4900
285 388 338 456 IN
369 387 482 454 LOC.
508 389 603 455 LIB.
631 388 714 455 CIV
748 388 959 457 LIVIANI.
1086 384 1152 483 537

99 511 215 588 Cesar,
233 530 301 593 quo
316 505 419 570 tutius
438 528 496 594 per
513 507 611 593 Alpes
631 509 805 596 minusque
825 525 1052 597 sumptuosum
1068 534 1154 576 mer·

100 609 256 673 cusoribus
279 609 343 671 iter
363 609 469 687 foret,
493 608 652 695 aquibus
674 608 720 672 illi
741 610 853 697 populi
876 632 991 698 magna
1013 612 1156 701 portoria

100 712 273 800 exigebant.

140 810 235 875 LXV.
251 811 355 899 Igitur
366 809 467 874 Galba
485 808 527 873 de
540 832 600 873 sua
611 810 740 898 legione
755 810 835 874 duas
852 812 1002 875 cohortes
1018 812 1051 874 in
1068 810 1156 877 Nan·

101 911 256 989 tuatibus,
282 928 357 975 octo
377 911 412 974 in
430 912 503 975 rico
526 911 742 999 Veragrorum
766 911 934 976 Octoduro
957 912 990 976 in
1012 912 1157 977 hibernis

100 1013 248 1093 collocat3
267 1014 399 1077 alteram
414 1011 527 1100 oppidi
542 1028 667 1100 partem
685 1012 783 1099 (nam
799 1030 925 1077 torrens
936 1013 1086 1105 ,medium
1106 1013 1156 1077 di-

99 1113 242 1201 videbat)
265 1115 331 1178 suis
350 1114 541 1178 cohortibus
561 1128 716 1200 occupat,
739 1114 774 1176 in
794 1114 926 1178 alteram
944 1114 1156 1203 commigrare

95 1216 184 1296 jubet
201 1214 392 1304 oppidanos.
412 1216 462 1279 Ibi
478 1215 611 1303 Veragri
627 1214 816 1302 Sednmque
830 1216 956 1279 collecti
972 1214 1013 1279 ad
1028 1216 1158 1305 triginta

100 1317 268 1381 hominum
282 1318 398 1398 millia,
414 1315 541 1396 subito,
561 1338 632 1402 quae
648 1313 807 1380 Octoduri
826 1332 930 1397 erant,
950 1314 1084 1379 hiberna
1100 1338 1159 1403 op-

99 1441 240 1508 pugnare
262 1435 448 1507 coeperunt3
474 1417 579 1481 donec
599 1416 710 1497 nullo,
735 1416 796 1479 nisi
818 1417 853 1479 in
874 1416 1011 1499 virtute,
1034 1417 1160 1505 reliquo

101 1518 262 1605 presidio,
282 1519 469 1583 auctoribus
482 1518 589 1581 Sextio
605 1517 810 1605 primipilari,
828 1534 861 1581 et
873 1517 1039 1581 Voluseno
1053 1520 1158 1582 tribu·

101 1642 160 1701 no,
183 1621 313 1708 eruptio
337 1622 435 1700 facta,
458 1636 491 1684 et
512 1619 649 1707 amplius
667 1618 760 1681 tertia
775 1640 848 1705 pars
870 1619 1015 1683 hostium
1032 1620 1159 1683 concisa

101 1737 155 1785 est.
170 1721 288 1802 Galba,
302 1721 436 1784 incenso
450 1722 542 1801 vico,
558 1720 755 1783 incolumem
769 1719 930 1806 legionem
941 1740 1000 1807 per
1012 1719 1043 1783 N
1045 1736 1160 1784 antun-

101 1838 145 1885 tes
165 1824 198 1886 in
222 1822 438 1910 Allobrogum
459 1822 538 1886 fines
560 1820 711 1904 deduxit,
729 1820 840 1907 ibique
859 1819 1016 1907 reliquam
1036 1836 1160 1908 partem

100 1924 210 1988 hiemis
225 1924 340 2014 exegit.
357 1924 419 1987 Per
435 1923 547 1987 eadem
567 1938 714 2011 tempora
731 1922 777 1985 M.
793 1923 889 2002 Cato,
908 1921 977 2010 lege
994 1920 1105 1984 Clodia
1119 1922 1160 1986 ad

100 2025 305 2117 redigendam
317 2028 352 2088 in
365 2026 538 2113 provincias
552 2024 689 2089 formam
707 2024 851 2111 Cyprum
866 2022 1001 2103 missus,
1017 2020 1159 2087 reductis

101 2129 351 2215 byzantinorum
363 2128 454 2216 prius
466 2126 646 2209 exsulibus,
658 2126 694 2187 in
702 2124 840 2187 insulam
851 2123 957 2203 venit,
972 2138 1076 2185 morte
1086 2125 1162 2187 Pto-

101 2228 198 2293 lemaei
214 2252 368 2310 vacuam,
387 2228 444 2315 qui
462 2250 570 2315 neque
585 2242 714 2315 paratus
730 2223 771 2288 ad
787 2223 1016 2305 resistendum,
1034 2246 1159 2312 neque,

100 2349 197 2417 regno
214 2331 353 2409 amisso,
370 2330 478 2392 virere
493 2328 674 2410 sustinens,
690 2348 818 2389 veneno
834 2340 932 2413 epoto
947 2326 1093 2413 perierat.

141 2430 256 2496 LXVI.
280 2429 446 2495 Pollicitus
464 2446 531 2495 erat
546 2428 728 2518 premissus
743 2452 762 2492 a
778 2429 900 2492 Catone
917 2427 1086 2510 Canidius,
1105 2451 1163 2518 po·
1193 2442 1198 2452 “

100 2533 210 2617 pulum
227 2555 400 2596 romanum
414 2532 463 2613 ei,
478 2532 505 2595 si
520 2531 637 2594 lubens
652 2530 814 2611 cessisset,
828 2529 1043 2594 sacerdotium
1058 2531 1163 2595 Vene-

100 2632 142 2696 ris
154 2633 284 2723 Paphiae
301 2654 533 2698 concessurum
549 2655 635 2714 esse3
650 2653 763 2695 rerum
779 2631 832 2695 ille
847 2648 985 2696 mortem
1000 2634 1160 2720 potiorem

100 2754 138 2796 eo
153 2733 298 2798 ludibrio
320 2734 453 2815 habuit,
477 2735 574 2798 stulta
598 2751 706 2798 tamen
729 2733 858 2797 avaritia
875 2735 1069 2799 conservatis
1089 2735 1161 2823 opi·

100 2833 170 2900 bus.
190 2836 305 2917 Quum
328 2836 415 2898 enim
433 2834 626 2924 aliquando,
650 2851 688 2900 ut
707 2835 846 2899 vicissim
865 2834 1075 2922 praedonibus
1095 2837 1162 2900 suis

102 2958 180 3024 aegre
198 2937 339 3016 faceret,
358 2937 448 3000 omni
463 2936 601 3025 pecunia
624 2936 657 2999 in
681 2957 777 2999 nares
801 2935 972 3022 imposita,
989 2951 1159 3023 provectus

100 3037 133 3099 in
145 3040 249 3102 altum
267 3054 366 3119 esset,
381 3059 421 3101 eo
437 3038 593 3118 consilio,
607 3053 645 3100 ut
658 3059 768 3100 secum
782 3035 890 3100 omnia
901 3053 1076 3126 mergeret,
1094 3060 1160 3101 non

100 3139 254 3203 sustinuit
262 3138 414 3226 perdere,
431 3154 565 3227 propter
582 3160 654 3225 quae
667 3160 701 3200 se
716 3138 898 3225 periturum
908 3135 1116 3225 intelligebat.
1135 3139 1162 3201 A

102 3239 224 3325 Cypriis
240 3241 321 3302 Cato
339 3254 491 3326 prompte
506 3255 656 3326 acceptus
673 3254 737 3315 est,
759 3238 922 3301 mitiorem
938 3237 1001 3302 sub
1016 3238 1090 3317 jure
1107 3261 1161 3302 ro-

102 3361 213 3422 mano,
230 3361 331 3428 quarn
346 3340 381 3402 in
397 3339 551 3404 servitute
566 3339 652 3427 regia
666 3338 875 3420 habuissent,
894 3353 1013 3402 sortem
1031 3360 1162 3426 speran-

102 3439 206 3504 tibus:
223 3441 347 3505 idcirco
362 3441 474 3503 Catoni
491 3439 572 3502 nihil
590 3438 652 3502 luit
669 3440 851 3527 reliquunt,
868 3461 965 3526 quam
980 3456 1018 3504 ut
1034 3439 1164 3504 ordina·

101 3554 147 3601 ret
163 3540 385 3629 provinciam,
408 3555 441 3603 et
455 3540 627 3628 pecuniam
648 3541 784 3627 regiam,
808 3556 840 3603 et
863 3540 953 3628 quod
971 3541 1039 3620 ejus
1056 3563 1094 3606 er
1110 3544 1162 3606 in-

101 3655 281 3706 strumento
295 3640 459 3704 Ptolemaei
474 3639 606 3705 vendito
624 3639 726 3728 redigi
744 3641 869 3729 potuit,
886 3657 1073 3730 reportaret.

142 3744 277 3808 LXVII.
300 3741 456 3806 Vendidit
472 3743 560 3806 enim
578 3743 705 3822 omnia,
727 3765 792 3806 una
807 3742 1014 3808 solummodo
1032 3759 1162 3831 excepta

134 3963 256 4026 snm.
272 3965 334 4014 Cas.
347 3965 378 4013 de
391 3965 420 4012 B.
436 3964 500 4013 Gall.
512 3965 558 4013 111.
577 3991 612 4001 -
629 3965 701 4011 Oros.
711 3965 762 4022 vl,
781 3965 805 4012 8.
819 3991 853 4000 -
868 3962 884 4028 S
898 3964 975 4010 va.
986 3964 1050 4012 Plut.
1066 3963 1092 4009 in
1107 3963 1162 4011 Cat.

103 4060 154 4110 cap.
167 4057 210 4110 49.
224 4075 260 4085 -
274 4049 331 4095 nto.
343 4075 378 4083 -
394 4049 447 4096 Liv.
459 4050 525 4113 Ilpit.
539 4075 574 4084 -
590 4047 697 4112 Appian.
713 4047 768 4095 etv.
787 4046 830 4094 lib.
850 4048 882 4093 II.
901 4073 934 4081 -
948 4046 1026 4094 Strab.
1037 4046 1080 4094 lib.
1091 4047 1164 4102 xlv,

103 4147 126 4193 p.
135 4133 194 4188 684.
209 4161 246 4170 -
256 4132 319 4180 Vell.
330 4135 370 4191 II,
384 4133 426 4192 45.
436 4160 470 4168 -
479 4131 496 4196 s
506 4133 594 4179 txvt.
606 4133 659 4178 Val.
674 4133 741 4180 Max.
753 4133 803 4190 lx,
816 4139 839 4186 I.
850 4157 884 4167 -
894 4130 950 4177 Dio.
