2875 4900
296 360 351 429 IN
382 360 495 429 LOC.
522 361 618 429 LIB.
645 362 777 431 CVIII
808 362 1023 431 LIVIANI.
1124 360 1196 435 633

122 476 184 543 sed
199 492 324 565 quanto
341 477 490 543 meliores
507 477 568 543 viri
589 494 697 563 erant,
716 495 810 545 tanto
830 481 954 547 civilius
973 484 1196 572 magistratum

121 579 289 667 petebant.
302 580 369 644 Ser.
380 580 540 668 Sulpicius
552 580 669 663 Rufus,
683 582 730 646 M.
742 581 897 647 Claudius
907 584 1078 648 Marcellus
1088 601 1197 668 crant,

123 682 248 769 quibus
267 681 381 745 tertius
403 696 579 745 accesserat
598 683 645 747 M.
664 685 760 763 Cato,
776 706 845 747 non
864 684 1001 749 honoris
1021 684 1196 773 cupidine,

122 784 184 847 sed
204 783 389 871 reipublicae
408 804 486 847 cura
500 781 661 849 adductus
681 782 723 848 ad
739 783 928 873 petendum.
947 786 997 848 Eo
1013 786 1101 849 enim
1117 809 1196 874 pro·

123 883 197 949 cedi
213 882 358 965 videbat,
374 900 412 947 ut
434 883 581 971 Pompeii
601 886 800 973 Caesarisque
820 908 918 974 supra
938 886 1076 951 modum
1093 904 1195 952 auctae

122 1008 225 1073 opes,
246 985 312 1049 sive
334 983 513 1049 concordes
537 984 760 1073 opprimerent
776 986 1024 1074 rempublicam,
1045 986 1112 1051 sive
1128 984 1195 1049 dis-

121 1086 267 1151 sidentes
277 1085 367 1150 bellis
378 1084 527 1150 civilibus
539 1084 752 1149 involverent.
763 1086 809 1149 Ut
817 1086 918 1175 igitur
930 1086 1063 1150 nimiam
1074 1086 1195 1149 borum

121 1188 304 1277 potentiam
324 1185 525 1269 destrueret,
553 1186 629 1274 quia
651 1187 797 1274 privatus
821 1188 940 1253 frustra
964 1187 1195 1269 contenderat,

121 1289 297 1353 consulatu
317 1288 379 1351 sibi
402 1310 485 1377 opus
511 1310 581 1353 csse
607 1288 749 1353 rebatur.
774 1287 845 1353 Nec
870 1304 977 1354 tamen
999 1290 1196 1355 irascebatur

121 1390 411 1479 competitoribus3
434 1408 468 1455 ct
486 1412 589 1478 quum
613 1390 712 1455 taxari
731 1390 911 1479 Sulpicium
929 1390 1088 1474 audisset,
1105 1390 1196 1480 quod

121 1493 256 1557 Catonis
269 1492 409 1557 amicitia
419 1507 604 1580 provectus,
618 1492 648 1555 ei
659 1506 768 1555 tamen
778 1489 894 1555 cedere
904 1509 1067 1556 recusaret
1077 1517 1087 1574 3
1098 1492 1195 1555 «Non

121 1622 137 1649 ι
146 1607 198 1657 est
208 1591 410 1673 mirandum,
423 1592 484 1674 ait,
498 1593 541 1675 si,
556 1591 645 1680 quod
657 1614 822 1657 sumtuum
835 1592 974 1680 quisque
987 1592 1114 1657 bonum
1126 1615 1196 1658 esse

122 1694 322 1779 pexistimat,
342 1693 376 1758 id
390 1694 480 1757 alteri
500 1694 582 1759 nolit
599 1693 809 1759 concedere».

167 1797 228 1860 XI.
242 1795 373 1861 Senatui
387 1811 495 1861 tamen
510 1795 687 1883 persuasit,
698 1811 737 1860 ut
746 1796 874 1861 tolleret
884 1817 1030 1879 morem,
1043 1817 1111 1882 quo
1122 1819 1197 1884 pro·

119 1896 239 1985 pinqui
258 1912 291 1961 et
314 1897 408 1963 amici
424 1898 571 1985 petitoris
589 1921 651 1987 pro
666 1920 706 1961 eo
726 1898 894 1963 ambibant
911 1897 1193 1986 prensabautque;

117 1998 315 2087 juberetque
328 1997 507 2085 quemlibet
519 1998 727 2065 candidatum
739 2023 799 2087 per
811 2022 846 2063 se
856 2014 984 2064 tantum
997 2013 1118 2086 petere.
1131 1997 1195 2063 Sed

120 2120 196 2163 cam
210 2122 279 2165 rem
300 2100 441 2189 populus
461 2098 670 2188 indignanter
687 2101 779 2177 tulit,
799 2123 898 2165 omne
917 2120 1014 2164 suum
1028 2099 1081 2177 jus
1097 2122 1117 2162 a
1134 2100 1200 2163 Ca·-

120 2216 202 2264 toue
219 2201 299 2289 eripi
316 2220 469 2289 questus,
487 2202 543 2289 qui
560 2202 688 2267 lucrum
709 2226 748 2267 cx
765 2202 981 2292 petitionibus
995 2224 1101 2290 nuper
1115 2200 1192 2265 adc-

119 2304 254 2384 misset3
272 2325 360 2367 nunc
374 2302 488 2383 etiam,
503 2303 605 2367 accisa
615 2303 752 2391 rogandi
764 2304 924 2391 populum
938 2301 1192 2385 consuetudine,

118 2405 283 2471 honorem
308 2420 339 2471 et
365 2406 509 2494 gratiam.
530 2404 657 2470 Idcirco
688 2428 793 2494 quum
818 2420 852 2470 et
878 2405 972 2470 amici
1001 2404 1133 2470 Caesaris
1155 2425 1193 2469 ac

118 2507 270 2595 Pompeii
284 2509 443 2596 populum
459 2507 488 2571 ei
502 2507 748 2573 inconciliarcnt
764 2509 911 2596 (semper
930 2507 1018 2573 enim
1038 2506 1114 2571 mali
1132 2505 1194 2569 viri

118 2607 277 2674 diffidunt
290 2609 426 2696 bonis),
445 2625 479 2674 et
491 2610 589 2692 Cato,
606 2610 741 2674 minime
756 2610 860 2674 factus
873 2609 916 2674 ad
931 2611 1106 2690 ambitum,
1123 2631 1194 2699 gra-

117 2709 218 2774 vitute
238 2711 339 2799 magis
362 2727 395 2774 et
417 2711 601 2800 integritate
624 2711 660 2774 in
678 2710 837 2800 petendo,
859 2732 958 2797 quam
981 2709 1132 2799 precibus
1159 2723 1193 2772 ct

117 2812 304 2892 blanditiis,
317 2829 483 2894 uteretur,
495 2813 658 2901 repulsam
674 2814 769 2877 tulit:
783 2812 944 2901 Sulpicius
956 2811 1194 2897 Marcellusque

118 2912 280 3002 designati
304 2929 399 2995 sunt;
419 2915 471 2978 illc
494 2915 608 3001 peritis
625 2914 726 2994 juris,
746 2913 801 2976 hic
825 2911 1028 2999 eloquentia,
1052 2925 1192 2997 uterquc

94 3007 98 3012 ’
117 3015 289 3095 comitate,
306 3015 448 3080 favorem
463 3015 636 3079 hominum
653 3015 799 3079 meritus.
818 3015 995 3100 Postquam
1015 3012 1050 3074 hi
1071 3033 1192 3075 consu-

117 3117 222 3180 latum
240 3116 422 3198 iniverunt,
442 3120 476 3182 C.
497 3117 617 3198 Cesar,
635 3115 768 3180 domitis
789 3114 896 3178 subita
912 3113 1125 3202 impressione
1138 3113 1192 3176 Bi·

117 3216 297 3306 turigibus,
314 3216 433 3282 deinde
447 3209 627 3308 Carnutum
646 3233 761 3306 gente,
777 3217 811 3280 in
825 3216 1009 3280 Bellovacos
1025 3213 1124 3278 venit.

163 3319 241 3382 Xll.
264 3320 348 3383 Cum
370 3319 421 3382 bis
444 3319 612 3401 Ambiani,
637 3320 786 3400 Aulerci,
809 3318 964 3397 Calletcs,
988 3314 1190 3398 Velocasses,

116 3420 285 3496 Atrebates
297 3420 533 3500 conjunxerant
545 3419 673 3507 copias,
690 3421 813 3484 Correo
828 3417 1014 3495 bellovaco,
1030 3431 1063 3480 ct
1075 3417 1191 3481 Comio

114 3519 270 3585 Atrebate
289 3520 458 3609 precipuis
481 3519 641 3602 ducibus3
661 3537 693 3584 et
717 3521 828 3583 locum
846 3518 1020 3606 paludibus
1039 3518 1192 3606 silvisque

115 3619 304 3712 munitpm,
321 3620 410 3688 etad
426 3620 536 3688 omnia
552 3637 795 3709 opportunum,
814 3621 925 3685 castris
939 3635 1106 3708 ceperunt.
1121 3622 1191 3685 Hos

115 3735 155 3784 ut
168 3720 210 3785 ad
226 3722 440 3812 pugnandum
455 3723 583 3788 eliceret
597 3725 716 3804 Caesar,
729 3745 807 3786 cum
820 3738 963 3810 quatuor
976 3736 1121 3801 tantum,
1135 3719 1193 3784 sed

114 3837 267 3910 spectate
284 3824 431 3909 virtutis,
454 3825 637 3914 legionibus
654 3825 688 3888 in
708 3839 921 3912 conspectum
939 3822 1040 3885 venit.
1064 3819 1192 3884 Deinde

150 4024 214 4090 31.
225 4027 384 4077 Pleuronis
398 4027 453 4078 Cet.
467 4053 501 4065 -
515 4027 572 4076 nto.
586 4055 620 4064 -
634 4025 651 4091 s
668 4029 714 4076 xl.
734 4029 766 4076 Il.
777 4028 805 4076 C.
822 4041 869 4086 70¹
880 4043 887 4087 ;
899 4027 967 4075 Ml.
979 4025 1022 4074 51.
1035 4049 1070 4062 -
1081 4023 1140 4071 Dio.
1154 4051 1189 4065 -ι

114 4108 168 4162 Cic.
188 4108 214 4156 in
231 4111 320 4171 Bruto,
336 4127 390 4177 cap·
404 4127 447 4172 71.
464 4138 498 4150 -
513 4111 578 4161 IIlrt.
591 4109 664 4160 dell.
676 4111 743 4161 Gall.
757 4110 881 4162 ttb.v111.
