2875 4900
272 399 328 467 m
358 400 471 469 Lon.
499 399 593 467 tta.
622 340 1024 497 txxxrnv'nn
1138 405 1186 499 93

107 519 208 607 sugit,
229 520 366 585 incenso
383 522 476 610 prius
496 519 607 601 Odeo,
624 544 666 585 ne
680 522 813 585 materia
830 522 917 586 illius
931 522 973 587 ad
991 546 1186 616 oppugnan-

15 694 16 709 ἢ
106 618 182 683 dam
200 643 310 685 arcem
324 621 474 687 hostibus
492 624 566 686 usui
579 638 673 687 esset.

151 722 269 787 XLVI.
283 723 423 807 Sullam,
439 746 481 787 ne
494 724 610 787 urbem
624 723 784 806 dirueret,
801 746 870 787 non
887 725 1022 812 quidem
1035 727 1186 793 mandata

23 854 26 859 ·
106 840 242 888 senatus
259 826 525 907 absterruerunt,
544 825 665 912 quibus
686 840 758 888 turn
781 824 916 912 quidem
933 849 1051 913 parum
1074 828 1188 894 fuisset

107 944 312 1011 commotus;
330 928 388 992 sed
407 929 550 993 romanis
567 927 790 1008 senatoribus,
808 927 866 1015 qui
882 950 959 990 cum
973 928 1060 992 Sulla
1076 948 1185 1011 erant,

106 1026 362 1113 adjuvantibus,
391 1030 517 1094 exsules
540 1029 792 1094 Atheniensium
817 1028 933 1093 Midias
957 1046 990 1093 et
1014 1031 1185 1121 Calliphon

106 1133 260 1195 extremis
281 1132 433 1220 precibus
450 1132 635 1211 evicerunt,
655 1146 691 1193 ut
708 1132 890 1193 nuserrbnae
903 1132 1037 1194 ciritan's
1057 1132 1185 1221 aliqum

104 1254 166 1294 esse
180 1232 336 1323 reliquias
341 1248 519 1321 pateretur.
532 1233 636 1322 Igitur
645 1231 817 1319 postridie,
826 1234 894 1311 jam
907 1233 1019 1296 satiata
1032 1234 1185 1300 nonnihil

104 1332 259 1399 vindictae
276 1332 472 1424 cupiditate,
485 1349 633 1399 veterum
654 1334 904 1397 Atheniensium
924 1334 1076 1399 laudibus
1093 1359 1184 1401 corn·

104 1436 311 1516 memoratis,
325 1437 556 1522 ingratissimos
568 1436 746 1515 hommum,
759 1451 797 1497 ut
810 1436 879 1523 ipse
889 1434 1033 1519 dicebat,
1045 1442 1078 1500 r'rr
1090 1438 1186 1503 hono·
1220 1520 1225 1526 ι

103 1558 167 1597 ram
175 1559 342 1601 sacrorum
353 1560 481 1602 suorum
488 1586 499 1617 ‚
513 1550 609 1625 (etque
620 1538 824 1623 antiquorum
834 1536 961 1601 heroum
970 1545 1163 1606 cortservaoit
1170 1567 1184 1623 ;

102 1636 220 1701 multos
235 1662 268 1701 sc
275 1642 410 1727 paucis,
429 1651 460 1703 et
470 1644 558 1702 vivos
568 1640 700 1701 mortuis
713 1636 835 1699 donare
848 1634 1009 1703 dictitans.

52 1762 58 1771 ·
146 1740 281 1804 XLVII.
300 1740 435 1807 Servilio
447 1739 567 1805 deinde
580 1761 715 1827 corporo
727 1737 930 1801 murliacum
948 1737 1049 1804 edixit
1065 1764 1072 1804 :
1088 1756 1182 1805 crete·

102 1843 144 1903 ris
165 1842 336 1905 concedere
359 1842 560 1921 libertatem
579 1839 744 1928 stiffi-agro
763 1838 868 1927 legum
886 1854 917 1903 ct
935 1844 1182 1927 magistratuum

102 1964 167 2005 non
181 1942 369 2023 concedere,
392 1943 482 2031 quod
496 1942 605 2007 hostili
622 1945 705 2005 inse
726 1956 823 2030 atquc
834 1942 992 2030 populum
1015 1965 1182 2011 romonum

102 2043 366 2133 onimofitt'sscnt
382 2047 539 2135 :posteris
559 2056 668 2107 tamen
691 2042 820 2107 illorum
840 2066 880 2105 ea
896 2066 1022 2131 quoquc
1040 2046 1181 2111 reddere.

101 2143 155 2207 Sic
172 2144 398 2231 antiquissima
417 2162 451 2210 et
467 2144 670 2209 nobilissima
686 2144 816 2209 Graeciae
834 2144 962 2226 civitas,
984 2168 1088 2232 quum
1106 2149 1181 2236 plu·

101 2247 266 2311 rimorum
284 2248 446 2313 bellorum
467 2248 629 2337 pericula,
650 2245 928 2333 seditionumque,
944 2264 978 2311 et
1000 2249 1180 2335 tyrannidis

100 2350 335 2415 violentissima
354 2353 437 2415 mala
453 2367 658 2440 superasset,
676 2372 744 2437 quo
763 2366 911 2440 tempore
928 2350 980 2413 rix
995 2352 1103 2415 timeri
1117 2352 1180 2416 tale

101 2453 272 2541 quippiam
293 2453 473 2542 potuisset,
496 2453 670 2518 Aristionis
692 2474 791 2539 opera
813 2451 847 2514 in
871 2474 943 2516 eam
966 2454 1180 2520 calamitatem

100 2551 243 2618 adducta
268 2571 339 2636 est,
365 2571 404 2619 ut
430 2571 613 2620 extremum
638 2553 774 2618 exitium
796 2553 850 2617 vix
872 2552 1033 2620 eraderet.
1056 2556 1179 2621 Sullam

100 2676 237 2744 quoquc
250 2673 363 2746 postea
376 2656 521 2746 gavisum
537 2679 606 2720 esse
620 2655 748 2736 ierunt,
763 2654 854 2743 quod
867 2656 939 2737 irae,
954 2657 1047 2737 cujus
1061 2673 1178 2745 potens

100 2780 169 2820 non
191 2773 277 2838 erat,
301 2759 459 2823 hactenus
480 2757 682 2837 indulsisset,
702 2773 742 2820 ut
762 2772 871 2820 tamen
896 2756 1013 2820 urbem
1035 2780 1103 2820 non
1121 2781 1178 2822 ex·

99 2859 282 2941 scinderct3
298 2860 399 2949 idque
416 2860 502 2923 inter
516 2859 682 2948 praecipua
700 2859 841 2922 lortunae
859 2881 925 2922 suae
941 2857 1098 2922 beneficia
1115 2881 1178 2922 nu-

98 2963 284 3025 merarisse.
294 2963 472 3050 Nunquam
482 2978 590 3025 tamen
602 2960 772 3049 pristinam
781 2957 900 3022 deiude
910 2981 1101 3045 recuperare
1111 2982 1180 3047 spe·

98 3066 182 3129 ciem
201 3065 336 3129 Athenae
353 3080 553 3152 potuerunt3
579 3079 612 3127 et
630 3061 749 3126 moenia
765 3077 837 3124 tum
853 3059 1039 3123 allemanis
1052 3059 1176 3144 diruta,

97 3166 229 3230 circiter
242 3188 346 3230 annos
358 3182 521 3230 trecentos
534 3163 771 3252 quinquaginta
779 3163 926 3242 jacuere,
939 3159 1061 3242 donec,
1074 3163 1177 3252 impe-

96 3284 190 3332 rante
201 3267 390 3350 Valeriano,
403 3283 516 3332 contra
526 3265 721 3354 Scytharum
733 3261 938 3328 incursiones
950 3260 1173 3331 reficerentur.

138 3369 292 3434 XLVIII.
309 3368 372 3432 Per
388 3367 501 3432 eadem
520 3382 668 3455 tempora
686 3366 756 3443 aliis
772 3386 907 3453 quoque
922 3364 1002 3429 locis
1017 3365 1103 3430 inter
1118 3391 1174 3432 ro-

15 3553 16 3558 ,
97 3493 213 3535 manos
231 3469 535 3558 mithridaticosque
554 3468 654 3534 duces
673 3467 761 3532 varia
780 3467 913 3530 fortuna
936 3484 1094 3532 certatum
1112 3488 1172 3536 est.

97 3576 171 3638 Asia
192 3576 296 3638 ferme
313 3588 380 3637 tota
397 3573 482 3662 regis
501 3586 588 3652 erat3
615 3571 678 3636 nisi
699 3569 792 3658 quod
813 3568 854 3632 ab
877 3568 1050 3634 obsidione
1064 3572 1174 3637 Rhodi

96 3677 244 3764 repulso,
264 3672 361 3740 etiarn
377 3675 544 3764 Magnetes
566 3673 741 3738 fortissime
759 3672 963 3736 resistebant.
983 3674 1027 3738 lli
1046 3689 1079 3737 et
1095 3675 1171 3759 alias

95 3779 276 3864 plurimum
299 3775 410 3841 damni
434 3776 530 3865 regiis
552 3776 748 3859 attulerant;
777 3790 811 3839 et
832 3775 1046 3856 Archelaum,
1072 3776 1171 3862 paulo

95 3897 184 3962 ante,
205 3903 305 3969 quarn
319 3879 353 3943 in
367 3879 525 3944 Graeciam
544 3878 623 3961 iret,
642 3877 722 3943 fines
744 3901 822 3944 suos
839 3878 944 3943 ellusa
956 3878 1170 3966 populatione

127 4089 143 4153 S
160 4091 255 4139 mr.
274 4087 340 4137 Flor.
359 4090 411 4146 111,
427 4090 450 4137 5.
469 4115 504 4126 -
518 4089 642 4139 Plutarch.
662 4117 696 4127 -
712 4088 821 4154 Appias.
840 4115 875 4125 -
890 4086 907 4152 s
922 4086 1024 4134 van.
1043 4083 1168 4136 Plutarch.

95 4174 220 4242 Apopbth.
234 4175 310 4224 Rom.
322 4187 376 4238 cap.
391 4173 432 4222 31.
