2875 4900
274 459 277 467 ,
305 378 360 453 ru
388 378 500 451 noe.
526 383 621 455 nur.
647 387 744 456 cnr
773 387 988 457 trvtsur.
1112 386 1181 459 503
1286 329 1290 339 ¹

110 518 210 586 quam
236 502 391 591 neglectis
412 519 447 567 et
468 504 638 587 alienatis,
661 506 816 571 adversus
840 507 901 570 bos
925 508 1021 572 simul
1046 509 1184 595 illosque

110 618 247 690 gereret.
269 602 323 667 Ad
345 605 473 669 surim
490 607 557 671 sive
572 608 732 698 Saganam
756 610 919 696 (utroque
940 610 1026 673 eninr
1049 613 1185 675 nomine

109 705 292 792 appellatur
311 704 458 794 flumen)
474 710 579 796 prima
594 711 767 775 commissa
782 734 892 801 pugna
910 726 978 791 est;
995 711 1052 775 ubi
1071 729 1183 799 quar-ta

109 808 215 871 ferme
225 829 299 894 pars
307 806 531 873 Helvetiorum
541 810 657 900 (pagus
665 812 846 900 Tigurinus
853 811 951 897 erat),
963 834 1064 898 quum
1077 815 1182 877 ceteri

109 930 242 972 amnem
260 910 470 993 transissent,
488 934 507 975 a
522 914 645 977 Cresare
660 910 828 1003 profligata
842 928 900 976 est
919 915 1032 977 Caeteri
1050 936 1108 999 per
1119 913 1182 977 Di·

109 1010 263 1074 viconem
281 1011 440 1101 legatum,
455 1012 515 1099 qni
528 1012 616 1077 bello
628 1014 775 1077 oessisno
789 1012 856 1076 dux
870 1012 1093 1077 Helvetiorum
1111 1014 1183 1077 fue·

108 1126 177 1193 rat,
202 1134 316 1201 pacem
339 1135 359 1176 a
382 1114 506 1177 Coesare
528 1113 727 1201 postulando
749 1114 875 1195 verius,
898 1138 998 1202 quam
1020 1114 1181 1201 petendo,

108 1210 317 1277 conditiones
335 1213 499 1295 ferebant,
517 1217 567 1277 uti
580 1216 641 1279 sibi
656 1214 741 1278 sedes
755 1216 970 1295 constitueret;
987 1217 1035 1279 itt
1034 1214 1181 1301 futuros,

108 1312 168 1377 ube·
189 1314 254 1401 ipss
274 1314 428 1379 eolrnkset
447 1316 640 1381 :recussnti
658 1316 763 1381 minas
789 1316 961 1403 ingemat,
975 1320 1183 1403 pristirrorwn

102 1412 221 1502 populi
232 1417 359 1480 romani
368 1415 509 1491 cladium
521 1415 716 1497 admonent,
731 1438 833 1504 neque
844 1415 1069 1505 magnifacere
1079 1435 1186 1482 osten-

108 1515 212 1598 dunt,
236 1517 325 1606 quod
341 1531 494 1582 nocturno
516 1516 757 1605 Coesuritfimo
772 1532 900 1606 partem
920 1540 1047 1583 suornm
1065 1520 1184 1585 deside·

109 1632 198 1697 rent,
221 1621 341 1684 vrinae
365 1634 566 1708 reparaturos
573 1668 585 1701 ,
610 1620 701 1709 quod
724 1619 836 1685 tortili
856 1618 931 1683 dolo
958 1622 1112 1687 duranum
1133 1646 1185 1687 ea-

102 1734 202 1808 ptrtm
217 1722 269 1785 sit.
417 1808 421 1815 Ι

156 1822 310 1887 CXXXI.
325 1826 445 1905 Cam,
461 1824 503 1888 ad
517 1824 586 1889 brec
596 1824 692 1907 doto,
706 1824 794 1912 quali
809 1846 893 1913 opus
907 1840 992 1905 erat,
1009 1848 1184 1913 responsu,

109 1925 140 1985 si
160 1924 288 2011 qut‘riem
308 1924 387 1988 dent
405 1924 544 2005 obsides,
559 1923 751 2014 facturum,
769 1946 843 2013 quar
852 1938 1012 2013 peterem,
1032 1923 1184 1989 ostendit.

111 2025 253 2089 Helvetii
266 2042 400 2110 contra,
416 2030 460 2091 εἰσ
475 2050 508 2090 se
520 2050 542 2091 α
558 2028 728 2117 majoribus
742 2028 806 2089 stris
821 2028 976 2091 imtitutos
983 2075 993 2105 ,
1016 2040 1052 2089 ut
1066 2026 1186 2090 obsides

109 2130 254 2215 aecr'pem
262 2175 273 2207 ,
288 2152 353 2192 non
368 2130 466 2210 dore,
481 2132 703 2194 comueverint.
723 2128 775 2193 Sic
791 2128 917 2207 aln'ecto
936 2130 1021 2217 pacis
1037 2128 1185 2217 negotio,

111 2252 219 2315 quum
243 2230 352 2295 hostes
375 2229 667 2320 progrederentur,
689 2233 793 2294 Caesar
816 2232 980 2294 sociorum
1003 2228 1184 2316 equitatum

111 2331 297 2419 premittit,
311 2333 555 2420 exploraturum
569 2332 714 2395 bostium
729 2332 800 2393 iter.
818 2332 969 2413 Quatuor
983 2330 1081 2393 millia
1095 2328 1187 2415 equi·

111 2451 185 2498 tum
200 2450 313 2517 erant,
337 2435 414 2522 qui,
440 2432 579 2500 numero
601 2432 735 2515 conlisi,
759 2455 835 2498 cum
857 2433 953 2523 longe
977 2432 1185 2522 paucioribus

111 2535 268 2598 Helvetiis
286 2536 393 2600 alieno
407 2537 482 2600 loco
500 2559 642 2625 pugnarn
663 2551 903 2600 conseruerunt
918 2558 925 2598 :
940 2535 1051 2624 paucis
1068 2534 1185 2599 caden-

111 2635 216 2718 tibus,
244 2637 281 2700 fit
307 2639 383 2726 fuga
405 2661 424 2700 a
447 2639 672 2725 Dumnorige,
700 2637 852 2724 praefecto
880 2635 1062 2723 equitatus,
1085 2657 1186 2722 quem

113 2737 215 2802 AEdui
235 2739 355 2802 auxilio
375 2739 490 2803 Caessri
510 2739 684 2818 miserant,
701 2737 841 2825 quique,
867 2737 1066 2825 Orgetorigis
1090 2733 1189 2798 ductu

110 2839 194 2922 lilia,
213 2841 294 2904 clsnr
314 2840 412 2904 rebus
429 2839 651 2903 Helvetiorum
668 2837 831 2902 studebat.

157 2943 325 3006 cxxxtl.
342 2943 497 3021 Helvetii,
514 2941 605 3029 quod
617 2963 733 3005 eorum
749 2940 874 3026 equites
887 2938 1061 3026 quingenti
1072 2935 1185 2999 admo-

111 3044 193 3108 dum
220 3043 465 3107 multitudinem
486 3059 607 3106 tantam
631 3041 800 3119 fuderant,
823 3040 944 3119 majore
970 3061 1044 3102 cum
1068 3036 1187 3100 fiducie

111 3139 218 3233 empto
241 3162 495 3234 prosequuntur.
520 3143 740 3230 Subsequitur
761 3142 822 3205 iter
847 3140 999 3202 facientes
1021 3161 1096 3202 cum
1119 3139 1187 3201 suis

111 3247 217 3333 copiis
244 3248 365 3326 Cesar,
390 3247 435 3309 ita
457 3261 495 3308 ut
517 3268 577 3334 per
600 3244 671 3307 dies
696 3257 949 3330 praeterpropter
977 3238 1186 3327 quindecim,

112 3348 201 3410 inter
223 3347 437 3410 novissimum
455 3346 618 3426 hostium,
641 3360 674 3408 et
694 3345 838 3432 primum
862 3343 946 3406 illius
964 3363 1099 3430 agmen,
1118 3365 1188 3406 non

111 3449 252 3536 amplius
263 3449 385 3535 quinis,
395 3463 453 3511 aut
461 3449 547 3510 senis
558 3446 702 3510 millibus
712 3467 867 3532 passuum
880 3445 1058 3506 interesset.
1072 3442 1185 3524 Quum

111 3551 155 3614 ita
181 3547 223 3612 sd
248 3548 551 3614 duodetricesimum
569 3547 704 3610 milliare
723 3547 765 3609 ab
782 3543 904 3633 oppido
925 3542 1110 3607 AEduounm
1133 3544 1187 3607 Bi-

112 3651 223 3714 bracte
239 3666 433 3737 perventum
456 3665 561 3730 esset,
584 3651 706 3728 Cesar,
731 3649 782 3710 rei·
796 3646 1016 3710 frumentariae
1034 3667 1130 3709 causa
1147 3667 1191 3708 eo

112 3752 295 3840 digressus,
309 3750 501 3839 opinionem
514 3751 625 3831 injecit
638 3749 743 3832 hosti,
759 3749 876 3812 timore
890 3763 1057 3834 correptos
1073 3747 1189 3809 Roma·

114 3873 192 3931 nos,
208 3867 242 3914 et
257 3849 382 3914 adversi
396 3851 496 3938 praelii
513 3852 669 3916 memoria
681 3849 859 3916 discedere.
879 3850 983 3939 lgitur
996 3847 1118 3911 omisso
1134 3846 1191 3909 iti-2

113 3975 209 4032 nere,
222 3953 350 4040 insequi
364 3954 520 4017 Cresarern
538 3969 636 4043 atque
648 3954 803 4020 lacessere
818 3967 994 4041 coeperunt.
1016 3950 1092 4029 lile,
1108 3949 1191 4018 sub«

149 4145 285 4212 sexis.
299 4144 358 4194 nro.
373 4171 407 4180 -
423 4145 485 4195 ce.
