2875 4900
53 510 61 542 Ι

297 382 365 454 trli
460 384 528 453 lO.
555 384 895 454 FREINSHEMII
925 384 1172 455 SUPPLEM.

292 508 378 571 «nisi
398 506 517 593 quibus
533 504 611 569 locis
627 520 702 567 ante
719 504 841 569 bellum
857 504 989 585 babuit,
1005 503 1194 585 deduxerit,
1209 520 1352 591 sumptus

290 608 404 690 «belli,
421 606 514 687 cujus
527 608 596 694 ipse
609 606 757 669 concitos
772 605 851 686 luit,
864 606 1065 693 praestiterim
1082 622 1117 669 et
1129 604 1237 694 patrio
1254 628 1351 695 regno

289 726 506 791 «contentus,
527 724 657 790 eutem,
679 707 800 794 quibus
819 706 1004 796 oportebit,
1024 707 1224 771 restituerit:
1245 728 1350 793 spero,

291 835 366 875 «me
382 813 411 875 ei
427 810 618 874 delictorum
633 808 760 873 veniam
776 832 794 871 a
808 809 930 897 populo
949 830 1086 871 romano
1105 809 1350 895 impetratruum

291 946 306 969 ιι
316 936 384 978 esse
394 945 416 977 ιι.
466 969 468 977 ,
1085 948 1087 951 >

336 1017 417 1079 LVI.
438 1013 498 1078 Ad'
510 1028 690 1077 extremum
712 1013 757 1076 ita
780 1014 934 1077 convenit
956 1036 965 1077 z
988 1012 1208 1075 Mithridatem
1227 1012 1304 1075 Asis
1319 1024 1351 1073 et

292 1114 515 1203 Paphlagonia
529 1114 681 1177 abstinere
689 1137 702 1192 ;
717 1113 904 1198 Bithyniam
917 1111 1099 1190 Nt'eomedi,
1119 1110 1350 1201 Cappadociam

291 1214 508 1279 Ariobarzani
524 1213 673 1293 reddere,·
690 1212 840 1277 Romanis
856 1215 922 1277 duo
942 1215 1045 1277 millia
1061 1213 1199 1292 talenta,
1216 1235 1288 1277 eum
1303 1236 1350 1275 se·

283 1320 457 1404 ptuaginta
471 1316 612 1379 rostratis
624 1326 656 1377 et
667 1318 756 1378 omni
764 1313 1349 1379 amramentodareredieersoSullam

288 1434 320 1483 et
332 1422 483 1507 reliquum
496 1421 527 1481 ei
534 1440 666 1504 mgnum
678 1415 882 1503 confirmare,
895 1414 1192 1503 etmtetoremfieri,
1202 1432 1241 1481 ut
1250 1419 1349 1481 socius

251 1576 252 1581 ,
289 1524 466 1609 amicusque
479 1518 597 1608 populi
609 1522 736 1583 romani
752 1520 936 1608 appelletur.
954 1521 1013 1583 llis
1030 1518 1207 1607 ita-pactis,
1227 1518 1346 1582 Arche·

290 1618 358 1685 laus
368 1622 541 1709 prcesidic,
562 1621 672 1709 quihus
689 1623 752 1709 ipse
767 1636 932 1709 praesset,
955 1623 1104 1684 connnuo
1123 1618 1345 1697 deducturum,

288 1722 328 1785 de
345 1725 463 1785 catenis
482 1724 665 1809 scripturum
686 1724 757 1805 regi
760 1766 770 1800 ,
795 1721 936 1808 recepit3
959 1733 1054 1809 atque
1071 1722 1194 1784 interim
1210 1742 1301 1807 seque
1317 1736 1348 1783 et

288 1821 415 1885 classem
430 1820 530 1886 salte
548 1822 681 1886 tradere.
696 1824 786 1885 llum
808 1822 879 1885 baec
897 1822 985 1885 ultro
1006 1822 1154 1909 citroque
1174 1836 1348 1910 geruntur,

204 1953 205 1962 ¹
290 1925 325 1988 L.
336 1923 482 1987 Valerius
506 1924 638 1987 Flaccus
661 1924 793 2005 consul,
811 1940 849 1987 ut
865 1924 961 1988 Sullae
982 1923 1188 2004 succederet,
1212 1924 1347 2004 missus,

286 2022 470 2088 Brundusio
491 2024 603 2103 solvit,
622 2024 796 2111 statimque
816 2046 834 2087 a
854 2026 1031 2112 principio,
1051 2046 1154 2111 quum
1176 2023 1229 2087 rix
1249 2040 1347 2111 portu

288 2126 424 2206 exisset,
450 2124 586 2188 infelicis
611 2124 824 2211 expeditionis
850 2127 942 2211 quasi
973 2127 1153 2213 prenuntia
1176 2142 1349 2213 tempestas

286 2224 455 2313 plerasque
472 2244 569 2287 naves
587 2226 698 2305 solvit,
716 2225 858 2313 aliasque
875 2227 1053 2313 premissos
1070 2228 1211 2314 profecti
1225 2228 1352 2291 Mithri-

290 2324 370 2388 datis
387 2323 613 2388 incenderunt.
685 2322 688 2336 '

333 2426 429 2491 LVII.
443 2426 597 2514 lleliquos
608 2420 709 2514 quum
724 2429 890 2493 invasisset
902 2430 1018 2511 fames,
1029 2430 1083 2493 vix
1094 2444 1127 2493 et
1135 2451 1220 2517 tegre
1228 2430 1352 2516 Byran·

288 2527 389 2609 tium,
409 2526 527 2591 deinde
544 2526 674 2590 fortuna
687 2528 751 2608 jam
769 2532 972 2616 prosperiore
984 2531 1051 2611 usi,
1065 2531 1100 2594 iu
1111 2531 1293 2618 Bithyniam
1307 2529 1352 2594 ad

289 2627 447 2715 oppidum
462 2628 601 2692 Nicaeam
619 2644 847 2718 pervenerunt.
867 2630 992 2694 Eodem
1007 2653 1083 2694 cum
1102 2631 1159 2710 iis,
1182 2631 1265 2717 quos
1280 2629 1353 2717 ipse

290 2729 445 2809 ducebat,
462 2729 499 2793 C.
509 2729 651 2794 Fimbria
667 2731 790 2818 legatus
802 2730 945 2794 accessit.
962 2727 1039 2794 Erat
1055 2731 1109 2794 hic
1126 2747 1276 2794 extremae
1292 2753 1355 2793 au·

289 2832 386 2896 (luciae
399 2831 500 2894 homo
517 2831 649 2900 consuli,
659 2831 776 2918 ignavo
788 2845 821 2893 et
836 2831 882 2894 rei
896 2831 1041 2894 militaris
1055 2831 1207 2919 imperito
1220 2829 1356 2908 adjutor

289 2932 405 2996 datus:
422 2930 480 2994 sed
496 2953 533 2994 ea
549 2953 600 2994 res
619 2930 792 3018 utriusque
802 2929 887 2993 vitiis
900 2931 966 2994 cito
979 2922 1013 2993 iu
1029 2953 1204 2995 commune
1215 2931 1354 2994 exitium

288 3033 394 3094 vertit.
414 3033 553 3094 Pratum
568 3029 738 3120 ingenium
754 3031 881 3095 consuli
895 3049 977 3112 erat,
996 3053 1145 3112 avarum,
1163 3031 1253 3096 etad
1271 3053 1356 3120 sup·

285 3133 379 3219 plicia
401 3153 561 3219 praeceps3
587 3132 707 3219 quibus
730 3133 827 3195 rebus
849 3133 1075 3197 benevolentia
1096 3133 1236 3198 militum
1261 3133 1357 3198 haud

289 3255 366 3294 sane
382 3247 550 3296 retmetur.

334 3332 448 3396 LVIII.
457 3332 543 3419 Ergo
558 3333 719 3419 premissa
730 3355 804 3421 pars
814 3357 929 3400 eorum
939 3336 974 3398 iu
984 3335 1195 3416 Thessaliam,
1211 3336 1246 3398 in
1256 3337 1361 3401 Sullae

288 3447 391 3496 castra
402 3434 548 3512 transiit,
567 3433 691 3514 ceteri,
709 3457 752 3497 ne
767 3435 957 3517 delicerent,
971 3457 1085 3524 oegrea
1099 3437 1136 3500 C.
1147 3437 1288 3500 Fimbria
1303 3461 1364 3500 re-

289 3531 368 3596 tenti
383 3549 470 3598 sunt.
485 3535 582 3597 Hunc
597 3535 683 3597 euim
698 3532 742 3598 ob
755 3537 995 3600 simulationem
1006 3537 1136 3600 virtutis
1149 3553 1183 3600 et
1192 3537 1362 3624 requitatis

288 3635 447 3698 exercitus
462 3632 634 3722 diligeba,-
650 3634 742 3722 quod
756 3637 784 3699 is
799 3653 1025 3724 contemptum
1038 3636 1185 3724 pecuniae
1200 3636 1364 3725 prefere-

288 3737 361 3816 bat,
383 3757 485 3822 quum
507 3734 640 3798 Flaccus
665 3737 850 3826 inexplebili
870 3738 1064 3827 cupiditate,
1084 3761 1154 3803 non
1177 3755 1366 3804 contentus

287 3853 399 3901 caetera
421 3837 456 3899 in
478 3836 586 3900 sinum
608 3859 703 3902 suum
726 3839 889 3921 condere,
909 3842 1006 3906 etiam
1026 3863 1191 3906 annonam
1210 3841 1365 3906 militum

319 4049 412 4112 §LVL
426 4048 474 4095 Dio
487 4047 553 4112 apud
569 4050 637 4097 Fulv.
653 4053 734 4098 Ursin.
748 4081 783 4087 -
795 4051 917 4103 Plutarch.
937 4083 971 4091 -
989 4057 1098 4120 Appiru.
1115 4082 1150 4091 ·-
1165 4054 1219 4101 biv.
1236 4052 1307 4118 Epit.
1323 4077 1368 4092 —-

280 4132 408 4180 blemuon.
423 4157 458 4166 --
475 4129 581 4196 sctit.
599 4133 650 4181 ttv.
665 4134 731 4197 Epit.
746 4161 782 4172 -
795 4136 903 4200 Appiam
