2875 4900
298 374 352 443 ru
382 372 500 445 toc.
528 372 622 440 nro.
649 371 738 439 cvr
768 372 982 447 mutim.
1108 371 1177 471 595

150 496 237 561 XLI.
259 494 389 575 Parthi,
410 492 554 583 primum
573 489 705 557 ordines
724 489 851 561 infestis
866 492 973 557 contis
990 495 1181 581 perturbare

106 600 190 682 nisi,
214 614 390 687 postquam
413 616 529 661 corum
552 591 707 659 viderunt
733 590 987 675 firmitudinem,
1003 611 1180 678 *momento

106 700 240 789 dilapsi,
257 699 447 787 priusquam
461 695 601 762 llomani
611 693 925 772 animadverterent,
936 696 1067 761 illorum
1077 700 1179 763 aciem

106 798 416 879 circumdederunt,
434 798 652 884 emissamque
668 820 687 858 a
703 798 819 861 Crasso
840 798 942 861 levem
964 816 1181 881 armaturam,

106 902 267 994 grandine
280 901 420 967 telorum
436 900 605 979 obmtam,
626 898 818 985 repulerunt
833 898 876 963 ad
891 922 1029 964 suorum
1044 924 1182 991 agmen3

106 1006 209 1094 idque
223 1004 354 1069 initium
369 1002 497 1091 pavoris
514 1000 697 1089 legionibus
713 999 795 1081 fuit,
814 1022 919 1088 quum
936 1003 1040 1069 aculei
1054 1006 1183 1093 sagitta·

107 1130 185 1171 mam
200 1106 270 1195 pari
286 1104 439 1169 violentia
457 1124 516 1191 per
536 1116 674 1168 armatas
698 1123 878 1188 corporum
903 1118 1008 1189 partes
1025 1151 1035 1185 ,
1060 1126 1098 1167 ac
1121 1127 1181 1194 per

108 1206 235 1289 nudas,
251 1205 354 1271 adacti
377 1218 599 1271 cernerentur.
616 1205 660 1267 At
682 1202 813 1284 Parthi,
831 1202 973 1275 diductis
990 1204 1182 1289 ordinibus,

107 1309 250 1399 amplexi
264 1330 432 1376 romanam
446 1306 568 1387 aciem,
584 1304 715 1395 sagittas
731 1304 860 1369 eminus
871 1305 1044 1371 mittebant
1055 1307 1090 1373 in
1106 1330 1184 1379 oon·

107 1412 211 1477 fertus
233 1425 332 1499 atque
348 1408 392 1473 ita
410 1407 581 1487 densatos,
601 1405 708 1471 utrix
730 1405 835 1470 ullum
861 1404 976 1472 cadere
1000 1409 1070 1473 sine
1097 1432 1183 1475 noxa

108 1514 214 1577 telum
239 1526 373 1599 posset,
407 1508 532 1573 etiamsi
564 1506 606 1572 de
633 1504 795 1571 industria
820 1506 969 1572 aberrare
993 1509 1182 1576 voluissent

108 1610 286 1701 Affligebat
300 1612 467 1677 Romanos
481 1630 600 1697 anceps
612 1608 754 1688 malum,
766 1605 858 1694 quod
868 1621 902 1671 et
914 1623 1035 1675 sentes
1049 1610 1185 1699 impune

108 1712 383 1793 vulnerabantur,
400 1726 433 1777 et
448 1711 475 1775 si
488 1711 547 1799 qui
560 1724 810 1799 procurrerent,
826 1731 933 1797 neque
950 1711 1110 1800 attingere
1124 1738 1185 1803 po·

110 1828 220 1879 terant
233 1812 472 1880 velocissimum
487 1811 635 1893 bostem,
652 1825 716 1878 eta
732 1810 877 1892 Parthis,
891 1813 977 1878 iuter
988 1814 1183 1902 fugiendum

111 1914 327 1987 nihilominus
338 1914 400 1981 tela
412 1912 657 2003 spargentibus,
673 1929 712 1976 ut
726 1934 798 1977 mos
809 1928 878 1977 erat
891 1914 997 2001 genti,
1013 1914 1117 1980 nihilo
1127 1918 1187 1981 rni-

110 2017 180 2083 tius
193 2017 397 2105 petebantur.

157 2116 261 2181 XLII.
284 2116 384 2181 Hunc
403 2132 470 2184 tam
491 2138 621 2204 gravem
644 2137 756 2179 casum
782 2138 847 2179 una
871 2115 933 2181 bac
957 2140 1014 2206 spe
1035 2118 1185 2183 solaban-

111 2233 187 2299 tur,
203 2218 295 2299 l'orc,
310 2233 348 2281 ut
361 2217 524 2283 exhaustis
540 2216 738 2282 Parthorum
751 2216 930 2304 pharetris,
945 2240 981 2281 ea
994 2220 1185 2308 sagittarum

112 2333 287 2407 tempestas
307 2334 432 2385 cesset:
453 2334 486 2403 at
508 2318 567 2383 ubi
585 2318 705 2383 multos
730 2317 792 2382 illis
813 2318 954 2384 camelos
975 2336 1093 2406 praesto
1112 2343 1182 2387 esse

113 2419 187 2486 telis
203 2435 340 2486 onustos
359 2418 526 2510 cognitum
548 2434 616 2501 est,
638 2420 792 2502 Crassus,
817 2419 939 2500 majore
954 2436 1044 2488 metu
1056 2424 1185 2512 percul-

113 2545 191 2603 sus,
210 2521 277 2586 filio
294 2544 352 2610 per
370 2521 504 2589 nuntios
520 2519 670 2603 mandat,
686 2536 741 2602 ut,
751 2523 941 2609 priusquam
956 2524 1182 2607 circumietur,

113 2647 246 2690 manum
256 2633 413 2691 censerem
416 2639 574 2712 properet.
589 2622 804 2705 Adolescens,
816 2640 933 2713 praeter
941 2625 1066 2712 equites
1080 2627 1185 2709 mille,

114 2747 200 2813 quos
213 2723 392 2790 adduxerat
405 2747 423 2789 e
438 2724 553 2806 Gallia,
568 2725 721 2794 trecentis
733 2725 1006 2814 aliis'assumptis,
1021 2749 1097 2792 cum
1109 2743 1184 2792 octo

115 2826 331 2908 cohortibus,
351 2813 383 2890 et
399 2827 567 2916 sagittariis
584 2827 790 2917 quingentis,
806 2849 909 2914 quum
930 2842 1060 2892 evectus
1080 2844 1182 2910 esset,

114 2929 247 3012 Parthi,
272 2929 340 2994 sive
367 2928 458 3017 quod
484 2929 526 2994 in·
541 2929 700 3017 uliginosa
723 2929 792 2992 loca
813 2926 1014 3010 inciderant,
1040 2929 1124 3010 sive,
1146 2946 1185 2994 ut

116 3031 170 3096 alii
193 3029 428 3120 prodiderunt,
450 3046 541 3111 astu,
561 3047 713 3117 utquam
734 3027 922 3115 longissime
939 3049 957 3090 a
975 3028 1043 3092 suis
1060 3029 1186 3118 abripe-

116 3149 191 3197 rent
207 3134 377 3214 Crassum,
395 3133 494 3198 rersis
509 3132 645 3196 habenis
658 3131 819 3195 abierunt.
833 3130 903 3194 Nec
916 3129 1020 3194 caruit
1032 3153 1185 3196 successu

118 3232 213 3298 dolus
224 3256 233 3296 :
246 3232 359 3301 incitat
378 3254 500 3321 equum
514 3231 716 3311 adolescens,
730 3230 858 3294 bostem
871 3229 984 3318 fugere
996 3231 1184 3318 clamitans3

117 3351 302 3422 sequuntur
321 3335 459 3422 aequales
482 3334 678 3399 Censorinus
701 3348 831 3398 senator
849 3355 889 3396 ex
909 3331 1057 3414 disertis,
1076 3350 1110 3398 et
1129 3359 1184 3400 ro·

117 3435 200 3500 bore
210 3435 355 3524 corporis
366 3436 533 3524 animique
543 3433 727 3522 precellens
736 3434 993 3524 Megabocchus:
1010 3457 1052 3499 ue
1060 3434 1184 3524 pedites

118 3535 250 3624 quidem
264 3552 450 3617 moramur,
464 3537 544 3625 quin
556 3558 614 3623 spe
624 3552 657 3602 et
667 3535 786 3624 gaudio
796 3537 938 3602 victoriae
950 3559 1083 3603 cursum
1096 3540 1186 3627 equi·

118 3653 188 3706 tum
206 3660 306 3726 prope
320 3637 502 3727 adaequeut.
1060 3703 1066 3722 ,

161 3739 281 3804 XLIII.
303 3739 367 3804 Sed
384 3756 556 3829 postquam
579 3753 712 3827 repente
733 3752 766 3800 et
788 3738 846 3826 qui
863 3738 1013 3827 fugerant
1028 3738 1183 3802 substite-

119 3857 215 3922 runt,
228 3856 261 3904 et
271 3857 425 3928 praeterea
436 3857 581 3906 recentes
597 3857 808 3906 accmreruut
825 3841 1061 3930 alii,·sperabat
1073 3856 1182 3904 mmen

119 3966 264 4034 pugnam
284 3943 438 4024 Publius3
455 3942 496 4007 ad
518 3967 633 4008 manus
653 3958 845 4021 venturum,
861 3959 899 4007 ut
917 3959 1029 4006 contra
1045 3964 1184 4028 paucos,

156 4135 172 4200 5
187 4139 265 4184 xtrr.
280 4137 389 4201 Appiuu.
403 4163 437 4174 -
447 4137 569 4184 Plutarch.
