2875 4900
282 414 352 461 aao
452 389 885 459 10.r1ttttustttt111
915 388 1157 458 SUPPLEM.

281 508 447 575 sertoriani
459 508 534 574 belli
547 509 746 573 mentionem
759 508 967 589 accessimus,
981 506 1072 594 quod
1083 506 1134 570 illa
1147 518 1321 595 tempestate

280 612 376 700 longe
393 611 614 700 gravissimum
627 610 711 690 tuit,
728 630 797 673 rem
810 607 907 696 paulo
920 629 1015 695 supra
1026 609 1147 697 repeti,
1162 606 1202 671 ad
1215 606 1320 683 multa,

280 734 353 798 quo
365 710 446 775 scire
458 710 599 773 lecturos
616 710 729 790 refert,
745 698 913 797 profuerit.
926 710 1100 797 Postquam
1116 709 1253 797 primunr
1267 706 1324 770 sci·

279 811 387 899 pionis
400 808 569 875 deficiente
582 810 740 893 exercitu,
755 810 916 874 Sertoriru
932 810 965 873 in
977 809 1163 898 Hispaniam
1174 808 1323 884 abiret-at,

280 929 351 977 turn
371 910 583 975 admiratione
601 910 729 975 virtutis
750 926 783 975 et
806 909 988 991 industrias,
1009 924 1080 973 tum
1102 908 1268 973 ambitioso
1291 927 1323 967 ac
1404 897 1406 976 l

280 1010 345 1075 leni
361 1010 514 1097 imperio,
527 1002 899 1096 provincialiumaimul,
913 1009 1098 1099 civiumque
1109 1028 1324 1082 romanorum,
1406 1018 1408 1083 l

279 1112 337 1199 qui
349 1094 428 1175 loeis
443 1111 506 1184 illis
520 1110 751 1193 consederant,
768 1111 812 1175 ita
828 1111 1010 1177 conciliarit
1026 1110 1169 1193 animos,
1183 1126 1221 1175 ut
1235 1107 1324 1198 paulo
1406 1122 1407 1143 ³

280 1228 353 1299 post
371 1232 489 1299 magno
501 1210 644 1277 exercitu
661 1226 790 1295 macto,
808 1215 845 1277 C.
857 1213 965 1289 Annio
982 1212 1084 1277 missu
1101 1212 1195 1279 Sullae
1208 1211 1241 1274 in
1257 1190 1326 1273 liis·
1406 1190 1408 1259 l

281 1311 409 1399 paniarn
427 1311 533 1393 eunti,
552 1334 608 1375 sex
627 1312 725 1375 millia
740 1328 938 1377 armatorum
959 1311 1043 1377 duoe
1057 1311 1147 1377 Livio
1160 1310 1327 1375 Salinatore

281 1434 446 1499 opponere
461 1413 620 1500 potuerit,
636 1414 710 1501 qui,
730 1413 892 1502 occupatis
910 1412 1054 1501 Pyrenaei
1073 1411 1245 1501 angustiis,
1260 1408 1326 1473 Sul·

280 1512 371 1575 lanos
383 1511 474 1576 aditu
486 1528 643 1577 arcerent.

325 1612 432 1677 xxlt.
453 1612 517 1677 Sed
537 1614 749 1679 obtnrnoatus
769 1638 787 1679 a
807 1612 983 1701 Calpurnio
1004 1610 1140 1677 Lausum
1162 1610 1328 1683 Salinator,

280 1734 377 1801 quem
397 1712 588 1779 fidissimum
609 1716 788 1779 amicorum
808 1713 1003 1797 crediderat,
1020 1712 1211 1779 &Annium
1227 1708 1328 1775 subito

281 1813 414 1877 immisit
426 1816 716 1902 necopinantibus,
733 1814 822 1879 unde
839 1814 1000 1880 Sertorios
1015 1835 1090 1879 cum
1109 1812 1214 1877 tribus
1231 1808 1329 1873 homi·

281 1936 361 1979 nutu
374 1912 515 1979 millibus
527 1916 755 2005 Carthaginem
764 1918 888 1981 Novaro
898 1963 908 1996 ,
919 1932 952 1980 et
965 1914 1041 1979 inde
1054 1912 1189 1977 naribus
1200 1914 1234 1975 in
1246 1910 1330 1974 blau·

281 2016 403 2079 ritarrioe
415 2015 493 2080 litus
506 2018 657 2106 perfugit
672 2017 736 2081 Sed
752 2016 862 2081 multis
878 2015 1135 2081 militibusinter
1149 2010 1330 2101 aquandum

280 2118 386 2181 subita
400 2118 612 2181 barbarorum
626 2118 807 2206 irruptione
824 2118 963 2201 arnissis,
980 2132 1068 2180 retro
1081 2116 1148 2179 vela
1166 2114 1260 2193 leoit3
1275 2112 1331 2174 ite·

279 2238 419 2305 rumque
440 2218 608 2305 repulsus,
630 2218 759 2283 adscitis
782 2218 956 2306 piratarum
979 2217 1115 2305 Cilicum
1138 2214 1331 2303 peronibus,

131 2332 137 2343 ·
279 2318 464 2405 presidium
487 2319 584 2383 Annii
606 2321 639 2383 in
666 2322 796 2409 Pityusa
820 2318 924 2385 insula
949 2318 1142 2407 improvisus
1166 2312 1331 2404 oppressit.

280 2416 345 2482 Sed
358 2419 466 2485 Annio
487 2442 635 2511 magnam
651 2422 801 2504 classem,
820 2442 894 2486 cum
916 2442 981 2486 una
993 2419 1120 2510 legione
1135 2416 1332 2492 adducente,

281 2521 390 2608 praelio
410 2523 511 2586 navali
528 2547 641 2612 parum
657 2545 812 2612 prospero
826 2544 923 2603 usus,
941 2521 1032 2611 quod
1043 2541 1139 2584 nares
1156 2518 1242 2582 illius
1253 2517 1332 2580 leves

282 2643 462 2709 parumque
479 2621 602 2704 firmas,
621 2619 713 2688 ortus
733 2627 816 2689 l'orte
834 2641 950 2688 ventus
971 2621 1153 2702 disjecerat,
1176 2635 1253 2706 post
1267 2617 1334 2680 lon·

281 2742 359 2808 gum
375 2735 408 2786 et
426 2743 533 2786 acrem
553 2726 710 2812 naufragii
731 2741 870 2805 metum,
888 2723 984 2812 paolo
1007 2743 1104 2809 supra
1125 2719 1219 2784 Betis
1234 2716 1334 2782 aronis

283 2821 364 2884 ostia
381 2823 544 2911 applicuit.

326 2923 448 2988 XXIII.
461 2925 530 2989 Sub
543 2925 630 2990 idem
645 2941 774 3014 tempus
788 2942 893 2990 nautae
905 2947 1015 2990 recens
1027 2947 1066 2988 ex
1077 2923 1191 2988 insulis
1204 2917 1335 2986 Atlanti·

281 3023 327 3086 cis
340 3026 459 3090 revecti
475 3028 628 3093 miracula
644 3028 836 3092 narrabant:
852 3027 932 3091 duas
945 3026 990 3091 ibi
1006 3025 1127 3090 insulas
1139 3023 1335 3114 propinquas

282 3126 367 3189 inter
378 3149 429 3209 se,
447 3143 481 3191 et
503 3128 614 3194 decem
635 3129 778 3194 millibus
795 3127 904 3192 stadiis
919 3127 1031 3216 procul
1048 3147 1067 3189 a
1085 3123 1229 3190 Gadibus
1245 3121 1335 3196 sitas,

282 3243 399 3314 suopte
416 3229 548 3319 ingenio
567 3232 716 3295 alimenta
738 3229 925 3294 mortalibus
944 3228 1084 3316 gignere.
1106 3225 1208 3314 Igitur
1223 3223 1336 3286 Fortu·

282 3338 369 3391 mrtoe
384 3329 599 3414 rombantnr3
617 3348 649 3397 et
666 3333 724 3395 has
740 3329 930 3394 intellexisse
945 3329 1122 3393 Homerum
1138 3326 1235 3390 etlam
1252 3317 1336 3409 apud

284 3427 438 3494 barbaros
461 3431 645 3512 obtinebat,
664 3453 767 3518 quum
780 3430 904 3518 Elysios
921 3448 1069 3517 campos,
1090 3423 1248 3512 sedesque
1263 3423 1336 3488 bea·

283 3543 393 3592 torum
408 3529 612 3596 describeret.
624 3533 745 3596 Earum
762 3553 848 3612 esse,
866 3551 938 3618 quse
954 3525 1051 3592 bodIe
1066 3525 1214 3591 Canariae
1225 3545 1340 3587 vocan-

284 3643 354 3705 tur,
381 3651 420 3692 ex
444 3629 543 3693 modo
565 3631 793 3720 navigationIs,
819 3648 852 3695 et
878 3627 1094 3716 descriptione
1118 3627 1287 3703 locorum,
1308 3639 1339 3684 et

282 3751 355 3814 quae
370 3727 411 3793 de
432 3729 483 3793 his
503 3731 590 3818 apud
610 3731 768 3812 Plinium,
788 3746 919 3796 auctore
936 3729 1018 3794 lube
1039 3751 1130 3816 rege,
1150 3740 1339 3793 narrantur.

318 3960 334 4022 S
351 3961 422 4010 XXI.
437 3963 501 4011 Plot.
518 3966 544 4011 in
558 3965 648 4012 Sertor.
666 3981 719 4030 cap.
733 3981 759 4028 9.
779 3993 811 4002 —
830 3966 856 4011 L.
870 3961 964 4028 Ampcl.
984 3989 1018 4000 -
1037 3961 1053 4026 s
1074 3963 1156 4009 rau.
1169 3961 1272 4009 Hieron.
1286 3957 1341 4004 adr.

283 4043 367 4094 ltalia.
379 4073 414 4084 -
426 4047 523 4097 Salium
537 4050 626 4096 lauert.
636 4063 668 4096 ao
680 4059 705 4094 et
719 4049 761 4096 2⁶.
776 4073 810 4084 -
829 4047 892 4096 l’lnt.
909 4073 941 4084 -
951 4045 1039 4094 Gellar.
1051 4047 1141 4108 Gcogr.
1149 4042 1233 4106 Antiq.
1244 4041 1288 4090 lib.
1298 4040 1342 4088 tv.

174 4179 178 4184 .
284 4143 338 4192 ὕψι
350 4147 373 4190 7·
382 4157 416 4168 ·-
426 4129 487 4180 l'lio.
498 4133 546 4190 Vl,
561 4135 601 4180 ia.
612 4154 646 4170 ·-
659 4132 725 4180 I'lor.
737 4133 786 4190 ΙΙΙ,
798 4147 835 4180 aa·
