2875 4900
279 352 350 439 lida
457 352 526 419 JO.
553 348 897 417 rttsslttsttssosst
924 348 1175 419 surenam

279 492 428 537 «moram
454 468 571 533 afferre
594 482 766 556 oportere,
790 466 970 552 quominus
992 467 1035 531 de
1055 470 1224 557 republica
1249 494 1344 559 quam

279 607 292 629 .
302 575 445 663 primum
460 568 500 633 ad
519 583 670 633 senatum
692 566 826 648 referri,
848 584 1047 655 senatusque
1069 572 1259 635 consultum
1280 572 1348 637 lieri

279 672 405 763 :possit
423 694 433 735 t
453 670 511 757 qui
533 666 735 757 impedierit,
751 690 828 729 enm
850 684 1002 731 senattnn
1018 670 1222 753 existimare,
1238 692 1348 738 contra

280 772 537 861 erempublicam
559 770 695 849 fecisse,
713 768 742 831 si
758 768 832 854 quis
853 768 933 833 huic
948 774 1235 839 senamsconsnlto
1248 776 1348 839 inter·

280 874 450 953 scesscrit,
466 869 593 935 senatm
606 870 748 958 placere,
763 870 992 935 auctoritatem
1013 875 1188 961 perscribi,
1204 893 1239 939 et
1251 876 1299 941 ‹le
1313 901 1349 941 ea

278 974 389 1041 «read
404 988 554 1039 senamm
567 971 795 1059 populumque
807 971 922 1035 referri
931 1004 956 1037 ·.
970 974 1057 1038 llnic
1069 978 1349 1041 senatusconsulto

279 1078 533 1143 intercesserunt
556 1074 593 1135 C.
615 1072 753 1152 Coelius,
769 1072 806 1135 L.
813 1073 980 1158 Vinicius,
999 1074 1035 1140 Ρ.
1046 1076 1240 1160 Cornelius,
1254 1081 1351 1144 cvi-

279 1177 353 1241 bius
364 1176 485 1253 Pansa,
498 1170 625 1236 tribuni
636 1171 751 1259 plebis.
762 1173 846 1237 Item
859 1196 893 1237 :a
901 1174 1036 1243 &nutui
1050 1178 1195 1265 placere,
1209 1178 1253 1243 de
1266 1182 1350 1245 mili·

280 1278 410 1356 stibus,
433 1273 543 1361 quiin
560 1274 705 1337 exercitu
726 1276 764 1339 C.
782 1274 917 1339 Coesaris
942 1294 1042 1362 sunt;
1066 1282 1127 1367 qui
1149 1304 1269 1345 comm
1295 1284 1351 1347 sti·

280 1410 293 1437 ι
305 1374 423 1466 pendia
441 1374 592 1457 emerita,
613 1390 672 1439 aut
691 1398 823 1457 causas,
843 1377 964 1464 quibus
985 1379 1028 1445 de
1048 1383 1155 1446 crusis
1172 1384 1264 1449 missi
1284 1383 1350 1449 lieri

280 1478 458 1558 «debeant,
486 1476 645 1561 habeant,
670 1475 711 1540 ad
735 1476 828 1541 hunc
850 1476 999 1544 ordinem
1020 1484 1150 1566 referri,
1177 1502 1218 1549 nt
1235 1506 1350 1550 eorum

177 1593 183 1604 '
279 1579 384 1645 «mtio
402 1578 573 1659 habeatur,
591 1600 761 1665 causaque
777 1598 1051 1669 cognoscantur».

325 1680 480 1745 xxxvl.
495 1681 646 1767 Itemque
661 1703 669 1745 ε
685 1680 836 1744 «sonanti
853 1680 981 1768 placere
999 1683 1035 1747 in
1054 1685 1201 1751 Ciliciam
1217 1688 1350 1774 provin·

280 1783 385 1847 «tiam
407 1796 440 1845 ct
463 1782 499 1845 in
524 1798 601 1845 octo
626 1781 767 1868 reliquas
793 1781 996 1870 provintias,
1018 1807 1101 1872 quas
1122 1788 1270 1875 praetorii
1295 1810 1350 1876 pro

280 1901 441 1973 «praetore
460 1883 663 1964 obtinerent,
680 1906 755 1964 eos,
770 1884 828 1971 qui
844 1902 998 1972 praetores
1013 1888 1167 1969 fuerunt,
1189 1910 1303 1977 neque
1319 1890 1349 1951 in

280 1986 468 2077 «provincia
487 2007 563 2049 cum
581 1985 719 2073 imperio
741 1985 894 2067 fuerunt,
911 2009 994 2073 quos
1012 2010 1128 2051 eorum
1144 2012 1186 2052 ex
1203 2008 1350 2055 senatus·

281 2118 294 2145 ι
304 2088 455 2151 consulto
481 2106 557 2149 cum
582 2085 719 2173 imperio
746 2086 781 2148 in
805 2087 988 2173 provincias
1013 2111 1075 2176 pro
1100 2105 1242 2177 praetore
1270 2090 1351 2153 mitti

282 2204 486 2279 uoporteret,
505 2208 561 2251 eos
577 2186 693 2250 sortito
706 2186 741 2249 in
758 2189 941 2275 provincias
955 2190 1039 2253 mitti
1050 2190 1177 2277 placere
1191 2214 1200 2253 ε
1215 2192 1245 2254 si
1258 2214 1301 2255 ex
1315 2213 1351 2254 eo

282 2323 295 2347 tt
305 2313 444 2355 numero
454 2310 562 2375 ,quos
582 2310 622 2353 ex
640 2291 923 2355 senatusconsulto
938 2292 973 2355 in
988 2291 1171 2380 provincias
1187 2293 1237 2355 ire
1251 2315 1350 2381 opor·

208 2471 211 2480 Ι
282 2424 295 2450 ι
306 2408 405 2472 teret,
421 2390 462 2456 ad
480 2411 654 2454 numerum
673 2410 741 2454 non
760 2406 868 2454 essent
876 2394 954 2480 ,qui
966 2392 1002 2455 in
1016 2414 1070 2457 eas
1082 2393 1270 2481 provincias
1277 2415 1352 2482 pro·

282 2491 540 2574 «ficisoerentur3
561 2507 632 2554 tum
655 2490 704 2552 uti
730 2487 886 2577 quodque
908 2493 1083 2606 collegium
1103 2495 1248 2583 primum
1272 2519 1351 2584 pra·

282 2623 296 2649 «
308 2609 417 2658 torum
430 2607 531 2672 esset,
548 2606 619 2654 tum
637 2589 791 2678 deinceps
807 2591 947 2706 proximi
961 2594 1121 2682 cujusque
1136 2595 1285 2685 collegii,
1299 2596 1351 2708 qui

282 2709 459 2781 «pretores
474 2691 629 2778 mutent,
648 2711 757 2778 neque
771 2692 807 2754 in
822 2693 1004 2780 provincias
1020 2695 1158 2783 profecti
1175 2712 1306 2778 essent,
1320 2698 1351 2758 in

282 2814 425 2860 «mortem
444 2793 703 2875 conjicerentur,
725 2790 865 2880 quoad
854 2815 882 2856 rs
908 2817 1067 2859 numerus
1086 2797 1225 2860 effectus
1247 2815 1351 2876 esset,

282 2927 296 2956 ι
305 2919 403 2986 quem
419 2893 650 2960 adnumerum
668 2894 702 2956 in
717 2895 900 2980 provincias
917 2896 1004 2959 mitti
1019 2913 1220 2984 oporteret».

273 3045 281 3072 ,
326 2997 497 3063 XXXVII.
516 2995 574 3060 His
593 2996 691 3059 etiam
709 2996 998 3060 senatusconsultis
1015 3019 1119 3085 quum
1138 2997 1351 3062 intercessum

284 3125 302 3165 a
317 3103 355 3165 C.
367 3099 483 3179 Coelio,
502 3099 539 3162 C.
554 3097 656 3160 Pansa
669 3097 809 3161 tribunis
826 3114 928 3180 esset,
942 3099 1150 3163 auctoritates
1166 3101 1351 3187 perscripta

283 3219 370 3268 sunt.
383 3203 535 3265 Attamen
547 3198 612 3262 hoc
623 3216 827 3286 postremum
839 3202 1158 3266 senatusconsultum
1169 3202 1242 3290 lege
1258 3203 1351 3266 Pom·

284 3304 357 3392 peia
369 3301 546 3382 nitebatur,
559 3323 623 3388 qua
635 3301 732 3364 etiarn
745 3299 862 3366 eodem
875 3325 963 3366 anno
972 3301 1039 3368 duo
1050 3305 1238 3368 consulares
1248 3305 1296 3370 Μ.
1303 3305 1351 3368 ei·

285 3425 360 3468 cero
377 3404 409 3466 in
430 3402 593 3483 Ciliciam,
611 3403 655 3466 M.
667 3403 803 3467 Bibulus
819 3404 854 3466 in
868 3405 993 3493 Syriam
1012 3427 1089 3472 eum
1107 3406 1246 3494 imperio
1264 3405 1350 3470 missi

283 3505 422 3568 luerent.
440 3501 504 3568 Sed
522 3518 597 3566 ante
619 3502 772 3568 Bibulum
788 3505 823 3568 in
838 3507 1038 3593 provinciam
1051 3507 1163 3572 Parthi
1177 3523 1349 3572 venerunt.

285 3605 435 3670 Submoti
454 3604 620 3692 superiore
633 3626 722 3668 anno
737 3628 756 3668 a
773 3609 810 3670 C.
823 3607 934 3670 Cassio
947 3629 1024 3672 curn
1034 3609 1124 3688 justo
1139 3608 1287 3672 exercitu
1302 3631 1351 3674 te·

284 3721 464 3786 verterant,
480 3705 604 3768 Pacoro
621 3705 820 3790 deducente,
837 3710 922 3797 regis
936 3709 1055 3774 Orodis
1072 3709 1156 3791 filio,
1172 3725 1211 3773 ut
1228 3731 1349 3772 nomen

286 3807 378 3872 ducis
398 3805 452 3869 hic
474 3805 626 3888 haberet;
652 3825 804 3873 caeterum
824 3812 959 3893 Osaces,
982 3810 1224 3878 adolescentulo
1240 3828 1350 3876 custos

285 3907 431 3990 additus,
444 3907 682 3972 administraret
694 3911 827 3978 bellum.
842 3914 885 3977 Hi
896 3937 1018 4000 quum,
1029 3915 1182 3979 omnibus
1191 3915 1226 3978 in
1237 3915 1350 3978 itinere

284 4008 421 4074 redactis
441 4009 474 4072 in
494 4023 705 4098 potestatem,
731 4013 937 4078 Antiochiam
957 4015 1141 4096 venissent,
1159 4033 1349 4103 oppugnare

286 4111 400 4174 urbem
417 4127 604 4200 coeperunt,
623 4135 740 4202 magna
755 4135 830 4178 cum
846 4137 922 4203 spe,
937 4116 1024 4180 ultro
1038 4137 1112 4180 suas
1124 4114 1165 4180 ad
1178 4129 1283 4203 partes
1296 4133 1348 4174 ac·
