2875 4900
297 389 368 486 692
475 390 548 457 ·J0.
576 386 916 456 FREINSIIEMII
948 390 1193 460 SUPPLEM.

297 508 500 601 presidium,
516 508 687 572 unirersus
703 506 864 571 exercitus
879 506 921 572 ad
934 531 1053 597 aquam
1067 510 1241 576 educitur:
1258 512 1349 601 pabu-

296 617 398 680 latum
414 614 440 677 it
460 634 570 677 nemo.
586 612 673 675 Tum
689 612 812 693 Caesar,
828 627 865 674 ut
880 612 931 675 his
945 612 1163 678 incommodis
1178 632 1301 681 vexatos
1316 618 1349 681 ad

297 716 498 781 deditionem
512 715 582 777 siue
597 734 708 801 pugna
727 728 873 801 cogeret,
890 714 1010 777 vallum
1024 714 1212 803 fossamque
1225 718 1349 783 circum-

296 818 417 883 ducere
435 816 547 905 coepit,
566 836 610 877 ne
628 835 693 902 qua
709 829 844 901 possent
863 838 1045 905 erumpere.
1062 820 1105 881 At
1121 818 1186 882 illis
1207 821 1307 884 omnis
1322 823 1348 883 in

295 922 361 985 hoc
375 942 443 984 uno
460 940 532 1007 spes
548 932 616 981 erat
632 915 772 1003 reliqna:
786 914 908 981 idcirco
924 934 957 981 et
977 918 1086 1005 inopia
1105 920 1236 1007 pabuli,
1250 936 1281 985 et
1295 945 1350 1009 quo

228 1071 231 1079 i
295 1019 510 1110 expeditiores
521 1032 646 1096 essent,
659 1016 813 1079 omnibus
823 1018 1004 1081 sarcinariis
1009 1018 1168 1098 jumentis
1178 1022 1350 1103 interfectis,
1402 1038 1403 1045 ’

294 1123 388 1187 tertia
408 1119 480 1202 die,
505 1140 604 1206 quam
628 1117 861 1182 circumvallari
890 1136 1072 1208 coeperant,
1098 1122 1229 1187 circiter
1250 1124 1348 1189 horam

291 1239 455 1303 octavam,
473 1221 575 1284 aciem
591 1238 652 1309 pro
667 1220 778 1283 castris
796 1223 1048 1287 constituerunt.
1071 1223 1196 1289 Eduxit
1211 1242 1244 1290 et
1260 1228 1350 1291 Cesar

293 1345 388 1404 suos,
404 1322 462 1387 sed
483 1322 528 1385 its
543 1336 674 1409 pat-atus
693 1321 937 1408 animatusque,
954 1340 993 1387 ut
1010 1324 1244 1390 lacessentibus
1264 1350 1349 1414 repu-

269 1421 271 1424 ’
292 1440 423 1513 gnaret,
437 1423 529 1512 signa
544 1444 612 1485 non
626 1420 762 1485 inferret
776 1422 875 1509 prior.

335 1524 476 1590 XXXII.
503 1524 624 1587 Praeter
649 1522 800 1612 pristinas
824 1524 966 1587 rationes
991 1525 1135 1589 alienum
1162 1526 1346 1591 dimicationi

291 1644 422 1714 tempus
433 1624 668 1704 arbitrabatur,
681 1622 772 1712 quod
787 1622 987 1689 adversarios
1002 1626 1050 1690 ira
1063 1643 1097 1691 et
1113 1628 1285 1692 necessitas
1301 1629 1347 1692 sti·

292 1730 479 1809 mulabant3
496 1750 569 1815 quae
585 1748 636 1789 res
658 1725 754 1789 etiam
772 1726 894 1813 ignavis
916 1726 1063 1791 animum
1083 1728 1237 1817 viresque
1260 1730 1346 1792 lacere

292 1843 543 1893 consueverunt
566 1824 750 1890 Accedebat
766 1824 807 1889 ad
824 1826 909 1909 haec,
927 1827 1017 1914 quod
1039 1830 1073 1891 in
1092 1844 1185 1895 tanta
1201 1830 1346 1894 vicinitate
1402 1870 1403 1875 κ

292 1946 491 2009 castrorum,
506 1928 559 1991 tir
573 1927 660 1989 enim
678 1927 766 1989 mille
781 1948 895 2013 passus
911 1927 1106 2011 intererant,
1124 1930 1210 1993 nibil
1224 1930 1346 1994 adsum·

294 2054 381 2095 mam
395 2048 463 2095 erat
478 2028 703 2118 profecturus,
721 2042 833 2116 parato
853 2027 1020 2110 hostibus,
1037 2030 1064 2092 si
1081 2031 1292 2118 pellerentur,
1307 2052 1346 2091 rr·

293 2149 401 2222 ceptu.
416 2132 468 2197 Sic
481 2130 605 2194 neutris
619 2150 763 2217 pugnam
783 2127 1031 2217 incipientibus,
1050 2151 1156 2217 quum
1175 2130 1218 2194 sd
1235 2146 1345 2195 noctem

293 2256 399 2322 usque
415 2231 630 2321 perstitissent
645 2230 744 2309 acies,
759 2229 792 2293 in
808 2244 909 2293 castra
923 2228 1064 2293 reductae
1078 2247 1169 2295 sunt.
1187 2229 1344 2303 Postridie,

294 2335 374 2397 dum
392 2336 497 2397 Caesar
512 2330 666 2420 operibus
681 2330 748 2393 suis
765 2328 970 2418 perficiendis
988 2330 1104 2411 instat,
1122 2333 1288 2395 Afraniani
1302 2352 1345 2393 rt·

295 2436 375 2499 «lum
388 2434 507 2500 Sicoris
518 2448 644 2496 tentare
655 2446 834 2519 coeparunt.
847 2432 967 2514 eaesar,
981 2449 1020 2496 ut
1029 2432 1114 2496 hane
1126 2457 1260 2523 quoque
1271 2455 1344 2522 spen

295 2538 356 2601 illis
378 2551 580 2624 amputaret,
603 2534 785 2597 Germanos
809 2533 888 2598 levis
915 2549 1085 2597 armatura.
1109 2557 1190 2599 cum
1217 2535 1344 2623 equitum

295 2654 386 2725 parte
404 2638 540 2702 transire
556 2635 696 2717 flumen,
717 2635 904 2723 crebrisque
920 2637 1114 2701 stationibus
1136 2638 1296 2712 observari
1310 2636 1344 2700 ri·

295 2763 351 2827 pas
360 2789 369 2821 ,
378 2740 482 2821 jubet.
494 2738 608 2820 Quum
620 2737 664 2800 ita
677 2755 831 2824 quartum
842 2738 876 2802 in
891 2737 979 2802 diem
992 2741 1067 2826 equi
1083 2739 1229 2804 hostium
1243 2737 1345 2828 pabulo

296 2841 461 2921 ‹nrerent3
477 2840 539 2927 ipsi
555 2861 657 2926 aqua,
675 2838 870 2926 lignatione,
884 2839 1138 2904 frumentatione
1152 2842 1346 2930 prohiberen-

298 2957 368 3022 tur,
382 2941 460 3004 etin
473 2941 610 3004 maxima
623 2940 676 3003 siti
689 2957 809 3004 terram
826 2939 998 3022 fodiendo,
1015 2941 1132 3006 frustra
1146 2960 1263 3030 puteos
1277 2943 1346 3004 intra

297 3057 400 3106 castra
414 3041 655 3128 quaesivissent:
667 3040 867 3127 colloquium
882 3040 999 3106 defessi
1013 3042 1111 3107 duces
1122 3060 1258 3131 petunt,
1269 3058 1299 3106 et
1307 3041 1345 3117 id,

298 3145 325 3208 si
344 3142 413 3207 fieri
430 3158 555 3231 posset,
572 3157 699 3206 remoto
715 3165 734 3205 a
750 3141 907 3205 militibus
924 3144 1008 3206 loco.

342 3243 501 3309 XXXIII.
520 3242 732 3330 Colloquium
749 3261 940 3308 concessum
959 3260 1025 3323 est,
1043 3243 1084 3308 de
1101 3244 1177 3309 loco
1199 3261 1344 3334 negatum.

299 3347 402 3434 Igitur
420 3360 562 3432 utroque
579 3344 723 3408 exercitu
742 3365 868 3426 coram,
886 3345 1039 3409 Afranius
1062 3367 1217 3411 excusare
1236 3345 1345 3433 incipit,

299 3447 401 3536 quod,
409 3443 501 3531 fidei
510 3467 566 3509 suo
580 3447 762 3532 imperatori
773 3445 934 3508 servande
947 3467 1047 3509 cauta
1054 3493 1065 3526 ,
1085 3461 1198 3510 contra
1212 3446 1346 3511 Coesottm

298 3548 505 3614 tetendissent.
521 3545 563 3610 ld
579 3569 612 3609 se
630 3547 710 3609 adeo
728 3545 818 3611 ttulit
837 3545 967 3611 Caesaris
980 3548 1054 3611 odio
1058 3545 1179 3634 fictise
1185 3597 1195 3627 ,
1216 3547 1346 3635 srdpot·
1402 3597 1403 3618 ,

299 3665 467 3740 occupatos
489 3649 647 3736 legatione
668 3672 691 3711 a
710 3648 768 3712 Cn.
787 3649 952 3744 Pompeii),
972 3650 1158 3736 priusquam
1178 3649 1245 3713 ulla
1265 3643 1347 3710 civilis
1402 3697 1403 3706 ,

298 3754 376 3819 hatti
387 3753 520 3840 suspicio
533 3752 707 3814 arcuisset.
728 3749 848 3814 Omnia
861 3761 1006 3838 expertos
1021 3773 1056 3814 eo
1071 3750 1222 3816 devenisse
1236 3748 1345 3814 musi·
1402 3763 1403 3778 ¹

300 3857 391 3935 totis,
408 3865 444 3916 ut
455 3854 557 3916 vt’ctos
569 3875 601 3914 se
613 3872 674 3914 csse
675 3849 857 3935 fateantur
868 3873 880 3914 .·
895 3851 1024 3916 tandem
1040 3853 1278 3918 missttcottiiont
1290 3849 1346 3914 Cae·
1402 3901 1403 3916 t

302 3957 381 4018 saris
397 3951 586 4041 suppliciter
602 3951 749 4040 appellat.

338 4157 355 4221 s
367 4157 478 4204 mn.
489 4156 575 4202 Frons.
589 4153 663 4201 Strat-
672 4153 711 4210 Π,
726 4166 748 4200 t.
759 4177 795 4188 -
812 4151 874 4201 Cu.
883 4177 918 4188 -
927 4153 1017 4200 Lucan.
1026 4153 1071 4212 tt,
1080 4167 1141 4216 soa.
