2875 4900
129 380 593 451 Jo.ene1us.sorr.1u
617 338 829 449 noejus.
847 382 1055 451 Lxxxvn.
1081 406 1141 477 η,

105 502 217 587 piarum
230 500 341 588 procul
353 516 455 563 (rastra
466 516 533 564 erat
545 497 694 585 metatus)
711 498 866 586 quadrata
881 499 949 563 acie
961 500 1023 564 iter
1035 524 1147 566 versus

104 600 217 665 hostem
232 604 334 665 facere
345 601 494 665 instituit.
872 586 878 596 ’

137 702 176 764 ll.
198 700 267 765 Nec
278 701 470 765 omittebant
480 700 613 765 Mar-iani
624 700 702 763 locis
717 701 910 789 opportunis
926 702 1045 765 offerre
1057 722 1144 783 sese,

101 814 127 861 et
141 800 212 864 alibi
230 824 303 864 saxa
318 816 374 865 aut
392 801 546 888 cespitem
563 800 773 867 obmolieudo
794 802 861 865 rias
875 801 1041 882 claudere,
1061 824 1146 867 uon·

101 924 257 989 nunquam
273 902 367 965 ratiis
383 902 461 965 locis
475 922 514 964 ex
527 901 694 965 occasione
709 922 880 966 conserere
892 924 1025 983 mantu3
1039 900 1146 966 donec

99 1000 135 1063 ita
146 1000 305 1089 defatigati
320 1000 497 1089 pugnando
514 1001 609 1063 simul
628 1000 805 1088 eundoque
816 1002 939 1067 Sullani
952 1019 1049 1082 sunt,
1062 1026 1147 1091 prse-

98 1102 195 1164 sertim
212 1103 290 1189 quia
312 1103 466 1167 molestus
485 1102 589 1165 imber
608 1117 798 1183 accessemt,
815 1118 854 1167 ut
868 1123 935 1190 pru
955 1104 1143 1168 lassitudine

96 1200 141 1262 rix
154 1202 330 1265 consistere
344 1218 486 1289 possent.
505 1202 543 1265 ld
561 1203 748 1289 imperatori
766 1204 953 1268 annuamus
967 1226 987 1267 a
1002 1204 1144 1268 tribunis

96 1316 151 1381 est,
166 1302 328 1388 simulque
343 1302 458 1367 milites
475 1302 610 1381 ostensi,
620 1303 718 1366 scutis
735 1302 828 1366 humi
838 1301 950 1367 defixis
965 1324 1036 1367 sese
1046 1307 1143 1367 susti·

96 1422 207 1471 nentes.
221 1408 376 1471 Fremeus
384 1407 436 1471 ille
445 1406 676 1492 frendensque,
687 1422 833 1494 tempus,
845 1406 936 1494 quod
949 1408 1012 1471 sibi
1023 1407 1140 1472 felicis-

94 1506 201 1569 simum
209 1504 253 1571 ad
262 1530 405 1595 pugnam
414 1506 560 1570 futurum
568 1506 815 1588 existimaverat,
826 1508 871 1571 ita
878 1508 998 1594 perire,
1008 1508 1139 1597 signum

95 1606 280 1671 consistendi
299 1607 472 1694 castrisque
491 1606 650 1695 ponendis
667 1604 769 1671 dedit.

129 1706 183 1770 lll.
193 1708 355 1771 Caeterum
366 1706 641 1794 quemadmodum
650 1708 748 1794 paulo
757 1722 832 1771 ante
841 1722 960 1771 certam
971 1706 1039 1786 ejus
1048 1730 1138 1795 spem

95 1804 236 1871 lassitudo
260 1808 400 1873 militum
421 1805 625 1888 destituerat,
644 1808 686 1870 ita
702 1822 773 1870 tum
795 1804 975 1893 depositam
995 1806 1140 1871 bostium

93 1906 199 1971 ferocia
208 1906 359 1973 reddidit.
367 1908 487 1971 Marius
496 1928 571 1971 cum
582 1908 746 1996 equitibus
754 1906 904 1972 ferociter
914 1907 1060 1971 invectus
1068 1907 1141 1993 (fes-

93 2028 136 2069 sos
152 2008 237 2072 enim
256 2025 355 2096 atque
372 2008 462 2097 operi
482 2008 624 2071 intentos
643 2007 736 2071 fundi
753 2029 849 2097 posse
867 2006 1060 2094 speraverat)
1078 2007 1139 2071 hae

92 2106 265 2193 ignominia
276 2108 382 2197 specie
391 2110 438 2173 sic
450 2107 596 2172 accendit
606 2124 792 2173 veteranum
802 2109 979 2172 exercitum
986 2107 1137 2194 vincique

92 2206 292 2289 insolentem,
309 2226 346 2273 ut
359 2209 478 2273 omisso
492 2232 606 2296 opere,
620 2208 757 2296 pilisque
771 2210 805 2271 in
819 2208 963 2296 margine
971 2198 1065 2270 fosse
1077 2206 1136 2271 de·

93 2305 164 2389 fixis,
177 2308 301 2397 gladios
316 2309 520 2397 stringerent
541 2310 612 2373 Hoc
626 2308 755 2371 initium
776 2308 921 2374 acerrimi
941 2308 1040 2395 proelii
1055 2295 1135 2389 fuit'3

91 2408 266 2498 collatisque
289 2409 405 2499 signis,
420 2406 605 2497 aliquandiu
629 2408 698 2496 pari
722 2408 931 2472 contentione
950 2408 1133 2472 animorum

91 2505 277 2590 dimicatum,
287 2507 391 2574 donec
400 2509 573 2572 inclinante
582 2508 809 2573 sinistroMan'i
819 2530 937 2590 cornu,
945 2509 1134 2597 priusquam

91 2625 185 2694 aperta
197 2611 277 2699 fuga
292 2607 400 2691 lieret,
418 2610 564 2697 quinque
579 2609 730 2674 cohortes
742 2632 818 2673 cum
832 2608 957 2674 duabus
971 2611 1027 2675 alis
1043 2612 1133 2700 signa

91 2709 301 2792 pmjeceruut,
320 2725 352 2773 et
364 2711 460 2774 simul
473 2711 669 2775 transierunt
683 2710 726 2774 ad
740 2709 877 2774 hostem.

125 2809 175 2874 lV.
187 2812 233 2874 Ea
242 2833 295 2874 res
305 2826 436 2874 caeteros
449 2812 483 2873 in
498 2811 677 2876 confessam
688 2809 797 2898 fugam
807 2811 887 2898 egit,
897 2826 945 2890 et,
958 2811 1132 2897 insequen-

93 2905 164 2972 tibus
177 2909 338 2990 alacriter,
351 2912 408 2998 qui
419 2911 515 2999 paulo
527 2911 723 2974 recentiores
732 2925 837 2990 erant,
854 2911 1005 2990 Sullanis,
1017 2932 1133 2999 magna

91 3007 269 3094 fugientium
282 3025 401 3098 strages
413 3026 461 3075 est
473 3009 567 3075 edita.
586 3012 763 3075 Fenestella
774 3033 849 3075 curn
858 3009 1051 3097 quibusdam
1063 3011 1136 3080 aliis

91 3107 301 3196 scriptoribus,
318 3111 500 3176 interfuisse
513 3111 621 3200 praelio
636 3114 672 3176 C.
687 3111 846 3191 Marium,
863 3125 998 3196 negant3
1014 3109 1071 3173 sed
1083 3111 1133 3173 vi-

91 3205 159 3290 giliis
173 3211 405 3299 laboribusque
427 3214 625 3293 conlectum,
645 3212 739 3302 signo
758 3232 874 3299 puguae
890 3209 982 3290 dato,
998 3211 1060 3274 sub
1075 3211 1135 3275 dio

91 3307 249 3394 quievisse,
266 3329 317 3393 et,
334 3313 477 3402 fugiente
491 3313 555 3394 jam
578 3314 738 3393 exercitu,
750 3313 804 3376 vix
827 3311 970 3400 potuisse
992 3313 1131 3380 excitati.

91 3407 165 3498 Fuga
177 3415 326 3503 reliquias
336 3414 494 3478 exercitus
506 3417 666 3480 Praeneste
675 3415 821 3495 abstulit,
834 3411 925 3503 quod
935 3430 1049 3477 natura
1057 3437 1132 3478 mu·
1226 3425 1231 3430 ’

91 3507 179 3576 ritum
188 3515 363 3604 oppidum,
373 3515 494 3580 Marius
504 3516 599 3580 etiam
609 3515 763 3604 presidiis
771 3515 961 3580 firmaverat.
972 3513 1132 3580 Sedtanta

91 3607 139 3672 fuit
150 3615 335 3702 trepidatio,
348 3633 385 3679 ut
397 3616 601 3698 intromissis,
611 3617 666 3704 qui
678 3617 774 3704 primi
783 3632 1005 3695 accurrerant,
1014 3615 1134 3680 deinde

92 3725 180 3794 netu,
194 3737 235 3780 ne
263 3739 329 3780 una
349 3716 456 3780 hostes
479 3717 713 3806 irrumperent,
732 3716 920 3781 Praenestini
945 3715 1132 3779 clauderent

91 3827 195 3896 μήκη
206 3816 394 3904 factumque
404 3833 469 3900 est,
481 3833 519 3881 ut
527 3818 648 3882 illarius
661 3833 732 3881 turn
740 3816 874 3881 demum
884 3815 1131 3903 superveniens,

91 3906 153 3972 lune
166 3913 320 3998 demisso,
336 3917 369 3979 in
388 3939 518 3980 murum
535 3917 782 3982 subduceretur.

116 4057 129 4120 5
142 4063 181 4109 111.
195 4069 265 4114 Oros.
274 4067 306 4124 V,
318 4082 359 4113 ao.
374 4093 408 4101 -
420 4067 528 4129 Applau.
549 4093 582 4102 --
597 4065 614 4130 5
629 4067 672 4112 lv.
687 4067 777 4114 Lucan.
790 4066 828 4120 11,
844 4081 868 4111 v.
881 4064 938 4115 134.
956 4088 990 4096 -
1007 4061 1127 4110 Plutarch.

91 4163 116 4174 -
127 4145 191 4196 burt.
201 4149 230 4196 de
238 4151 304 4198 Viris
317 4149 467 4208 illustribus,
482 4165 535 4214 cap.
546 4151 590 4199 68.
604 4177 638 4188 -
648 4148 714 4198 Vell.
728 4150 768 4205 11,
778 4149 821 4196 26.
834 4172 869 4183 -
880 4143 986 4208 Appiae.
