2875 4900
303 398 368 469 nte
464 354 896 468 J0.Faa1asnas111
925 390 1180 459 suessan..

296 538 409 608 agmen
419 564 428 596 ,
438 536 496 602 per
505 528 631 577 montes
642 512 719 575 ariis
729 509 899 575 itineribus
909 511 945 573 in
954 509 1127 599 Phrygiam
1136 525 1340 599 peneuntum.

298 618 451 682 Celeriter
472 614 598 702 nrlgata
614 628 680 677 tant
699 613 867 701 insperatae
888 611 1029 675 victorie
1050 612 1135 675 fama
1154 611 1271 675 multos
1289 608 1341 673 ad·

295 717 401 798 junxit
422 713 601 779 Mithridati
612 737 622 796 3
635 711 933 800 breviqueontnia,
950 734 1023 798 quse
1040 732 1098 799 per
1116 707 1340 798 Cappadociam

296 819 361 883 dux
373 836 526 881 romanus
538 814 750 901 disposuesm,
756 812 902 900 praesidia
909 811 1032 891 dejecta
1040 826 1127 877 sunt.
1136 808 1343 885 Mithridates,

296 933 334 981 ut
355 917 449 980 bonis
472 915 538 979 suis
564 913 661 978 rebus
677 913 837 977 honorem
859 911 922 976 diis
936 911 1085 992 haberet,
1108 912 1141 976 in
1159 911 1224 975 alto
1238 925 1343 975 rnonte

297 1014 485 1080 sacrificium
501 1014 572 1077 lovi
591 1013 750 1077 bellorum
769 1011 896 1099 praesidi
911 1012 1016 1099 patrio
1032 1034 1125 1077 more
1141 1012 1226 1075 fecit.

340 1116 460 1179 XVlll.
475 1114 552 1193 Ejus
566 1114 635 1178 hese
647 1113 747 1177 fuisse
762 1114 844 1177 satio
855 1111 1003 1177 traditur.
1022 1111 1152 1177 Primus
1161 1112 1231 1199 ipse
1245 1130 1299 1172 rex
1310 1107 1342 1169 in

296 1238 425 1281 summo
441 1214 559 1279 montis
575 1215 742 1279 cacumine
756 1235 848 1278 more
862 1213 1003 1301 persico,
1016 1212 1103 1301 ligna
1118 1212 1185 1277 suis
1200 1208 1343 1275 manibus

298 1317 389 1381 allata
406 1315 555 1403 deponit:
575 1330 646 1379 turn
664 1314 810 1380 certatim
821 1314 864 1378 ab
879 1313 949 1378 aliis
962 1329 1111 1403 aggesta,
1127 1328 1296 1401 postquam
1311 1309 1341 1370 in

297 1436 394 1502 pam
409 1414 584 1477 maximnm
602 1413 765 1503 fastigium
783 1430 1013 1494 exacuerunt,
1025 1414 1086 1479 alia
1102 1414 1225 1477 circum
1239 1408 1342 1474 humi·

297 1516 369 1580 liori
393 1530 481 1579 strue
503 1514 682 1579 firmanum.
701 1516 744 1578 ln
764 1536 893 1579 summo
913 1535 995 1602 rogo
1014 1536 1090 1579 cum
1107 1514 1202 1579 melle
1221 1528 1255 1575 et
1269 1511 1343 1574 lacte

299 1616 411 1679 vinum
428 1616 621 1701 oleumque,
637 1630 670 1678 et
687 1615 812 1703 generis
829 1615 935 1679 omnis
951 1613 1071 1680 odores
1093 1613 1224 1703 largiter
1243 1612 1343 1677 affun-

300 1716 441 1797 ‹luntnr3
452 1716 548 1780 altera
558 1737 647 1804 pyra,
655 1714 966 1801 qtramhumiliorem
977 1715 1059 1779 suni
1070 1714 1343 1796 diximus‚cocnam

298 1817 509 1905 pausantibus
523 1830 665 1903 paratam
681 1816 837 1897 sustinet,
858 1838 923 1902 qua
938 1832 1082 1904 peracm,
1093 1815 1178 1904 ignis
1190 1812 1344 1881 subditur.

299 1918 380 1981 lade
394 1932 526 2005 propter
539 1917 666 2004 copiam
685 1916 844 1997 materia,
860 1914 988 2001 locique
1002 1915 1207 1981 altitudinem
1224 1928 1343 1981 tantum

300 2016 500 2081 llammarum
514 2016 641 2098 emicat,
656 2032 696 2080 ut
706 2016 749 2083 ad
761 2030 893 2081 centum
906 2030 939 2081 et
951 2015 1080 2105 triginta
1091 2017 1189 2083 millia
1199 2033 1343 2105 passuum

298 2117 484 2182 incendium
504 2117 735 2205 conspiciatur,
753 2138 860 2203 neque
875 2131 1009 2204 propter
1027 2115 1150 2181 ardoris
1166 2115 1344 2183 violentiam

298 2218 468 2305 quisquam
485 2238 524 2281 eo
539 2216 690 2281 accedere
708 2238 767 2304 per
776 2216 844 2281 dies
861 2216 984 2303 aliquot
995 2218 1161 2303 proximos
1174 2216 1285 2306 possit

342 2318 431 2381 Xlll.
455 2315 493 2380 ld
507 2338 633 2381 sacrum
648 2316 816 2381 Persarum
833 2316 911 2381 olim
924 2338 1016 2405 reges
1029 2317 1189 2383 faciehant
1202 2319 1344 2404 Pasarga-

298 2416 368 2482 dis:
384 2416 460 2482 inde
475 2416 600 2482 transiit
615 2416 656 2482 sd
674 2416 826 2482 Ponticos
846 2418 935 2482 velut
949 2417 1141 2485 hereditario
1152 2420 1245 2503 iure,
1262 2412 1345 2508 quod

298 2520 320 2580 ii
343 2540 459 2607 genere
484 2519 653 2582 Persarum
675 2539 788 2607 regum
809 2533 901 2584 eunt
922 2516 1011 2584 editi.
1032 2520 1102 2586 Nec
1118 2521 1263 2586 slienmn
1285 2531 1343 2596 est,

298 2639 365 2704 quo
393 2615 588 2681 Mithridatis
615 2617 765 2682 nobilitas
789 2634 822 2682 et
846 2639 919 2706 pars
943 2620 1100 2699 majorum
1121 2633 1343 2710 cognosceus,

296 2717 425 2779 brevem
437 2717 541 2804 gentis
555 2716 623 2796 ejus
634 2718 856 2782 recensionem
866 2720 1066 2786 subnectere.
1075 2721 1281 2802 Mithridatis,
1293 2716 1344 2806 qui

296 2835 362 2882 tam
384 2817 440 2880 din
459 2817 588 2881 bellavit
607 2839 682 2880 cum
702 2819 873 2900 Romanis,
884 2816 1001 2882 eodem
1018 2821 1151 2884 nominc
1168 2838 1262 2909 pater
1273 2819 1343 2895 fuit,

296 2919 466 3007 Euergetes
488 2934 722 3005 cognoment03
738 2917 780 2982 de
798 2940 865 3004 quo
880 2918 948 2982 suis
963 2919 1042 2984 locis
1059 2919 1207 3006 quedam
1226 2939 1343 2986 memo·

295 3016 444 3082 mutnus.
462 3020 545 3082 Ante
563 3018 652 3082 hunc
673 3018 818 3108 regnavit
839 3018 1036 3100 Pharnaces,
1049 3019 1279 3107 Sinopensium
1292 3017 1345 3082 do·

296 3121 404 3199 mitur,
419 3140 502 3206 quos
518 3135 630 3184 contra
643 3135 766 3207 patrem
779 3118 849 3198 ejus
864 3098 1084 3186 Mithridatem
1101 3121 1223 3186 Rhodii
1238 3122 1344 3187 delen·

295 3219 419 3288 derant.
1142 3269 1148 3280 .
1300 3256 1302 3259 -

339 3321 413 3383 XX.
436 3324 479 3384 At
495 3321 724 3385 Ariobarzanes
741 3322 902 3386 Amastrin
917 3321 1063 3402 adjunxit
1073 3345 1193 3414 regno,
1206 3322 1343 3390 nobilem

296 3421 426 3502 urbem,
440 3421 538 3507 patris
547 3420 741 3486 Mithridatis
755 3422 873 3509 opibus
886 3422 1027 3506 ualidus,
1041 3425 1098 3511 qtti
1113 3422 1343 3514 Cappadociam

294 3535 327 3582 et
339 3519 587 3610 Paphlagoniam
597 3521 690 3584 annis
699 3542 754 3588 sea
762 3537 796 3586 et
803 3522 934 3610 triginta
942 3523 1138 3606 obtinuerat,
1148 3524 1242 3591 valde
1249 3519 1344 3588 aucus

294 3622 417 3708 paterni
429 3623 520 3710 regni
530 3621 672 3685 viribus:
689 3635 780 3708 pater
789 3622 876 3686 enim
891 3621 960 3701 ejus
970 3622 1172 3688 Mithridates
1182 3621 1345 3713 angustius

292 3723 477 3810 imperavit,
493 3723 684 3810 prevalente
703 3720 919 3786 Macedonum
939 3723 1103 3811 potentia3
1119 3745 1204 3790 nam,
1215 3721 1344 3808 Antigo-

322 3947 449 4009 §XVHL
470 3946 550 3996 Strah.
570 3945 614 3994 lib.
634 3947 691 3994 XV.
712 3972 749 3984 -
769 3946 889 3996 llerotlot.
907 3949 931 4004 1,
949 3949 990 3998 it.
1008 3975 1045 3988 -
1061 3950 1169 4015 Appias.
1182 3949 1294 4000 Mithrid.
1314 3971 1346 3982 -

284 4031 300 4094 s
315 4031 384 4080 xla.
396 4029 474 4078 Strsh.
487 4027 530 4077 lib.
543 4030 579 4088 Χ,
589 4045 615 4094 p.
626 4037 685 4090 477,
697 4040 723 4077 et
733 4031 795 4088 xli,
807 4047 833 4094 p.
843 4031 902 4084 5⁴5.
914 4059 949 4068 -
961 4032 1048 4097 Polyb.
1059 4035 1105 4095 tv,
1117 4036 1159 4084 56.
1180 4037 1226 4072 ‘-
1234 4035 1346 4084 Memnon

284 4113 349 4177 apud
359 4111 432 4163 Phot.
443 4127 497 4178 cap.
511 4128 549 4174 ¹7·
561 4140 595 4151 -
605 4113 679 4162 Diod.
689 4113 732 4162 lib.
744 4113 806 4161 XX.
815 4112 963 4177 —Appism
