2875 4900
217 318 282 384 IN·
303 315 418 385 LOC.
444 316 539 383 LIB.
565 314 787 385 LXXXVII
819 318 1030 392 LIVIANI.
1086 324 1151 420 175

94 452 218 500 ίιιιιιιιιι
232 437 275 500 ab
290 435 479 501 adversariis
498 455 584 515 esse,
610 449 647 497 ut
662 434 703 497 ab
719 434 788 520 ipsa
808 434 967 501 Modestia
982 440 1033 503 vir
1051 446 1152 529 possit

93 537 290 623 ·postulari,
318 536 352 599 in
374 551 464 599 tanta
488 534 637 599 vindictae
662 551 695 597 et
714 557 810 599 carisa
833 552 866 601 et
889 540 1075 625 occasione,
1099 546 1151 607 in·

91 652 248 701 -cmenta
259 636 444 723 reipublice
456 637 624 699 conversio
640 658 648 699 ι
663 658 770 723 neque
782 636 873 701 illum
887 638 1019 729 ingenio
1032 636 1151 708 abbor-

90 758 181 799 ·rere
198 760 218 800 a
232 736 372 817 saevitia,
387 735 446 800 sed
464 736 603 824 tempori
620 735 763 819 dedisse,
780 760 821 801 ne
841 756 1033 826 premature
1054 746 1150 809 effer·

88 852 269 919 ·vesceret;
282 860 324 900 ne
335 836 382 900 sic
394 834 528 924 quidem
540 852 719 923 temperare
729 838 887 925 potuisse,
899 841 980 930 quin
990 843 1149 911 evidentia

88 938 270 1001 «nonnulla
284 935 427 1000 crudelis
443 936 542 1000 animi
557 952 747 1024 argumenta
762 958 978 1028 erumperent.

127 1040 203 1102 XV.
219 1068 234 1095 ι
243 1038 356 1102 Priore
369 1060 446 1102 sane
457 1036 561 1112 bello,
575 1058 677 1124 quum
691 1054 834 1102 servatus
847 1039 978 1107 aMario
992 1042 1032 1107 ad
1047 1045 1148 1135 legio·

85 1169 98 1193 ι
107 1160 165 1202 nes
175 1138 244 1216 jam
262 1137 316 1201 alii
330 1136 476 1201 decretas
490 1135 653 1218 rediisset,
665 1137 698 1200 vi
710 1159 749 1201 ac
764 1138 860 1203 armis
874 1142 1022 1206 omnium
1036 1167 1145 1210 rerum

83 1239 278 1303 arbitrium
295 1239 485 1327 arripuisse;
502 1238 624 1302 Urbem
647 1260 838 1326 occupasse3
862 1240 1051 1329 multisque,
1073 1244 1145 1334 ipso

83 1340 321 1421 ·counivente‚
343 1339 473 1405 interim
497 1354 531 1403 et
548 1339 700 1419 jubente,
728 1338 861 1421 occisis,
885 1341 1028 1429 coegisse
1049 1366 1144 1407 sena-

82 1458 193 1523 ·tum,
209 1456 249 1505 ut
260 1441 445 1530 complures
457 1441 601 1529 egregios
614 1440 700 1503 viros
716 1440 919 1506 facultatibus
933 1443 999 1506 suis
1013 1460 1143 1529 exutos,

83 1543 214 1629 «patriar
222 1542 378 1630 adspectu
387 1543 543 1631 privatos,
557 1542 664 1605 hostes
671 1538 839 1621 judicaret.
852 1541 914 1606 Sed
927 1565 986 1607 nec
994 1546 1143 1611 ambitio-

81 1665 179 1705 ·nem
196 1642 267 1721 ejus
278 1644 403 1723 minus,
417 1664 515 1731 quam
527 1640 725 1706 iracundiam
738 1642 944 1707 metuendam
956 1667 1035 1711 esse.
1045 1649 1142 1735 Cupi·

82 1743 206 1807 -dirate
221 1745 387 1808 bonorum
403 1760 437 1807 et
453 1742 685 1807 dominationis
706 1742 825 1805 multos
842 1743 972 1832 ingenio
991 1746 1084 1809 mites
1100 1770 1140 1810 eo

81 1867 135 1907 «se
158 1845 378 1933 precipitare,
403 1842 493 1907 unde
516 1842 587 1907 sine
609 1865 687 1925 suo,
712 1859 768 1907 aut
785 1843 921 1907 aliorum
944 1846 1041 1909 exitio
1061 1848 1140 1912 eniti

79 1960 275 2031 ·nequeant.
294 1946 364 2008 lam
380 1966 456 2007 vero
473 1944 517 2007 ita
531 1960 749 2032 comparatum
763 1944 796 2007 in
813 1944 907 2007 rebus
920 1946 1086 2032 humanis,
1103 1964 1140 2013 ut

79 2048 168 2109 -sine
184 2046 250 2110 nlla
269 2046 476 2109 cunctatione
498 2044 578 2107 alios
594 2044 731 2132 quisque
749 2066 810 2133 pro
831 2066 882 2125 se,
901 2068 999 2137 quam
1022 2070 1057 2111 se
1079 2070 1139 2135 pro

78 2146 167 2209 ·aliis
182 2146 289 2234 perire
304 2146 405 2211 malit.

119 2249 208 2311 XVI.
224 2247 323 2311 «Non
345 2266 441 2335 posse
460 2247 611 2311 exsistere
628 2246 819 2311 clementem
835 2248 981 2310 animum
1002 2246 1035 2309 in
1054 2248 1136 2311 civili

77 2349 249 2428 ·rictoria;
260 2348 340 2430 iras,
356 2348 448 2430 odia,
461 2348 619 2426 offensas,
632 2370 818 2434 quanquam
833 2347 1016 2411 mitissimos
1030 2372 1136 2415 mores

78 2451 286 2515 ·exacerbare
296 2449 465 2514 :accedere
478 2449 640 2512 licentiam
655 2469 789 2512 summae
805 2449 974 2536 potentiae3
991 2465 1023 2513 et
1036 2449 1134 2514 inter·

78 2551 174 2614 «dum
190 2552 242 2614 vel
253 2549 470 2615 anolentibus
483 2545 606 2637 aliquid
619 2546 733 2611 durius
747 2546 833 2627 fieri,
849 2563 886 2610 ut
898 2546 1135 2614 admoneantur

76 2652 266 2732 «homines,
290 2667 448 2739 qnantum
475 2649 651 2713 victoribus
678 2648 791 2729 liceat,
816 2648 843 2712 si
871 2648 972 2713 velint
997 2673 1005 2715 :
1032 2653 1133 2716 multa

76 2775 230 2840 ·quoque
245 2766 357 2814 contra
374 2750 574 2814 voluntatem
584 2751 695 2812 lacere
711 2749 798 2838 cogi,
815 2764 852 2812 ut
870 2751 1065 2816 satisfaciant
1079 2752 1131 2816 ad·

76 2853 257 2930 «latoribus
275 2851 416 2916 rictoriae
433 2874 442 2916 ε
458 2851 577 2914 horum
600 2849 824 2938 inexplebilem
845 2851 1009 2916 avaritiam
1035 2853 1130 2916 nullis

76 2977 241 3042 «unquam
258 2953 377 3040 opibus
392 2953 537 3016 exsatiari
553 2973 665 3040 posse;
679 2949 736 3015 sed
751 2951 791 3015 ad
805 2951 862 3014 has
873 2950 1029 3040 parandas
1047 2974 1130 3040 opus

77 3077 161 3119 «esse
174 3053 363 3119 crudelitate
378 3075 387 3117 ε
402 3075 477 3117 nam
494 3067 527 3116 et
543 3050 641 3115 adimi
654 3051 741 3114 bona
754 3049 980 3114 innocentibus
995 3049 1129 3115 invidio·

77 3155 255 3218 «sissimum
270 3175 356 3235 esse,
370 3168 403 3218 et
420 3153 645 3232 injustissimos
662 3151 775 3231 etiam,
793 3172 895 3236 quum
909 3150 1013 3214 Iacere
1027 3153 1127 3216 scele-

80 3269 140 3316 ·sta
158 3255 241 3318 nibil
255 3254 348 3341 pensi
360 3253 517 3328 babeant,
533 3252 654 3341 probos
670 3267 778 3314 tamen
796 3248 897 3312 videri
914 3251 1007 3316 malle
1024 3275 1032 3315 :
1047 3252 1127 3318 nihil

79 3377 169 3444 ·ergo
186 3355 367 3442 reliquum,
384 3376 482 3441 quam
496 3367 534 3417 ut
550 3351 670 3440 quibus
685 3351 809 3438 eripere
826 3351 991 3415 facultates
1006 3355 1127 3418 consti·

78 3457 230 3537 ·tnerint‚
253 3455 300 3519 eis
324 3455 413 3542 prius
437 3453 578 3518 adimant
602 3453 720 3530 vitam,
746 3474 813 3539 quo
839 3467 990 3539 tanquam
1016 3471 1124 3520 sontes

81 3558 251 3640 punivisse
267 3555 474 3621 credantur.»

115 3657 212 3721 XVII.
227 3659 387 3720 Caeterum
397 3656 501 3737 Sulla,
515 3677 583 3719 non
595 3653 717 3718 diutins
729 3654 839 3716 Ilornoe
852 3671 1010 3738 moratus,
1026 3679 1122 3743 quam

80 3770 110 3816 ut
125 3759 237 3822 curatis
259 3756 471 3837 instantibus,
493 3755 672 3820 amicorum
696 3749 853 3840 quosdam
877 3751 1008 3818 urbanis
1025 3757 1122 3820 rebus

79 3855 251 3937 proliceret,
265 3856 341 3921 inde
352 3873 508 3922 contento
523 3878 622 3922 cursu
632 3855 795 3919 Etruriam
808 3854 917 3946 petiit;
933 3851 1020 3940 qnod
1034 3853 1121 3940 apud

81 3953 208 4023 Clusium
236 3959 343 4022 Carbo
368 3959 485 4023 consul
513 3957 665 4026 florentes
691 3956 820 4043 copias,
847 3953 954 4040 ipsum
980 3951 1119 4038 partium

79 4055 181 4139 robur,
205 4074 417 4125 contraxerat.
444 4060 650 4122 Accesserant
674 4055 913 4119 Celtiberorum
939 4051 1012 4128 alta,
1041 4073 1120 4137 quas
