2875 4900
292 405 364 497 274
468 403 537 469 JO.
564 400 897 469 FREINSHEMII
930 399 1172 470 SUPPLEM.

292 525 486 615 «dignitate,
504 523 598 587 salvis
615 523 820 586 facultatibus
836 521 869 585 in
885 521 953 585 otio
965 521 1097 610 degere,
1113 521 1281 585 Sertorium
1297 543 1337 582 se·

292 647 473 712 «quamur3
493 640 526 688 et
542 623 755 686 voluntariam
773 622 833 686 sub
852 623 941 685 inani
957 623 1110 686 libertatis
1130 621 1230 710 specie
1248 621 1336 684 serri-

293 743 419 790 «tutem
445 725 600 812 amplexi,
625 723 713 788 dioto
738 723 855 788 exsulis
882 745 1031 813 geramus
1055 721 1199 786 morem?
1220 719 1336 809 egregio

256 821 261 831 ’
293 829 435 892 «seilicet
455 827 606 915 premio,
627 825 717 912 quod
736 825 871 890 ridicula
893 825 1049 888 omnibus
1073 824 1277 912 appellatione
1299 844 1338 883 se·

288 940 405 992 «natm
419 949 589 1006 vocamur,
608 925 670 989 sub
686 925 805 990 decoro
821 927 971 1006 nomine,
989 947 1057 988 non
1077 925 1184 988 minus
1200 923 1335 988 laborum

292 1029 664 1115 «contumeliarumque,
685 1029 766 1091 acsi
784 1026 934 1092 Celtiberi
954 1041 1010 1090 aut
1023 1026 1168 1090 Lusitani
1190 1044 1336 1100 essemus,

292 1132 529 1220 nperferentesl

335 1233 458 1295 XXIII.
486 1233 550 1295 «At
568 1230 625 1316 qui
642 1231 755 1294 Romae
778 1245 1022 1310 remanserunt,
1048 1251 1124 1294 cum
1147 1225 1336 1316 amplissimis

291 1330 540 1394 «emolumentis
553 1329 730 1394 sacerdotia
743 1346 776 1393 et
790 1330 991 1418 magistratus
1008 1330 1156 1417 capiunt,
1172 1327 1336 1417 provincias

289 1433 511 1511 «sortiuntur,
529 1429 714 1517 triumphos
737 1429 882 1512 ducunt;
907 1445 955 1510 et,
981 1452 1050 1492 uno
1074 1429 1199 1517 pridem
1222 1442 1337 1492 remoto

291 1533 466 1613 «domino,
481 1533 541 1619 ipsi
559 1554 669 1595 rerum
686 1530 835 1596 omniurn
851 1530 1069 1596 moderatores
1085 1547 1163 1596 sunt
1179 1546 1210 1594 et
1226 1525 1335 1592 arbitri.

290 1635 356 1697 «At
371 1655 431 1696 nos
454 1648 678 1718 contemptum
699 1647 732 1694 et
753 1631 814 1696 vile
833 1631 948 1720 vulgus
970 1631 1100 1695 obscuri
1120 1629 1260 1696 hominis
1283 1628 1336 1689 irn-

291 1737 403 1824 «perio
425 1733 623 1822 premimur;
646 1748 907 1822 perpetuumque
927 1749 960 1796 et
978 1732 1038 1820 ipsi
1063 1731 1268 1812 dictatorem,
1288 1725 1336 1790 sed

290 1834 472 1898 -deteriore
491 1831 679 1896 conditione
703 1849 832 1913 nostra,
857 1833 1016 1920 patimur,
1041 1855 1140 1920 quam
1161 1833 1205 1896 illi
1229 1830 1335 1894 Sullam

289 1936 508 1998 «babuerunt.
529 1933 616 1997 Sulla
641 1933 737 2030 enim¹
752 1933 848 1996 armis
874 1953 950 1996 sane
972 1935 1157 2020 potentior,
1179 1931 1218 1995 ab
1240 1927 1335 1992 inritis

288 2037 461 2116 «forsitan,
478 2033 536 2098 sed
558 2051 667 2098 tamen
685 2034 738 2113 jus
756 2032 845 2097 istud
860 2033 1072 2108 habentibus,
1093 2032 1255 2096 dictatura
1272 2025 1335 2090 novi

287 2137 435 2226 «generis
451 2135 626 2222 imperium
643 2133 805 2216 obtinuit,
823 2123 881 2198 sed
892 2135 990 2221 paulo
1003 2150 1077 2222 post
1090 2149 1205 2222 sponte
1221 2153 1275 2194 sua
1288 2150 1337 2216 po·

287 2239 430 2301 «siturus
444 2261 452 2300 :
467 2237 521 2300 hic
532 2258 637 2322 neque
649 2235 734 2299 bello
749 2259 809 2298 nos
820 2235 914 2316 vicit,
931 2251 968 2298 ut
980 2235 1031 2298 vel
1041 2233 1105 2298 boc
1115 2235 1189 2314 jure
1199 2233 1269 2322 plus
1282 2227 1338 2317 pol·

287 2341 375 2402 «lere
391 2339 526 2419 debeat3
545 2359 653 2424 neque
673 2337 792 2400 nostris
813 2337 973 2425 suffragiis
996 2335 1132 2423 adeptus
1152 2332 1336 2425 potentiam,

286 2456 398 2503 «tenet
408 2439 619 2528 stringitque,
632 2461 698 2501 non
713 2455 899 2526 temporum
911 2436 1028 2501 limites
1042 2435 1142 2519 ullos,
1158 2460 1223 2501 non
1240 2450 1336 2497 rerum

285 2554 363 2601 «aut
379 2540 585 2626 negotiorum
600 2537 793 2601 circumdari
809 2538 944 2627 patiens.

329 2640 449 2703 XXIV.
467 2638 541 2702 «Ad
555 2639 624 2703 hmo
638 2639 725 2702 Sulla
743 2639 796 2703 hic
813 2637 992 2720 crudelior,
1009 2662 1076 2703 non
1098 2638 1247 2703 inimicos
1266 2653 1334 2699 suos

285 2756 453 2819 «tantum,
465 2755 503 2802 ut
515 2739 585 2820 ille,
600 2738 793 2827 proscribit3
810 2738 867 2803 sed
878 2740 982 2803 socios
996 2739 1103 2803 omnis
1117 2741 1255 2803 fortunae
1265 2734 1336 2799 ami·

285 2864 429 2929 «cosque
449 2840 607 2920 trucidat,
625 2841 723 2903 vitam
741 2840 790 2903 his
809 2841 965 2927 eripiens,
982 2841 1052 2903 sine
1070 2864 1212 2927 quorum
1227 2862 1286 2926 ope
1300 2835 1337 2899 vi·

285 2966 382 3007 vvere
399 2944 468 3030 ipse
491 2964 559 3005 non
583 2941 751 3028 potuisset.
768 2942 882 3027 Neque
898 2941 989 3022 licet,
1013 2956 1069 3005 aut
1084 2957 1192 3022 vacat,
1212 2940 1252 3005 de
1267 2937 1336 3001 alio·

285 3067 381 3107 nrum
397 3044 532 3109 interitu
549 3043 665 3130 queri:
679 3043 746 3121 jam
764 3042 821 3107 ubi
838 3042 898 3105 hos
912 3065 1078 3106 sermones
1097 3044 1208 3131 aliquo
1228 3038 1337 3103 indicio

284 3178 295 3201 ιι
307 3146 487 3225 resciverit,
502 3144 572 3208 haec
586 3144 716 3209 libertas
734 3144 827 3207 nobis
843 3145 960 3208 ultimo
978 3145 1123 3209 cruciatu
1136 3146 1278 3209 luetur.»
1291 3142 1338 3203 At·

270 3247 340 3331 'qui
361 3246 411 3307 his
428 3244 566 3331 querelis
584 3260 749 3332 occupatae
769 3244 942 3310 hominurn
965 3260 1105 3327 mentes,
1122 3244 1256 3331 imperia
1271 3240 1336 3305 Ser·

284 3344 357 3406 torii
373 3344 644 3425 contemnebant3
662 3360 717 3408 aut
734 3344 760 3407 si
776 3346 833 3431 qui
852 3346 1080 3433 suscepissent,
1096 3361 1210 3409 contra
1225 3340 1336 3407 utilita-

285 3460 350 3506 tem
366 3461 399 3506 et
411 3444 584 3508 consilium
602 3445 671 3523 ejus
691 3446 776 3508 benc
793 3446 932 3534 cogitata
950 3446 983 3509 in
999 3446 1149 3526 exitium,
1165 3437 1338 3508 omittendo

282 3558 459 3630 praecepta,
475 3542 623 3606 faciendo
636 3544 751 3626 vetita,
768 3546 1000 3609 convertebant
1013 3568 1021 3609 ε
1034 3544 1272 3632 destitutusque
1287 3537 1339 3604 mi·

283 3642 417 3705 nisterio
436 3644 617 3726 Sertorius,
638 3666 741 3730 quum
767 3646 869 3709 multa
889 3645 1038 3732 praeclare
1056 3642 1259 3731 provideret,
1277 3656 1337 3701 non

282 3743 381 3807 alium
400 3742 610 3807 consiliorum
623 3743 786 3826 fructum,
803 3768 900 3833 quam
916 3744 1046 3811 taedium
1064 3744 1146 3809 irriti
1160 3742 1292 3819 laboris,
1309 3750 1338 3800 et

280 3844 370 3910 durae
388 3844 595 3932 indignusque
611 3845 706 3909 sortis
725 3868 854 3934 gravem
873 3862 971 3933 atque
989 3846 1118 3909 inanem
1136 3838 1336 3931 conquestio·

281 3968 356 4008 nem
373 3944 527 4033 capiebat.

311 4139 426 4204 §xxti
441 4107 505 4191 rint.
519 4143 545 4191 tn
556 4145 647 4192 senos
657 4160 712 4208 αφ.
723 4153 766 4201 It.
781 4172 815 4183 -
832 4145 848 4210 s
867 4146 964 4193 xxiv.
978 4146 1043 4195 rint.
1059 4145 1086 4193 u
1099 4146 1190 4193 smol.
1204 4158 1257 4207 up.
1269 4148 1309 4195 n·
