2875 4900
251 385 304 452 IN
334 385 449 452 Loc.
477 385 570 452 Llll.
598 383 740 452 LXXX
771 384 987 452 LIVIANI.
1103 386 1151 456 63

93 503 201 584 «luces,
214 503 349 584 milites,
364 501 406 566 ad
419 517 600 566 extremum
612 523 742 582 servos,
756 502 877 589 quibus
887 523 1052 591 quemque
1064 524 1153 594 potc-

95 619 159 668 rant
166 604 290 668 artibus
299 604 533 692 promissisque
542 603 735 668 excitabant.
745 603 916 668 Exercitus
924 605 1071 693 Pompeii
1079 625 1154 696 post

94 705 255 770 interitum
273 705 495 792 proconsulis,
513 705 554 786 Q.
566 703 737 768 Metellum
753 703 871 768 duoem
888 721 1056 792 optaverat
1072 730 1080 771 ε
1096 711 1153 772 sub

93 806 216 891 inpigri
227 807 294 868 vr'ri
305 805 419 884 duem,
439 825 538 892 neque
555 807 702 868 vritmem
718 804 793 884 sibi,
809 804 1088 894 nequefhrtunam
1100 809 1154 872 de·

83 904 229 990 suanam
248 929 320 970 esse.
346 907 387 987 Q.
405 905 572 988 Metellus,
595 903 686 993 quod
711 927 749 968 ea
769 927 821 970 res
843 920 958 970 contra
981 906 1068 994 leges
1084 907 1153 972 fieri

93 1006 268 1087 rideretur,
286 1009 407 1096 legatos
427 1029 505 1072 curn
529 1007 626 1070 minis
648 1021 682 1069 et
701 1006 857 1070 00an
875 1005 965 1071 adire
984 1011 1153 1073 consulem

91 1109 195 1189 jussit,
211 1125 245 1172 et
258 1109 305 1172 illi
315 1107 485 1172 audientes
495 1107 586 1172 dicto
600 1127 681 1170 esse.
690 1109 735 1170 At
746 1128 825 1170 vero
838 1107 958 1171 milites
967 1110 1152 1189 consulem,

93 1225 126 1273 ut
142 1233 273 1300 segnem
291 1228 324 1275 et
339 1231 449 1274 rerum
466 1209 671 1296 imperitum,
686 1208 863 1295 aspernati,
878 1207 971 1296 signa
986 1207 1029 1272 ad
1043 1210 1153 1274 hostes

93 1313 330 1376 transmlernut.
342 1311 463 1376 Crebra
473 1311 557 1374 inter
566 1311 635 1374 hac
645 1325 678 1373 et
688 1331 728 1372 ex
736 1309 826 1373 Urbe
835 1310 1012 1398 transfugia
1021 1309 1152 1395 fiebant,

91 1413 291 1476 servitiorum
314 1412 470 1492 maxime,
494 1411 548 1474 cui
569 1411 698 1500 generi,
720 1410 950 1475 circummissis
971 1410 1013 1476 ad
1035 1414 1152 1478 urbem

91 1514 307 1598 preconibus,
327 1513 508 1578 libertatern
522 1511 628 1576 Cinna
640 1510 843 1598 promiserat.

130 1617 169 1678 X.
188 1615 239 1678 Eo
253 1614 322 1694 jam
344 1629 537 1702 perventum
554 1627 639 1692 erat,
658 1629 696 1676 ut
713 1633 787 1698 spes
805 1611 976 1676 resistendi
992 1615 1080 1678 nulla
1096 1639 1154 1680 su·

92 1733 226 1800 peresset
241 1739 249 1780 :
265 1715 390 1780 ducum
403 1715 480 1779 alias
493 1714 663 1803 segnities,
681 1713 758 1777 alias
773 1711 906 1800 perfidia
922 1735 992 1778 rem
1007 1738 1155 1781 corrum-

92 1819 197 1903 pebat3
211 1819 356 1882 militnm
369 1837 501 1903 quoque
516 1830 708 1902 corruptum
715 1815 833 1902 rrtlgus
842 1830 900 1877 ant
912 1837 1058 1903 pugnare
1067 1819 1154 1882 nole·

91 1921 154 2000 bat,
165 1936 222 1984 aut
232 1919 339 2008 palam
350 1916 507 1982 transibat
517 1915 560 1980 ad
569 1916 689 1980 hostes.
700 1916 840 1980 Urbana
849 1915 968 2003 plebis,
980 1917 1008 1980 si
1016 1940 1154 1983 annonae

92 2021 191 2108 inopia
206 2019 334 2084 diutius
351 2034 571 2105 premeretur,
591 2015 790 2104 desperatio,
807 2016 898 2080 haud
913 2019 1024 2082 minus
1039 2019 1153 2084 lormi-

91 2120 152 2184 dini
170 2121 403 2210 optimatibus,
421 2141 518 2206 quam
537 2118 722 2206 superiora,
738 2135 818 2182 erat.
834 2120 874 2182 ln
887 2119 984 2182 tantis
998 2121 1154 2207 angustiis

90 2239 263 2288 convocato
283 2239 417 2302 senatu,
433 2220 580 2308 plerique
600 2235 727 2283 mutato
750 2219 888 2284 consilio
913 2220 1090 2285 mittendos
1111 2223 1153 2286 ad

91 2325 221 2388 Cinnam
238 2325 364 2412 legatos
382 2323 573 2402 censebant,
588 2319 630 2384 de
646 2319 890 2385 conditionibus
904 2323 992 2409 pacis
1011 2339 1152 2388 amurca.

91 2426 195 2491 -ninil
212 2425 302 2492 civili
318 2425 404 2491 bello
420 2422 600 2503 funestius,
619 2443 800 2510 omnesque
815 2445 882 2510 prae
899 2422 955 2486 illo
971 2423 1153 2489 tolerabiles

91 2528 305 2593 «calamitates
318 2548 397 2591 esse.
410 2523 600 2613 Optandum
614 2546 692 2587 sane
704 2524 821 2603 fiaisss,
837 2540 1008 2611 postquam
1022 2548 1062 2590 eo
1075 2525 1153 2590 deo-

91 2652 177 2695 ·rum
191 2632 239 2695 ira
255 2643 450 2716 perventum
467 2642 570 2705 esset,
586 2641 625 2689 nt
642 2646 715 2712 pars
729 2622 908 2689 modestior
921 2626 1082 2708 vincerem
1094 2626 1151 2691 sed

91 2730 258 2796 ⁸adversus
272 2729 342 2792 vim
357 2727 512 2806 majorem
530 2725 636 2789 resisti
650 2746 717 2789 non
734 2746 840 2812 posse.

128 2834 182 2897 xl.
203 2830 351 2895 «Omnia
373 2843 540 2917 expertos,
563 2842 601 2889 ut
623 2826 685 2889 sibi
706 2842 805 2912 atque
824 2826 904 2889 Urbi
926 2827 1152 2907 consulerent,

91 2934 188 2997 «nihil
205 2930 386 3020 proficere3
409 2928 488 3015 quin
508 2926 585 3013 ipsis
604 2925 755 2989 remediis
773 2924 927 2990 morbum
947 2924 1151 2989 invalescere.

90 3032 312 3097 ·Transitione
336 3029 476 3093 militum
498 3041 531 3090 et
552 3025 655 3113 plebis
678 3039 789 3088 auctas
807 3023 920 3086 Cinna
936 3021 1095 3107 Mariique
1117 3024 1151 3085 in

90 3134 305 3199 ·immensum
323 3130 451 3218 copias3
472 3143 505 3191 et
519 3128 628 3213 plures
642 3123 883 3213 propemodum
904 3120 980 3185 inde
999 3121 1152 3205 militare,

90 3260 187 3323 «aptos
200 3236 285 3324 ipsi,
303 3254 401 3319 quam
420 3252 503 3317 quos
519 3228 648 3307 hostes,
665 3239 867 3291 sacramento
880 3238 1058 3312 rogassent
1070 3226 1152 3289 Reli·

92 3358 251 3424 1quornm
269 3334 367 3397 etiam
385 3352 535 3419 magnam
550 3344 696 3416 partem,
713 3348 850 3413 corpore
862 3323 951 3413 apud
962 3325 1067 3413 ipsos,
1082 3328 1152 3391 ani-

90 3462 160 3503 «mo
171 3456 317 3524 votoque
329 3455 404 3497 cum
414 3430 601 3495 adversariis
610 3452 715 3518 agere.
725 3428 800 3491 Non
810 3427 910 3515 igitur
921 3425 1151 3511 dubitandum,

91 3540 184 3625 «quin
198 3534 368 3603 mittendis
381 3533 492 3621 legatis
506 3530 661 3595 tentanda
672 3530 714 3593 sit
726 3528 931 3616 compositio.
947 3531 983 3593 C.
994 3531 1150 3608 Marium,

92 3640 310 3716 ·L.Cinnam,
327 3635 417 3698 illum
437 3648 598 3697 senectam
617 3654 709 3695 snam
726 3648 760 3695 et
777 3647 827 3695 tot
841 3630 1010 3720 magnilica
1026 3634 1149 3695 nonita

92 3740 319 3816 ¹‹clausurum,
340 3736 430 3799 bunc
450 3734 557 3821 primo
577 3733 749 3797 consulatu
769 3747 803 3795 et
822 3733 1040 3797 maturitatem
1056 3752 1150 3798 voto-

91 3864 195 3922 ·rum,
212 3858 246 3905 et
262 3837 383 3904 smnmi
396 3836 459 3901 loci
473 3834 682 3924 dignitatem,
698 3858 765 3897 non
788 3834 832 3897 ita
850 3834 1097 3912 inclinaturum,
1113 3852 1151 3897 ut

93 3942 161 4006 «ille
175 3942 273 4032 gestis
289 3938 490 4018 bonoribus,
508 3937 564 4000 bic
574 3938 727 4023 speratis,
743 3935 899 4023 indignus
911 3934 1014 3998 videri
1028 3933 1153 3998 debeat.

122 4134 137 4197 S
153 4137 193 4181 lX.
209 4134 263 4181 Lis.
278 4132 343 4196 Epir.
362 4158 389 4165 -
404 4131 511 4194 Appiam.
