2875 4900
334 361 387 428 IN
419 360 534 428 LOC.
563 360 658 426 LIB.
687 361 753 428 CX
788 361 1009 430 LIVIANI.
1132 356 1204 429 683

127 505 231 573 gnum
248 481 308 546 toti
325 481 481 546 exercitui
497 479 628 545 dabant.
647 481 785 564 Fabius,
804 497 919 546 contra
933 481 995 544 bos
1014 495 1116 546 castra
1134 503 1204 544 me-

126 600 214 648 tatus
230 583 271 648 ad
285 583 439 664 Sicorim,
456 581 538 646 duos
553 583 587 646 in
604 581 741 648 flumine
756 600 874 673 pontes
887 583 1056 664 effecerat,
1072 583 1158 646 inter
1169 605 1205 646 se
1241 666 1250 676 .

126 683 283 749 distantes
298 684 396 748 millia
409 705 565 772 passuum
579 699 742 772 quatuor:
764 684 815 748 his
834 673 991 772 pontibus
1012 684 1203 772 pabulatum

127 787 244 850 crebro
261 785 410 850 mittebat
430 807 437 848 :
464 783 555 872 quod
570 785 658 850 idem
682 809 786 874 quum
804 801 837 850 et
854 786 895 850 ab
917 785 1068 850 hostibus
1091 784 1204 867 fieret,

127 890 249 953 crebrae
268 888 470 952 velitationes
492 903 601 970 erant3
623 910 685 952 nec
702 889 775 952 sine
793 911 912 977 magno
932 887 1082 976 praesidio
1099 887 1204 952 emitti

125 989 333 1078 pabulatores
348 1003 508 1076 poterant.
525 987 654 1052 Accidit
666 989 782 1078 igitur,
795 1012 899 1076 quum
910 990 1054 1079 legiones
1067 989 1204 1056 fabianoe

126 1091 202 1154 duaa
215 1089 338 1154 flumen
354 1090 563 1170 transissent,
580 1089 880 1178 impedimentaque
896 1108 930 1156 et
951 1091 1058 1155 omnis
1077 1091 1204 1178 equita·

113 1210 182 1258 'tus
199 1208 406 1280 sequeretur,
424 1207 463 1254 ut
477 1213 577 1280 pons,
593 1192 627 1254 ri
641 1191 870 1271 jumentorum
886 1208 920 1256 et
935 1215 1026 1280 aquae
1043 1192 1205 1281 magnitu-

126 1294 205 1360 dine
228 1295 448 1382 interruptus,
470 1293 643 1358 maximam
663 1309 789 1380 partem
812 1294 960 1381 equitum
980 1316 1000 1356 a
1018 1292 1204 1382 legionibus

126 1396 304 1462 divelleret.
329 1398 401 1460 Hoc
419 1395 477 1458 ubi
498 1417 537 1458 ex
556 1415 672 1484 aggere
692 1409 725 1458 et
741 1393 901 1476 cratibus,
919 1416 992 1480 quae
1012 1416 1120 1481 prono
1139 1390 1203 1456 ssu-

126 1498 217 1562 mine
233 1495 479 1584 deferebantur,
502 1495 654 1560 hostibus
670 1493 840 1583 cognitum
859 1510 925 1575 est,
948 1495 1100 1558 Afranius
1119 1495 1204 1558 cele·

125 1597 207 1662 riter
234 1599 415 1686 equitatum
447 1619 580 1661 omnem
606 1596 816 1686 legionesque
845 1611 987 1683 quatuor
1015 1619 1077 1660 suo
1103 1611 1204 1684 ponte

126 1697 322 1764 transduxit.
735 1714 738 1719 ’

172 1801 262 1864 XIV.
284 1801 372 1890 Ergo
390 1800 425 1864 L.
446 1800 601 1881 Plancus,
618 1800 676 1888 qni
696 1799 881 1889 legionibus
899 1799 1035 1864 fabianis
1050 1816 1203 1887 praerat,

126 1903 238 1966 locum
259 1903 459 1991 superiorem
479 1917 638 1989 occupat,
659 1901 752 1981 cujus
772 1901 892 1966 auxilio
914 1900 1067 1964 adversus
1089 1900 1203 1966 multi·

126 2001 276 2068 tudinem
298 2002 444 2068 hostium
468 2025 502 2068 se
525 2019 696 2068 tutaretur.
723 2004 837 2069 Praelio
858 2003 900 2070 ab
925 2003 1092 2090 equitibus
1111 2025 1204 2068 conr·

126 2103 243 2186 misso,
255 2104 370 2191 procul
381 2104 448 2168 visa
460 2119 538 2168 sunt
552 2104 643 2193 signa
657 2103 798 2169 duarum
810 2105 994 2194 legionum,
1007 2126 1087 2192 quas
1101 2104 1137 2167 C.
1147 2104 1206 2167 Fa·

126 2206 220 2287 bius,
238 2203 273 2268 id
291 2205 461 2293 quoderat
477 2206 674 2294 suspicatus,
692 2205 840 2270 subsidio
854 2207 921 2270 suis
937 2207 1092 2270 ulteriore
1102 2220 1204 2292 ponte

127 2307 270 2371 miserat.
287 2306 411 2371 Harum
425 2305 567 2370 adventu
579 2307 726 2394 praelium
741 2307 921 2390 dirimitur;
935 2307 1036 2395 copie
1048 2306 1204 2394 utrinque

127 2407 163 2473 in
179 2423 282 2473 eastra
300 2424 528 2492 revertuntur,
544 2433 646 2497 quum
664 2410 901 2499 aliquammulti
917 2411 1136 2476 Fabianorum
1153 2431 1204 2474 es·

128 2527 202 2575 sent
220 2510 402 2575 desiderati.
423 2512 473 2576 Eo
492 2511 596 2576 biduo
613 2516 719 2577 Caesar
736 2513 923 2601 supervenit
939 2536 1016 2577 cum
1037 2510 1203 2600 equitibus

129 2612 322 2701 nongentis,
342 2636 425 2700 quos
446 2614 507 2676 sibi
528 2614 679 2701 praesidio
697 2615 894 2695 retinuerat3
914 2630 964 2695 et,
980 2630 1081 2703 ponte
1101 2629 1204 2677 noctu

127 2710 218 2775 refici
230 2712 339 2794 jusso,
356 2736 430 2777 cum
444 2715 598 2779 omnibus
615 2716 736 2804 copiis,
750 2732 868 2804 preter
882 2738 940 2780 sex
952 2716 1120 2796 cohortes,
1131 2738 1204 2802 qtsae

128 2813 224 2903 ponti
244 2815 421 2901 castrisque
440 2816 589 2903 praesidio
606 2817 889 2905 relinquebantur,
908 2816 948 2881 ad
963 2816 1087 2881 Afranii
1102 2832 1205 2880 castra

127 2913 362 3004 proficiscitur,
374 2917 608 3007 pugnandique
619 2934 813 3006 potestatem
826 2918 975 2983 hostibus
988 2918 1072 2981 facit.
1090 2917 1204 2999 Quum

128 3017 240 3081 hostes
256 3040 402 3107 pugnare
418 3020 561 3102 nollent,
584 3020 691 3085 Caesar
704 3020 746 3086 ad
761 3019 1020 3109 quadringentos
1036 3040 1149 3108 passus
1162 3019 1204 3083 ab

128 3116 204 3183 imis
228 3118 391 3183 radicibus
415 3119 522 3203 collis,
547 3143 613 3208 quo
635 3122 668 3185 in
696 3121 778 3186 colle
797 3136 899 3189 casua
923 3121 1070 3186 hostium
1094 3135 1204 3203 erant,

129 3234 233 3283 castra
249 3242 372 3308 ponere
389 3222 522 3302 statuit3
540 3221 598 3287 sed
620 3223 760 3305 veritus,
778 3245 820 3287 ne
839 3223 959 3290 vallum
977 3222 1104 3287 eminus
1124 3244 1205 3287 con-

128 3320 326 3408 spiceretur,
343 3320 574 3387 tantummodo
587 3323 706 3389 fossam
723 3324 846 3413 pedum
865 3324 1052 3413 quindecim
1067 3325 1205 3389 afronte

129 3422 206 3487 duci
224 3422 346 3521 jussit:
367 3421 468 3510 idque
489 3446 573 3511 opus
596 3448 720 3513 quum,
739 3427 844 3515 prima
865 3442 899 3490 et
916 3424 1058 3490 secunda
1079 3426 1147 3490 acie
1168 3425 1203 3487 in

127 3524 221 3606 loco,
236 3523 294 3587 ubi
308 3539 400 3587 erant
410 3523 593 3606 instructa,
610 3529 849 3614 perstantibus,
862 3529 956 3593 tertia
969 3529 1052 3593 acies
1066 3527 1203 3608 laeena,

127 3626 243 3715 ignaro
259 3624 354 3689 hoste
368 3625 548 3712 perfectum
566 3642 624 3693 est.

173 3728 246 3792 XV.
271 3728 361 3791 Intra
380 3726 465 3791 hanc
481 3729 699 3793 munitionem
717 3747 815 3795 nocte
833 3748 1012 3813 transacta,
1028 3729 1203 3819 postridie,

129 3830 207 3917 quia
222 3830 353 3920 longius
374 3851 472 3919 agger
486 3830 647 3918 petendus
662 3847 748 3914 erat,
766 3849 835 3898 tota
850 3850 971 3914 eastra,
988 3831 1203 3921 quemadmo-

128 3930 210 3997 dum
226 3932 430 4013 instituerat',
453 3932 636 4020 permunit,
657 3934 793 4024 singulis
811 3934 996 4025 legionibus
1017 3934 1142 4023 singula
1158 3934 1204 3998 la·

164 4137 181 4216 2
194 4140 267 4197 1111.
280 4142 344 4192 Ces.
357 4168 391 4180 —-
404 4142 497 4189 Lucan.
513 4162 549 4176 -
563 4137 579 4203 s
593 4140 663 4189 m.
675 4140 737 4193 Ces.
749 4166 785 4177 -
794 4144 879 4190 ant.
886 4141 964 4223 pust.
978 4139 1006 4197 1,
1020 4138 1045 4195 ⁵,
