2875 4900
310 380 361 447 IN
390 380 503 449 LOC.
529 381 623 448 LlB.
651 382 722 449 CII
752 382 967 450 LIVIAIVI.
1102 383 1173 466 423

149 498 302 563 XXXVI.
317 498 470 563 Mulieres
486 522 622 586 quoque
636 500 715 565 luxu
734 522 775 563 ac
791 498 925 565 libidine
942 498 1099 588 perditas,
1115 519 1172 565 aut

110 601 296 665 maritorum
313 621 426 663 necem
442 616 609 689 optantes,
630 600 849 682 adsciverant,
870 624 930 688 per
946 624 1026 687 quas
1045 602 1171 667 servitia

108 702 320 777 concitarent,
333 716 390 765 aut
399 702 487 767 viros
500 702 627 767 illarum
642 702 873 769 interficerent.
884 703 1008 768 Horum
1023 725 1084 767 nec
1096 726 1174 792 pau·

109 826 149 867 ce
163 818 272 883 erant,
289 803 452 891 corruptis
467 802 602 868 civitatis
618 804 782 883 moribus,
802 820 836 869 et
849 803 1079 891 Primanorum
1090 805 1174 868 niro·

109 926 176 967 rum
199 904 375 993 conjuges,
403 904 585 991 exquibus
610 905 837 993 Semproniam
864 907 902 969 I).
921 904 1014 971 Bruti
1036 927 1171 969 uxorem

109 1005 271 1071 Sallustius
284 1006 444 1069 nominat.
454 1005 518 1071 Sed
531 1006 566 1069 in
578 1006 692 1071 eadem
704 1029 800 1074 cama
812 1008 920 1076 Mese,
928 1028 996 1071 non
1007 1006 1171 1071 immerito

110 1107 340 1189 existimemus,
358 1130 430 1195 quae
448 1108 543 1197 paulo
562 1124 638 1171 ante
656 1126 713 1173 aut
731 1124 843 1197 postea
856 1123 935 1173 sunt
948 1131 969 1171 a
983 1108 1059 1171 viris
1072 1131 1171 1195 repu-

109 1206 211 1291 diatae,
229 1208 344 1274 Clodia
364 1226 397 1273 et
411 1209 544 1275 Servilia
563 1209 709 1289 Luculli,
728 1209 838 1273 Mucia
852 1208 1020 1297 Pompeii,
1039 1209 1171 1273 Catonis

110 1310 211 1393 Atilia,
231 1312 365 1375 Caesaris
389 1311 560 1399 Pompeia,
579 1310 716 1376 Antonii
736 1310 896 1390 Antonia,
916 1326 950 1375 et
966 1312 1012 1375 M.
1027 1310 1170 1391 Luculli,

110 1432 309 1501 quacumque
322 1428 419 1501 gente
432 1413 511 1493 fuit,
525 1436 618 1477 uxor.
628 1414 788 1477 Iuventus
802 1413 899 1477 etiam
910 1413 1080 1499 pleraque,
1094 1435 1172 1499 prae-

110 1512 195 1599 cipue
216 1514 395 1597 nobilium,
421 1515 494 1579 licet
522 1536 641 1579 nomen
666 1513 900 1601 conspirationi
923 1536 991 1577 non
1021 1512 1169 1592 dederat,

112 1626 211 1677 umen
227 1614 382 1697 audiens,
398 1615 589 1696 hujusmodi
604 1614 754 1703 quaedam
768 1616 899 1702 agitari,
914 1614 1092 1703 gaudebat,
1108 1616 1169 1681 im·

111 1711 274 1779 becillitate
287 1718 408 1798 fetatis,
426 1733 459 1781 et
475 1718 568 1804 quia,
584 1717 746 1804 corruptis
761 1717 841 1781 olim
852 1716 1015 1797 moribus,
1031 1732 1169 1802 utquae-

112 1836 169 1899 que
178 1835 270 1882 erant
281 1817 547 1907 flagitiosissima,
562 1818 606 1881 ita
620 1819 759 1883 maxime
772 1816 1005 1904 probabantur.

150 1916 318 1983 XXXVII.
335 1918 478 1983 Multum
497 1919 593 1983 etiam
612 1917 654 1981 ad
670 1917 865 2006 perficienda
882 1932 985 2004 coepta
999 1917 1035 1979 in
1052 1917 1170 1980 Pisone

112 2020 172 2105 spei
184 2022 321 2087 Catilina
337 2038 508 2111 posuerat,
525 2022 581 2109 qui
598 2038 685 2101 tum,
704 2020 854 2085 nondum
869 2018 981 2085 audito
995 2017 1064 2098 ejus
1076 2041 1170 2097 casu,

113 2115 290 2208 Hispaniam
306 2124 489 2189 citeriorem
499 2123 648 2187 obtinere
658 2122 868 2205 credebatur,
883 2123 1029 2207 itemque
1040 2119 1075 2183 P.
1085 2118 1170 2183 Sicio
1202 2158 1212 2167 -

114 2216 278 2290 Nucerino.
296 2226 383 2289 Nam
396 2226 422 2288 is
437 2224 571 2313 publico
581 2224 710 2305 judicio
719 2225 920 2312 postulatus,
934 2222 1057 2287 adscito
1070 2222 1105 2285 in
1116 2221 1171 2284 iti·

115 2342 182 2385 nere
193 2328 336 2411 pessimo
355 2327 472 2414 quovis
488 2344 522 2390 et
534 2326 696 2390 levissimo
707 2326 820 2391 eadem
837 2325 1070 2401 metuentium,
1088 2324 1172 2387 aliis·

114 2443 186 2507 que,
199 2451 281 2514 quos
301 2431 369 2494 fors
385 2428 559 2508 offerebat,
573 2451 631 2516 per
645 2428 825 2494 Italiannac
840 2427 1027 2516 Hispaniam
1046 2425 1088 2490 ad
1105 2426 1170 2488 fre·

115 2537 177 2591 lum
192 2548 426 2625 transgressus,
447 2535 480 2596 in
498 2534 639 2597 Africam
658 2532 955 2606 ductod'exercitus
967 2531 1018 2595 sui
1034 2530 1170 2609 transje-

115 2645 207 2711 cerat3
225 2633 338 2723 ibique
360 2636 479 2723 regulis
500 2635 586 2698 inter
603 2657 638 2698 se
657 2634 855 2699 bellantibus
875 2633 992 2698 auxilia
1013 2631 1168 2708 ferendo,

116 2747 222 2813 quum,
236 2737 358 2823 quibus
370 2737 423 2800 ille
433 2737 633 2816 accessisset,
648 2737 831 2824 superiores
844 2734 977 2814 fierent,
993 2733 1035 2796 ad
1051 2734 1168 2796 famam

117 2823 194 2894 brevi
208 2853 410 2923 pervenerat.
427 2837 491 2900 Sed
506 2837 646 2901 maxime
661 2837 830 2925 sperabat,
849 2835 1018 2898 consulem
1036 2854 1086 2917 se,
1102 2833 1171 2894 col·

116 2923 177 3016 lega
186 2935 223 2998 C.
230 2939 396 3020 Antonio,
409 2940 480 3001 fore
494 2961 501 3000 :
513 2953 582 3002 tum
597 2937 693 3002 nullu
703 2938 794 3004 dom
801 2939 931 3022 provisis
942 2935 1049 3022 opibus
1054 2983 1070 3017 ‚¹
1078 2935 1171 2998 Pom·

111 3032 174 3109 Ρθῐθ
194 3036 309 3104 bellum
329 3043 362 3103 in
384 3039 501 3104 dumis
520 3055 647 3125 gerente
667 3043 773 3117 terrie,
792 3041 826 3101 io
847 3039 1028 3100 άωιϋιααηι
1042 3059 1167 3122 rempo-

117 3123 218 3198 blicam
231 3141 380 3229 impetum
396 3137 647 3226 rectisst'neeſsen'
653 3163 752 3227 pesse.
768 3141 845 3203 Haec
858 3140 903 3201 ita
921 3140 1047 3202 occulte
1063 3139 1167 3226 parari

118 3245 174 3292 ¹¹⁰⁰
191 3253 356 3322 poterant,
376 3241 457 3328 quin
473 3263 507 3304 se
524 3239 738 3328 quibusdam,
754 3241 813 3304 sed
823 3240 1070 3304 obscurioribus
1084 3239 1170 3304 indi·

117 3326 182 3412 ὥθ’
194 3341 389 3422 proderent:
402 3365 484 3407 caeca
498 3359 605 3408 tamen
617 3365 668 3406 res
682 3358 765 3423 erat,
779 3343 885 3406 donec
897 3367 956 3431 per
966 3343 1112 3408 Ftdviam
1123 3360 1171 3407 est

119 3437 277 3524 patefacta,
298 3445 450 3512 nobilem.
462 3445 651 3525 mulierem,
666 3467 740 3531 quae
755 3469 794 3508 ex
808 3448 950 3510 amatore
968 3467 1031 3509 suo
1048 3447 1089 3526 Q.
1103 3449 1171 3510 Cu·

119 3528 176 3613 ἦθ’
196 3544 327 3626 perditae
349 3546 483 3610 luxuriae
502 3547 641 3627 juvene,
664 3564 884 3633 compertam,
908 3549 1007 3611 tacito
1029 3549 1170 3612 auctoris

120 3639 239 3706 nomine
252 3648 478 3736 compluribus
495 3649 664 3713 enarravit.

157 3737 333 3814 XXXVIII.
357 3749 395 3814 Id
414 3751 620 3839 potissimum
635 3773 742 3815 causae
754 3751 818 3812 t'uit
833 3753 990 3831 comitiis,
1012 3775 1072 3815 cnr
1088 3773 1171 3814 con·

121 3850 207 3903 sensu
223 3851 387 3932 omnium,
408 3875 514 3938 neque
531 3875 589 3940 per
608 3851 778 3932 tabellam,
794 3851 852 3914 ssd
866 3875 931 3915 una
946 3854 1170 3939 rone-populi,

151 4051 291 4116 §Xxm
305 4071 412 4136 Appiae.
422 4071 477 4122 (Σίν.
487 4071 531 4120 lib.
543 4073 574 4118 11.
590 4097 623 4110 --
639 4069 844 4134 Sallust.cap.17
861 4081 886 4118 et
901 4073 941 4130 37.
955 4095 989 4106 ν-
1003 4069 1125 4117 Plutircb.
1137 4094 1169 4105 -

122 4127 270 4202 lxxrvn,
286 4156 391 4222 Appian.
403 4155 458 4207 Cir.
468 4155 512 4206 lib.
525 4159 568 4214 IV,
583 4173 607 4222 p.
617 4157 677 4206 620.
691 4155 828 4204 -smmc
839 4183 872 4192 -
886 4155 950 4203 Flor.
963 4181 997 4191 -
1007 4152 1129 4202 Plutarch.
1138 4152 1163 4188 “l
