<?xml version="1.0" encoding="UTF-8"?>
<!DOCTYPE html PUBLIC "-//W3C//DTD XHTML 1.0 Transitional//EN"
    "http://www.w3.org/TR/xhtml1/DTD/xhtml1-transitional.dtd">
<html xmlns="http://www.w3.org/1999/xhtml" xml:lang="en" lang="en">
 <head>
  <title>
</title>
<meta http-equiv="Content-Type" content="text/html;charset=utf-8" />
  <meta name='ocr-system' content='tesseract 3.04.00' />
  <meta name='ocr-capabilities' content='ocr_page ocr_carea ocr_par ocr_line ocrx_word'/>
</head>
<body>
  <div class='ocr_page' id='page_1' title='image "bibliothecaclas116lemagoog_0101.png"; bbox 0 0 2875 4900; ppageno 0'>
   <div class='ocr_carea' id='block_1_1' title="bbox 260 412 1179 515">
    <p class='ocr_par' dir='ltr' id='par_1_1' title="bbox 260 412 1179 515">
     <span class='ocr_line' id='line_1_1' title="bbox 260 412 1179 515; baseline 0.009 -35"><span class='ocrx_word' id='word_1_1' title='bbox 260 412 317 482; x_wconf 80' lang='lat' dir='ltr'><strong>ru</strong></span> <span class='ocrx_word' id='word_1_2' title='bbox 346 412 459 481; x_wconf 75' lang='lat' dir='ltr'><strong>noc.</strong></span> <span class='ocrx_word' id='word_1_3' title='bbox 488 414 583 481; x_wconf 81' lang='lat' dir='ltr'><strong>ma.</strong></span> <span class='ocrx_word' id='word_1_4' title='bbox 611 412 776 482; x_wconf 75' lang='lat' dir='ltr'><strong>Lxxxr</strong></span> <span class='ocrx_word' id='word_1_5' title='bbox 806 415 1022 488; x_wconf 74' lang='lat' dir='ltr'><strong>arvum.</strong></span> <span class='ocrx_word' id='word_1_6' title='bbox 1132 418 1179 515; x_wconf 78' lang='lat'><strong>89</strong></span> 
     </span>
    </p>
   </div>
   <div class='ocr_carea' id='block_1_2' title="bbox 19 534 1180 3980">
    <p class='ocr_par' dir='ltr' id='par_1_2' title="bbox 104 534 1180 1110">
     <span class='ocr_line' id='line_1_2' title="bbox 106 534 1178 625; baseline 0.005 -27"><span class='ocrx_word' id='word_1_7' title='bbox 106 550 181 599; x_wconf 76' lang='lat' dir='ltr'><strong>«aut</strong></span> <span class='ocrx_word' id='word_1_8' title='bbox 193 535 289 618; x_wconf 75' lang='lat' dir='ltr'><strong>Asia,</strong></span> <span class='ocrx_word' id='word_1_9' title='bbox 301 550 358 599; x_wconf 89' lang='lat' dir='ltr'><strong>aut</strong></span> <span class='ocrx_word' id='word_1_10' title='bbox 370 534 494 601; x_wconf 83' lang='lat' dir='ltr'><strong>Graecia</strong></span> <span class='ocrx_word' id='word_1_11' title='bbox 510 550 639 624; x_wconf 85' lang='lat' dir='ltr'><strong>gestum</strong></span> <span class='ocrx_word' id='word_1_12' title='bbox 655 535 779 599; x_wconf 91' lang='lat' dir='ltr'><strong>bellum</strong></span> <span class='ocrx_word' id='word_1_13' title='bbox 795 552 861 618; x_wconf 84' lang='lat' dir='ltr'><strong>est,</strong></span> <span class='ocrx_word' id='word_1_14' title='bbox 878 538 913 601; x_wconf 91' lang='lat' dir='ltr'><strong>in</strong></span> <span class='ocrx_word' id='word_1_15' title='bbox 930 560 997 625; x_wconf 94' lang='lat' dir='ltr'><strong>quo</strong></span> <span class='ocrx_word' id='word_1_16' title='bbox 1014 562 1081 602; x_wconf 89' lang='lat' dir='ltr'><strong>non</strong></span> <span class='ocrx_word' id='word_1_17' title='bbox 1099 541 1178 603; x_wconf 89' lang='lat' dir='ltr'><strong>insi-</strong></span> 
     </span>
     <span class='ocr_line' id='line_1_3' title="bbox 105 638 1177 727; baseline 0.007 -29"><span class='ocrx_word' id='word_1_18' title='bbox 105 638 197 727; x_wconf 78' lang='lat' dir='ltr'><strong>«gnis</strong></span> <span class='ocrx_word' id='word_1_19' title='bbox 214 660 290 727; x_wconf 85' lang='lat' dir='ltr'><strong>erga</strong></span> <span class='ocrx_word' id='word_1_20' title='bbox 301 638 462 725; x_wconf 90' lang='lat' dir='ltr'><strong>populum</strong></span> <span class='ocrx_word' id='word_1_21' title='bbox 473 658 647 701; x_wconf 83' lang='lat' dir='ltr'><strong>romonum</strong></span> <span class='ocrx_word' id='word_1_22' title='bbox 658 638 817 702; x_wconf 88' lang='lat' dir='ltr'><strong>exstiterit</strong></span> <span class='ocrx_word' id='word_1_23' title='bbox 825 638 1076 703; x_wconf 80' lang='lat' dir='ltr'><strong>Atheniensium</strong></span> <span class='ocrx_word' id='word_1_24' title='bbox 1087 640 1177 707; x_wconf 90' lang='lat' dir='ltr'><strong>fides.</strong></span> 
     </span>
     <span class='ocr_line' id='line_1_4' title="bbox 105 738 1180 830; baseline 0.001 -25"><span class='ocrx_word' id='word_1_25' title='bbox 105 738 285 819; x_wconf 87' lang='lat' dir='ltr'><strong>·Cujusrei</strong></span> <span class='ocrx_word' id='word_1_26' title='bbox 296 762 396 827; x_wconf 87' lang='lat' dir='ltr'><strong>quem</strong></span> <span class='ocrx_word' id='word_1_27' title='bbox 405 741 597 828; x_wconf 88' lang='lat' dir='ltr'><strong>ampliorem</strong></span> <span class='ocrx_word' id='word_1_28' title='bbox 612 740 685 827; x_wconf 91' lang='lat' dir='ltr'><strong>ipso</strong></span> <span class='ocrx_word' id='word_1_29' title='bbox 698 741 823 828; x_wconf 90' lang='lat' dir='ltr'><strong>populo</strong></span> <span class='ocrx_word' id='word_1_30' title='bbox 834 764 972 804; x_wconf 90' lang='lat' dir='ltr'><strong>romano</strong></span> <span class='ocrx_word' id='word_1_31' title='bbox 982 758 1096 805; x_wconf 89' lang='lat' dir='ltr'><strong>testem</strong></span> <span class='ocrx_word' id='word_1_32' title='bbox 1106 766 1180 830; x_wconf 92' lang='lat' dir='ltr'><strong>pro-</strong></span> 
     </span>
     <span class='ocr_line' id='line_1_5' title="bbox 104 841 1177 931; baseline 0.003 -26"><span class='ocrx_word' id='word_1_33' title='bbox 104 841 303 924; x_wconf 59' lang='lat' dir='ltr'><strong>ducemus,</strong></span> <span class='ocrx_word' id='word_1_34' title='bbox 319 858 352 905; x_wconf 88' lang='lat' dir='ltr'><strong>et</strong></span> <span class='ocrx_word' id='word_1_35' title='bbox 367 841 500 931; x_wconf 92' lang='lat' dir='ltr'><strong>quidem</strong></span> <span class='ocrx_word' id='word_1_36' title='bbox 523 842 696 906; x_wconf 84' lang='lat' dir='ltr'><strong>universo?</strong></span> <span class='ocrx_word' id='word_1_37' title='bbox 717 864 847 931; x_wconf 81' lang='lat' dir='ltr'>semper</span> <span class='ocrx_word' id='word_1_38' title='bbox 865 844 969 924; x_wconf 88' lang='lat' dir='ltr'><strong>enirn,</strong></span> <span class='ocrx_word' id='word_1_39' title='bbox 986 860 1019 907; x_wconf 91' lang='lat' dir='ltr'><strong>et</strong></span> <span class='ocrx_word' id='word_1_40' title='bbox 1034 845 1068 907; x_wconf 93' lang='lat' dir='ltr'><strong>in</strong></span> <span class='ocrx_word' id='word_1_41' title='bbox 1086 846 1177 909; x_wconf 88' lang='lat' dir='ltr'><strong>omni</strong></span> 
     </span>
     <span class='ocr_line' id='line_1_6' title="bbox 105 943 1177 1034; baseline 0.002 -27"><span class='ocrx_word' id='word_1_42' title='bbox 105 968 176 1025; x_wconf 75' lang='lat' dir='ltr'><strong>«re,</strong></span> <span class='ocrx_word' id='word_1_43' title='bbox 193 943 286 1032; x_wconf 93' lang='lat' dir='ltr'><strong>quod</strong></span> <span class='ocrx_word' id='word_1_44' title='bbox 297 944 421 1033; x_wconf 88' lang='lat' dir='ltr'><strong>optima</strong></span> <span class='ocrx_word' id='word_1_45' title='bbox 436 943 500 1009; x_wconf 87' lang='lat' dir='ltr'><strong>lide</strong></span> <span class='ocrx_word' id='word_1_46' title='bbox 513 960 640 1034; x_wconf 86' lang='lat' dir='ltr'><strong>gestum</strong></span> <span class='ocrx_word' id='word_1_47' title='bbox 654 959 721 1025; x_wconf 88' lang='lat' dir='ltr'><strong>est,</strong></span> <span class='ocrx_word' id='word_1_48' title='bbox 737 943 772 1013; x_wconf 82' lang='lat' dir='ltr'><strong>id</strong></span> <span class='ocrx_word' id='word_1_49' title='bbox 782 944 886 1008; x_wconf 87' lang='lat' dir='ltr'><strong>Attica</strong></span> <span class='ocrx_word' id='word_1_50' title='bbox 897 960 1026 1034; x_wconf 81' lang='lat' dir='ltr'><strong>gestum</strong></span> <span class='ocrx_word' id='word_1_51' title='bbox 1037 946 1177 1009; x_wconf 84' lang='lat' dir='ltr'><strong>Romani</strong></span> 
     </span>
     <span class='ocr_line' id='line_1_7' title="bbox 105 1043 370 1110; baseline 0.011 -3"><span class='ocrx_word' id='word_1_52' title='bbox 105 1046 234 1109; x_wconf 79' lang='lat' dir='ltr'><strong>«soletis</strong></span> <span class='ocrx_word' id='word_1_53' title='bbox 251 1043 370 1110; x_wconf 87' lang='lat' dir='ltr'><strong>dicere.</strong></span> 
     </span>
    </p>

    <p class='ocr_par' dir='ltr' id='par_1_3' title="bbox 103 1146 1178 2254">
     <span class='ocr_line' id='line_1_8' title="bbox 144 1146 1177 1229; baseline 0.002 -18"><span class='ocrx_word' id='word_1_54' title='bbox 144 1147 285 1211; x_wconf 89' lang='lat' dir='ltr'>XXXV.</span> <span class='ocrx_word' id='word_1_55' title='bbox 304 1146 411 1229; x_wconf 78' lang='lat' dir='ltr'><strong>«Quae</strong></span> <span class='ocrx_word' id='word_1_56' title='bbox 422 1170 500 1212; x_wconf 86' lang='lat' dir='ltr'><strong>vero</strong></span> <span class='ocrx_word' id='word_1_57' title='bbox 514 1162 628 1211; x_wconf 89' lang='lat' dir='ltr'><strong>contra</strong></span> <span class='ocrx_word' id='word_1_58' title='bbox 639 1148 795 1211; x_wconf 84' lang='lat' dir='ltr'><strong>Barbaros</strong></span> <span class='ocrx_word' id='word_1_59' title='bbox 812 1148 950 1228; x_wconf 88' lang='lat' dir='ltr'><strong>majores</strong></span> <span class='ocrx_word' id='word_1_60' title='bbox 964 1149 1068 1213; x_wconf 84' lang='lat' dir='ltr'>nostri</span> <span class='ocrx_word' id='word_1_61' title='bbox 1082 1150 1177 1213; x_wconf 89' lang='lat' dir='ltr'><strong>toties</strong></span> 
     </span>
     <span class='ocr_line' id='line_1_9' title="bbox 104 1247 1177 1339; baseline 0.005 -29"><span class='ocrx_word' id='word_1_62' title='bbox 104 1268 271 1336; x_wconf 83' lang='lat' dir='ltr'><strong>·gessere,</strong></span> <span class='ocrx_word' id='word_1_63' title='bbox 291 1270 480 1336; x_wconf 80' lang='lat' dir='ltr'><strong>quanquam</strong></span> <span class='ocrx_word' id='word_1_64' title='bbox 496 1250 581 1314; x_wconf 86' lang='lat' dir='ltr'><strong>forte</strong></span> <span class='ocrx_word' id='word_1_65' title='bbox 594 1247 752 1330; x_wconf 84' lang='lat' dir='ltr'><strong>invidiosa</strong></span> <span class='ocrx_word' id='word_1_66' title='bbox 771 1271 839 1312; x_wconf 90' lang='lat' dir='ltr'><strong>esse</strong></span> <span class='ocrx_word' id='word_1_67' title='bbox 857 1250 902 1313; x_wconf 93' lang='lat' dir='ltr'><strong>ob</strong></span> <span class='ocrx_word' id='word_1_68' title='bbox 918 1250 1177 1339; x_wconf 86' lang='lat' dir='ltr'><strong>magnitudinem</strong></span> 
     </span>
     <span class='ocr_line' id='line_1_10' title="bbox 105 1348 1178 1440; baseline 0.004 -28"><span class='ocrx_word' id='word_1_69' title='bbox 105 1350 237 1440; x_wconf 76' lang='lat' dir='ltr'><strong>«gloriae</strong></span> <span class='ocrx_word' id='word_1_70' title='bbox 248 1349 432 1431; x_wconf 81' lang='lat' dir='ltr'><strong>videantur,</strong></span> <span class='ocrx_word' id='word_1_71' title='bbox 454 1367 563 1414; x_wconf 88' lang='lat' dir='ltr'><strong>tamen</strong></span> <span class='ocrx_word' id='word_1_72' title='bbox 575 1350 651 1437; x_wconf 89' lang='lat' dir='ltr'><strong>quia</strong></span> <span class='ocrx_word' id='word_1_73' title='bbox 664 1372 727 1439; x_wconf 91' lang='lat' dir='ltr'><strong>pro</strong></span> <span class='ocrx_word' id='word_1_74' title='bbox 743 1348 859 1414; x_wconf 86' lang='lat' dir='ltr'><strong>misera</strong></span> <span class='ocrx_word' id='word_1_75' title='bbox 874 1352 1063 1438; x_wconf 77' lang='lat' dir='ltr'><strong>posteritate</strong></span> <span class='ocrx_word' id='word_1_76' title='bbox 1077 1353 1178 1433; x_wconf 87' lang='lat' dir='ltr'><strong>majo·</strong></span> 
     </span>
     <span class='ocr_line' id='line_1_11' title="bbox 104 1450 1177 1541; baseline 0.005 -27"><span class='ocrx_word' id='word_1_77' title='bbox 104 1473 199 1514; x_wconf 70' lang='lat' dir='ltr'><strong>arum</strong></span> <span class='ocrx_word' id='word_1_78' title='bbox 214 1451 352 1541; x_wconf 81' lang='lat' dir='ltr'><strong>allegare</strong></span> <span class='ocrx_word' id='word_1_79' title='bbox 365 1452 518 1517; x_wconf 86' lang='lat' dir='ltr'><strong>virtutem</strong></span> <span class='ocrx_word' id='word_1_80' title='bbox 536 1450 689 1540; x_wconf 87' lang='lat' dir='ltr'><strong>prodest,</strong></span> <span class='ocrx_word' id='word_1_81' title='bbox 706 1451 992 1515; x_wconf 86' lang='lat' dir='ltr'><strong>commemoranda</strong></span> <span class='ocrx_word' id='word_1_82' title='bbox 1010 1470 1098 1518; x_wconf 91' lang='lat' dir='ltr'><strong>sunt.</strong></span> <span class='ocrx_word' id='word_1_83' title='bbox 1114 1454 1177 1519; x_wconf 91' lang='lat' dir='ltr'><strong>Sed</strong></span> 
     </span>
     <span class='ocr_line' id='line_1_12' title="bbox 104 1550 1177 1641; baseline 0.007 -28"><span class='ocrx_word' id='word_1_84' title='bbox 104 1550 214 1615; x_wconf 83' lang='lat' dir='ltr'><strong>«unde</strong></span> <span class='ocrx_word' id='word_1_85' title='bbox 232 1552 357 1639; x_wconf 89' lang='lat' dir='ltr'><strong>potius,</strong></span> <span class='ocrx_word' id='word_1_86' title='bbox 377 1576 476 1640; x_wconf 84' lang='lat' dir='ltr'><strong>quain</strong></span> <span class='ocrx_word' id='word_1_87' title='bbox 492 1553 533 1616; x_wconf 88' lang='lat' dir='ltr'><strong>ab</strong></span> <span class='ocrx_word' id='word_1_88' title='bbox 550 1552 588 1616; x_wconf 93' lang='lat' dir='ltr'><strong>iis</strong></span> <span class='ocrx_word' id='word_1_89' title='bbox 608 1552 811 1640; x_wconf 85' lang='lat' dir='ltr'><strong>temporibus</strong></span> <span class='ocrx_word' id='word_1_90' title='bbox 828 1554 1048 1641; x_wconf 85' lang='lat' dir='ltr'><strong>gentibusque</strong></span> <span class='ocrx_word' id='word_1_91' title='bbox 1068 1555 1177 1620; x_wconf 89' lang='lat' dir='ltr'><strong>ordie-</strong></span> 
     </span>
     <span class='ocr_line' id='line_1_13' title="bbox 105 1654 1176 1744; baseline 0.006 -29"><span class='ocrx_word' id='word_1_92' title='bbox 105 1675 219 1734; x_wconf 72' lang='lat' dir='ltr'><strong>nmur‚</strong></span> <span class='ocrx_word' id='word_1_93' title='bbox 239 1654 273 1715; x_wconf 89' lang='lat' dir='ltr'><strong>in</strong></span> <span class='ocrx_word' id='word_1_94' title='bbox 288 1654 408 1741; x_wconf 88' lang='lat' dir='ltr'><strong>quibus</strong></span> <span class='ocrx_word' id='word_1_95' title='bbox 422 1674 526 1744; x_wconf 88' lang='lat' dir='ltr'><strong>quum</strong></span> <span class='ocrx_word' id='word_1_96' title='bbox 542 1671 649 1719; x_wconf 84' lang='lat' dir='ltr'><strong>vester</strong></span> <span class='ocrx_word' id='word_1_97' title='bbox 664 1654 780 1741; x_wconf 90' lang='lat' dir='ltr'><strong>aliquis</strong></span> <span class='ocrx_word' id='word_1_98' title='bbox 797 1654 892 1718; x_wconf 91' lang='lat' dir='ltr'><strong>dolor</strong></span> <span class='ocrx_word' id='word_1_99' title='bbox 908 1656 1021 1738; x_wconf 83' lang='lat' dir='ltr'><strong>fuerit,</strong></span> <span class='ocrx_word' id='word_1_100' title='bbox 1040 1657 1101 1720; x_wconf 90' lang='lat' dir='ltr'><strong>erit</strong></span> <span class='ocrx_word' id='word_1_101' title='bbox 1117 1659 1176 1721; x_wconf 92' lang='lat' dir='ltr'><strong>ali·</strong></span> 
     </span>
     <span class='ocr_line' id='line_1_14' title="bbox 103 1754 1176 1845; baseline 0.003 -27"><span class='ocrx_word' id='word_1_102' title='bbox 103 1778 190 1843; x_wconf 86' lang='lat' dir='ltr'><strong>·qua</strong></span> <span class='ocrx_word' id='word_1_103' title='bbox 206 1754 304 1819; x_wconf 83' lang='lat' dir='ltr'><strong>etiarn</strong></span> <span class='ocrx_word' id='word_1_104' title='bbox 318 1778 358 1821; x_wconf 86' lang='lat' dir='ltr'><strong>ex</strong></span> <span class='ocrx_word' id='word_1_105' title='bbox 373 1758 472 1821; x_wconf 86' lang='lat' dir='ltr'><strong>relata</strong></span> <span class='ocrx_word' id='word_1_106' title='bbox 483 1756 629 1821; x_wconf 88' lang='lat' dir='ltr'><strong>bostium</strong></span> <span class='ocrx_word' id='word_1_107' title='bbox 641 1756 768 1821; x_wconf 91' lang='lat' dir='ltr'><strong>ultione</strong></span> <span class='ocrx_word' id='word_1_108' title='bbox 778 1756 1056 1844; x_wconf 77' lang='lat' dir='ltr'><strong>voluptaslGalli,</strong></span> <span class='ocrx_word' id='word_1_109' title='bbox 1072 1780 1176 1845; x_wconf 90' lang='lat' dir='ltr'><strong>quum</strong></span> 
     </span>
     <span class='ocr_line' id='line_1_15' title="bbox 103 1856 1177 1950; baseline 0.003 -30"><span class='ocrx_word' id='word_1_110' title='bbox 103 1858 225 1920; x_wconf 79' lang='lat' dir='ltr'><strong>«Italiae</strong></span> <span class='ocrx_word' id='word_1_111' title='bbox 240 1878 390 1950; x_wconf 82' lang='lat' dir='ltr'><strong>magnam</strong></span> <span class='ocrx_word' id='word_1_112' title='bbox 404 1876 548 1948; x_wconf 87' lang='lat' dir='ltr'><strong>partem,</strong></span> <span class='ocrx_word' id='word_1_113' title='bbox 569 1882 646 1923; x_wconf 87' lang='lat' dir='ltr'><strong>mox</strong></span> <span class='ocrx_word' id='word_1_114' title='bbox 659 1858 755 1922; x_wconf 90' lang='lat' dir='ltr'><strong>etiam</strong></span> <span class='ocrx_word' id='word_1_115' title='bbox 767 1856 993 1921; x_wconf 87' lang='lat' dir='ltr'><strong>Macedoniam</strong></span> <span class='ocrx_word' id='word_1_116' title='bbox 1008 1857 1177 1923; x_wconf 87' lang='lat' dir='ltr'><strong>Graeciam·</strong></span> 
     </span>
     <span class='ocr_line' id='line_1_16' title="bbox 103 1958 1175 2049; baseline 0.002 -27"><span class='ocrx_word' id='word_1_117' title='bbox 103 1982 190 2047; x_wconf 77' lang='lat' dir='ltr'><strong>«que</strong></span> <span class='ocrx_word' id='word_1_118' title='bbox 205 1960 387 2025; x_wconf 87' lang='lat' dir='ltr'><strong>innumeris</strong></span> <span class='ocrx_word' id='word_1_119' title='bbox 408 1962 509 2049; x_wconf 87' lang='lat' dir='ltr'><strong>copiis</strong></span> <span class='ocrx_word' id='word_1_120' title='bbox 530 1960 783 2049; x_wconf 86' lang='lat' dir='ltr'><strong>oppressissent,</strong></span> <span class='ocrx_word' id='word_1_121' title='bbox 803 1958 845 2022; x_wconf 90' lang='lat' dir='ltr'><strong>ad</strong></span> <span class='ocrx_word' id='word_1_122' title='bbox 860 1959 1095 2047; x_wconf 81' lang='lat' dir='ltr'><strong>Thermopylas</strong></span> <span class='ocrx_word' id='word_1_123' title='bbox 1109 1984 1175 2024; x_wconf 87' lang='lat' dir='ltr'><strong>ma·</strong></span> 
     </span>
     <span class='ocr_line' id='line_1_17' title="bbox 103 2060 1173 2149; baseline 0.002 -25"><span class='ocrx_word' id='word_1_124' title='bbox 103 2090 115 2115; x_wconf 78' lang='grc' dir='ltr'>ι</span> <span class='ocrx_word' id='word_1_125' title='bbox 120 2060 208 2140; x_wconf 77' lang='lat' dir='ltr'><strong>iores</strong></span> <span class='ocrx_word' id='word_1_126' title='bbox 226 2063 330 2126; x_wconf 89' lang='lat' dir='ltr'><strong>nostri</strong></span> <span class='ocrx_word' id='word_1_127' title='bbox 350 2078 586 2145; x_wconf 83' lang='lat' dir='ltr'><strong>occurreruut3</strong></span> <span class='ocrx_word' id='word_1_128' title='bbox 607 2078 759 2149; x_wconf 88' lang='lat' dir='ltr'><strong>terraque</strong></span> <span class='ocrx_word' id='word_1_129' title='bbox 776 2076 809 2124; x_wconf 87' lang='lat' dir='ltr'><strong>et</strong></span> <span class='ocrx_word' id='word_1_130' title='bbox 824 2061 907 2123; x_wconf 88' lang='lat' dir='ltr'><strong>mari</strong></span> <span class='ocrx_word' id='word_1_131' title='bbox 924 2060 1098 2124; x_wconf 85' lang='lat' dir='ltr'><strong>fortissime</strong></span> <span class='ocrx_word' id='word_1_132' title='bbox 1115 2061 1173 2126; x_wconf 93' lang='lat' dir='ltr'><strong>de·</strong></span> 
     </span>
     <span class='ocr_line' id='line_1_18' title="bbox 103 2161 1129 2254; baseline 0.001 -28"><span class='ocrx_word' id='word_1_133' title='bbox 103 2163 299 2243; x_wconf 65' lang='lat' dir='ltr'><strong>mutando,</strong></span> <span class='ocrx_word' id='word_1_134' title='bbox 316 2187 468 2254; x_wconf 83' lang='lat' dir='ltr'><strong>magnam</strong></span> <span class='ocrx_word' id='word_1_135' title='bbox 481 2166 673 2229; x_wconf 88' lang='lat' dir='ltr'><strong>Graecorum</strong></span> <span class='ocrx_word' id='word_1_136' title='bbox 688 2161 931 2227; x_wconf 89' lang='lat' dir='ltr'><strong>multitudinem</strong></span> <span class='ocrx_word' id='word_1_137' title='bbox 949 2178 1129 2227; x_wconf 85' lang='lat' dir='ltr'><strong>servarunt.</strong></span> 
     </span>
    </p>

    <p class='ocr_par' dir='ltr' id='par_1_4' title="bbox 19 2263 1177 3573">
     <span class='ocr_line' id='line_1_19' title="bbox 146 2263 1173 2354; baseline 0.001 -27"><span class='ocrx_word' id='word_1_138' title='bbox 146 2266 304 2331; x_wconf 86' lang='lat' dir='ltr'>XXXVI.</span> <span class='ocrx_word' id='word_1_139' title='bbox 321 2297 334 2321; x_wconf 76' lang='grc' dir='ltr'>ι</span> <span class='ocrx_word' id='word_1_140' title='bbox 345 2267 434 2351; x_wconf 92' lang='lat' dir='ltr'><strong>Quid</strong></span> <span class='ocrx_word' id='word_1_141' title='bbox 450 2266 690 2354; x_wconf 85' lang='lat' dir='ltr'><strong>antiquioribus</strong></span> <span class='ocrx_word' id='word_1_142' title='bbox 710 2264 819 2329; x_wconf 88' lang='lat' dir='ltr'><strong>adhuc</strong></span> <span class='ocrx_word' id='word_1_143' title='bbox 838 2264 1059 2351; x_wconf 87' lang='lat' dir='ltr'><strong>temporibus,</strong></span> <span class='ocrx_word' id='word_1_144' title='bbox 1076 2263 1173 2346; x_wconf 90' lang='lat' dir='ltr'><strong>odii,</strong></span> 
     </span>
     <span class='ocr_line' id='line_1_20' title="bbox 103 2366 1176 2456; baseline 0 -26"><span class='ocrx_word' id='word_1_145' title='bbox 103 2382 158 2430; x_wconf 75' lang='lat' dir='ltr'><strong>«et</strong></span> <span class='ocrx_word' id='word_1_146' title='bbox 172 2382 284 2431; x_wconf 86' lang='lat' dir='ltr'><strong>custos</strong></span> <span class='ocrx_word' id='word_1_147' title='bbox 298 2368 389 2431; x_wconf 91' lang='lat' dir='ltr'><strong>urbis</strong></span> <span class='ocrx_word' id='word_1_148' title='bbox 402 2368 564 2431; x_wconf 86' lang='lat' dir='ltr'><strong>Minerva!</strong></span> <span class='ocrx_word' id='word_1_149' title='bbox 581 2390 653 2456; x_wconf 73' lang='lat' dir='ltr'><strong>quae</strong></span> <span class='ocrx_word' id='word_1_150' title='bbox 667 2383 739 2430; x_wconf 92' lang='lat' dir='ltr'><strong>tum</strong></span> <span class='ocrx_word' id='word_1_151' title='bbox 751 2366 849 2448; x_wconf 90' lang='lat' dir='ltr'><strong>urbs,</strong></span> <span class='ocrx_word' id='word_1_152' title='bbox 862 2382 919 2429; x_wconf 88' lang='lat' dir='ltr'><strong>aut</strong></span> <span class='ocrx_word' id='word_1_153' title='bbox 930 2366 1038 2455; x_wconf 84' lang='lat' dir='ltr'><strong>regio,</strong></span> <span class='ocrx_word' id='word_1_154' title='bbox 1055 2382 1112 2430; x_wconf 86' lang='lat' dir='ltr'><strong>aut</strong></span> <span class='ocrx_word' id='word_1_155' title='bbox 1126 2368 1176 2430; x_wconf 92' lang='lat' dir='ltr'><strong>in-</strong></span> 
     </span>
     <span class='ocr_line' id='line_1_21' title="bbox 103 2469 1174 2558; baseline 0.001 -26"><span class='ocrx_word' id='word_1_156' title='bbox 103 2469 195 2532; x_wconf 82' lang='lat' dir='ltr'><strong>·sula</strong></span> <span class='ocrx_word' id='word_1_157' title='bbox 214 2490 318 2556; x_wconf 87' lang='lat' dir='ltr'><strong>prope</strong></span> <span class='ocrx_word' id='word_1_158' title='bbox 338 2469 475 2558; x_wconf 72' lang='lat' dir='ltr'><strong>longene</strong></span> <span class='ocrx_word' id='word_1_159' title='bbox 494 2471 574 2550; x_wconf 84' lang='lat' dir='ltr'><strong>luit,</strong></span> <span class='ocrx_word' id='word_1_160' title='bbox 597 2491 669 2556; x_wconf 84' lang='lat' dir='ltr'><strong>quae</strong></span> <span class='ocrx_word' id='word_1_161' title='bbox 686 2491 754 2531; x_wconf 91' lang='lat' dir='ltr'><strong>non</strong></span> <span class='ocrx_word' id='word_1_162' title='bbox 773 2469 883 2555; x_wconf 90' lang='lat' dir='ltr'><strong>aliquo</strong></span> <span class='ocrx_word' id='word_1_163' title='bbox 901 2469 1055 2556; x_wconf 81' lang='lat' dir='ltr'><strong>praeclaro</strong></span> <span class='ocrx_word' id='word_1_164' title='bbox 1072 2469 1174 2534; x_wconf 81' lang='lat' dir='ltr'><strong>Athe·</strong></span> 
     </span>
     <span class='ocr_line' id='line_1_22' title="bbox 103 2569 1176 2635; baseline 0 -1"><span class='ocrx_word' id='word_1_165' title='bbox 103 2571 291 2635; x_wconf 82' lang='lat' dir='ltr'><strong>«niensium</strong></span> <span class='ocrx_word' id='word_1_166' title='bbox 301 2570 444 2634; x_wconf 85' lang='lat' dir='ltr'><strong>facinore</strong></span> <span class='ocrx_word' id='word_1_167' title='bbox 454 2569 701 2634; x_wconf 80' lang='lat' dir='ltr'><strong>nobilitaretur?</strong></span> <span class='ocrx_word' id='word_1_168' title='bbox 711 2569 883 2633; x_wconf 89' lang='lat' dir='ltr'><strong>Marathon</strong></span> <span class='ocrx_word' id='word_1_169' title='bbox 892 2569 1033 2633; x_wconf 83' lang='lat' dir='ltr'><strong>victoriae</strong></span> <span class='ocrx_word' id='word_1_170' title='bbox 1042 2569 1176 2634; x_wconf 79' lang='lat' dir='ltr'><strong>medicae</strong></span> 
     </span>
     <span class='ocr_line' id='line_1_23' title="bbox 104 2669 1175 2759; baseline -0.002 -23"><span class='ocrx_word' id='word_1_171' title='bbox 104 2687 286 2736; x_wconf 81' lang='lat' dir='ltr'><strong>-aeternum</strong></span> <span class='ocrx_word' id='word_1_172' title='bbox 299 2687 552 2736; x_wconf 89' lang='lat' dir='ltr'><strong>monumentum</strong></span> <span class='ocrx_word' id='word_1_173' title='bbox 566 2694 605 2736; x_wconf 84' lang='lat' dir='ltr'><strong>ex</strong></span> <span class='ocrx_word' id='word_1_174' title='bbox 616 2671 718 2734; x_wconf 91' lang='lat' dir='ltr'><strong>oculis</strong></span> <span class='ocrx_word' id='word_1_175' title='bbox 734 2669 909 2734; x_wconf 91' lang='lat' dir='ltr'><strong>hominum</strong></span> <span class='ocrx_word' id='word_1_176' title='bbox 923 2687 956 2733; x_wconf 89' lang='lat' dir='ltr'><strong>et</strong></span> <span class='ocrx_word' id='word_1_177' title='bbox 971 2692 1049 2759; x_wconf 84' lang='lat' dir='ltr'><strong>agro</strong></span> <span class='ocrx_word' id='word_1_178' title='bbox 1062 2688 1175 2734; x_wconf 89' lang='lat' dir='ltr'><strong>nostro</strong></span> 
     </span>
     <span class='ocr_line' id='line_1_24' title="bbox 103 2770 1176 2862; baseline -0.006 -24"><span class='ocrx_word' id='word_1_179' title='bbox 103 2773 226 2838; x_wconf 86' lang='lat' dir='ltr'><strong>·deleri</strong></span> <span class='ocrx_word' id='word_1_180' title='bbox 239 2773 374 2862; x_wconf 89' lang='lat' dir='ltr'><strong>poterit;</strong></span> <span class='ocrx_word' id='word_1_181' title='bbox 393 2796 411 2837; x_wconf 89' lang='lat' dir='ltr'><strong>e</strong></span> <span class='ocrx_word' id='word_1_182' title='bbox 423 2773 580 2838; x_wconf 85' lang='lat' dir='ltr'><strong>memoria</strong></span> <span class='ocrx_word' id='word_1_183' title='bbox 591 2770 725 2859; x_wconf 91' lang='lat' dir='ltr'><strong>quidem</strong></span> <span class='ocrx_word' id='word_1_184' title='bbox 736 2793 845 2835; x_wconf 88' lang='lat' dir='ltr'><strong>rerum</strong></span> <span class='ocrx_word' id='word_1_185' title='bbox 857 2786 1019 2860; x_wconf 85' lang='lat' dir='ltr'><strong>gestarum</strong></span> <span class='ocrx_word' id='word_1_186' title='bbox 1030 2787 1063 2835; x_wconf 91' lang='lat' dir='ltr'><strong>et</strong></span> <span class='ocrx_word' id='word_1_187' title='bbox 1073 2770 1176 2834; x_wconf 90' lang='lat' dir='ltr'><strong>admi-</strong></span> 
     </span>
     <span class='ocr_line' id='line_1_25' title="bbox 104 2870 1174 2962; baseline -0.004 -23"><span class='ocrx_word' id='word_1_188' title='bbox 104 2875 253 2940; x_wconf 82' lang='lat' dir='ltr'><strong>·ratione</strong></span> <span class='ocrx_word' id='word_1_189' title='bbox 267 2874 462 2962; x_wconf 86' lang='lat' dir='ltr'><strong>posteritatis</strong></span> <span class='ocrx_word' id='word_1_190' title='bbox 476 2895 646 2961; x_wconf 88' lang='lat' dir='ltr'><strong>nunquam</strong></span> <span class='ocrx_word' id='word_1_191' title='bbox 661 2872 832 2937; x_wconf 86' lang='lat' dir='ltr'><strong>delebitur.</strong></span> <span class='ocrx_word' id='word_1_192' title='bbox 851 2871 942 2953; x_wconf 90' lang='lat' dir='ltr'><strong>Quid</strong></span> <span class='ocrx_word' id='word_1_193' title='bbox 957 2870 1076 2935; x_wconf 89' lang='lat' dir='ltr'><strong>deinde</strong></span> <span class='ocrx_word' id='word_1_194' title='bbox 1087 2871 1174 2935; x_wconf 85' lang='lat' dir='ltr'><strong>&#39;lhe-</strong></span> 
     </span>
     <span class='ocr_line' id='line_1_26' title="bbox 103 2972 1174 3064; baseline -0.004 -24"><span class='ocrx_word' id='word_1_195' title='bbox 103 2977 289 3040; x_wconf 87' lang='lat' dir='ltr'><strong>·mistocles</strong></span> <span class='ocrx_word' id='word_1_196' title='bbox 304 2993 336 3040; x_wconf 92' lang='lat' dir='ltr'><strong>et</strong></span> <span class='ocrx_word' id='word_1_197' title='bbox 346 2976 446 3040; x_wconf 88' lang='lat' dir='ltr'><strong>frater</strong></span> <span class='ocrx_word' id='word_1_198' title='bbox 457 2975 526 3056; x_wconf 85' lang='lat' dir='ltr'><strong>ejus</strong></span> <span class='ocrx_word' id='word_1_199' title='bbox 539 2973 726 3064; x_wconf 83' lang='lat' dir='ltr'><strong>Agesilaus?</strong></span> <span class='ocrx_word' id='word_1_200' title='bbox 745 2974 898 3057; x_wconf 88' lang='lat' dir='ltr'><strong>Quorum</strong></span> <span class='ocrx_word' id='word_1_201' title='bbox 912 2972 982 3053; x_wconf 91' lang='lat' dir='ltr'><strong>hic,</strong></span> <span class='ocrx_word' id='word_1_202' title='bbox 1002 2972 1174 3036; x_wconf 89' lang='lat' dir='ltr'><strong>interfecto</strong></span> 
     </span>
     <span class='ocr_line' id='line_1_27' title="bbox 103 3074 1176 3167; baseline -0.003 -26"><span class='ocrx_word' id='word_1_203' title='bbox 103 3078 272 3167; x_wconf 81' lang='lat' dir='ltr'><strong>«principe</strong></span> <span class='ocrx_word' id='word_1_204' title='bbox 285 3093 542 3166; x_wconf 87' lang='lat' dir='ltr'><strong>purpuratorum</strong></span> <span class='ocrx_word' id='word_1_205' title='bbox 556 3075 745 3156; x_wconf 85' lang='lat' dir='ltr'><strong>Mardonio‚</strong></span> <span class='ocrx_word' id='word_1_206' title='bbox 759 3096 858 3162; x_wconf 89' lang='lat' dir='ltr'><strong>quem</strong></span> <span class='ocrx_word' id='word_1_207' title='bbox 873 3074 1016 3138; x_wconf 76' lang='lat' dir='ltr'><strong>Xerxem</strong></span> <span class='ocrx_word' id='word_1_208' title='bbox 1030 3096 1099 3138; x_wconf 93' lang='lat' dir='ltr'><strong>esse</strong></span> <span class='ocrx_word' id='word_1_209' title='bbox 1113 3097 1176 3161; x_wconf 88' lang='lat' dir='ltr'><strong>pu·</strong></span> 
     </span>
     <span class='ocr_line' id='line_1_28' title="bbox 103 3175 1177 3270; baseline -0.003 -26"><span class='ocrx_word' id='word_1_210' title='bbox 103 3195 261 3262; x_wconf 67' lang='lat' dir='ltr'><strong>«tavent,</strong></span> <span class='ocrx_word' id='word_1_211' title='bbox 277 3179 369 3268; x_wconf 89' lang='lat' dir='ltr'><strong>quasi</strong></span> <span class='ocrx_word' id='word_1_212' title='bbox 381 3201 491 3270; x_wconf 82' lang='lat' dir='ltr'><strong>regem</strong></span> <span class='ocrx_word' id='word_1_213' title='bbox 504 3179 566 3243; x_wconf 88' lang='lat' dir='ltr'><strong>hac</strong></span> <span class='ocrx_word' id='word_1_214' title='bbox 577 3178 709 3242; x_wconf 86' lang='lat' dir='ltr'><strong>audacia</strong></span> <span class='ocrx_word' id='word_1_215' title='bbox 724 3200 792 3240; x_wconf 91' lang='lat' dir='ltr'><strong>non</strong></span> <span class='ocrx_word' id='word_1_216' title='bbox 807 3177 882 3240; x_wconf 87' lang='lat' dir='ltr'><strong>satis</strong></span> <span class='ocrx_word' id='word_1_217' title='bbox 899 3175 1082 3258; x_wconf 88' lang='lat' dir='ltr'><strong>terruisset,</strong></span> <span class='ocrx_word' id='word_1_218' title='bbox 1099 3177 1177 3258; x_wconf 84' lang='lat' dir='ltr'><strong>inje-</strong></span> 
     </span>
     <span class='ocr_line' id='line_1_29' title="bbox 19 3277 1175 3364; baseline -0.003 -18"><span class='ocrx_word' id='word_1_219' title='bbox 19 3351 20 3354; x_wconf 46' lang='lat'>,</span> <span class='ocrx_word' id='word_1_220' title='bbox 104 3283 169 3346; x_wconf 75' lang='lat' dir='ltr'><strong>«eit</strong></span> <span class='ocrx_word' id='word_1_221' title='bbox 182 3281 295 3346; x_wconf 82' lang='lat' dir='ltr'><strong>foculo</strong></span> <span class='ocrx_word' id='word_1_222' title='bbox 309 3304 459 3364; x_wconf 89' lang='lat' dir='ltr'><strong>manum,</strong></span> <span class='ocrx_word' id='word_1_223' title='bbox 471 3281 548 3346; x_wconf 87' lang='lat' dir='ltr'><strong>tales</strong></span> <span class='ocrx_word' id='word_1_224' title='bbox 560 3279 723 3345; x_wconf 85' lang='lat' dir='ltr'><strong>affirmans</strong></span> <span class='ocrx_word' id='word_1_225' title='bbox 735 3301 850 3343; x_wconf 85' lang='lat' dir='ltr'><strong>ornnes</strong></span> <span class='ocrx_word' id='word_1_226' title='bbox 861 3277 1075 3342; x_wconf 82' lang='lat' dir='ltr'><strong>Athenienses</strong></span> <span class='ocrx_word' id='word_1_227' title='bbox 1085 3301 1175 3361; x_wconf 82' lang='lat' dir='ltr'><strong>esse3</strong></span> 
     </span>
     <span class='ocr_line' id='line_1_30' title="bbox 104 3379 1175 3466; baseline -0.002 -18"><span class='ocrx_word' id='word_1_228' title='bbox 104 3407 194 3448; x_wconf 79' lang='lat' dir='ltr'><strong>«non</strong></span> <span class='ocrx_word' id='word_1_229' title='bbox 211 3383 367 3449; x_wconf 86' lang='lat' dir='ltr'><strong>absimilis</strong></span> <span class='ocrx_word' id='word_1_230' title='bbox 385 3384 430 3448; x_wconf 92' lang='lat' dir='ltr'><strong>illi</strong></span> <span class='ocrx_word' id='word_1_231' title='bbox 447 3383 573 3466; x_wconf 88' lang='lat' dir='ltr'><strong>Mucio,</strong></span> <span class='ocrx_word' id='word_1_232' title='bbox 591 3381 680 3446; x_wconf 91' lang='lat' dir='ltr'><strong>unde</strong></span> <span class='ocrx_word' id='word_1_233' title='bbox 698 3379 807 3445; x_wconf 89' lang='lat' dir='ltr'><strong>adbuc</strong></span> <span class='ocrx_word' id='word_1_234' title='bbox 823 3380 1037 3446; x_wconf 83' lang='lat' dir='ltr'><strong>Scaevolarum</strong></span> <span class='ocrx_word' id='word_1_235' title='bbox 1056 3381 1175 3446; x_wconf 88' lang='lat' dir='ltr'><strong>familia</strong></span> 
     </span>
     <span class='ocr_line' id='line_1_31' title="bbox 19 3484 422 3573; baseline -0.005 -22"><span class='ocrx_word' id='word_1_236' title='bbox 19 3535 20 3538; x_wconf 63' lang='lat'>,</span> <span class='ocrx_word' id='word_1_237' title='bbox 104 3489 237 3550; x_wconf 82' lang='lat' dir='ltr'><strong>«Romae</strong></span> <span class='ocrx_word' id='word_1_238' title='bbox 255 3484 422 3573; x_wconf 84' lang='lat' dir='ltr'><strong>perdurat.</strong></span> 
     </span>
    </p>

    <p class='ocr_par' dir='ltr' id='par_1_5' title="bbox 19 3585 1178 3980">
     <span class='ocr_line' id='line_1_32' title="bbox 145 3585 1173 3666; baseline -0.001 -15"><span class='ocrx_word' id='word_1_239' title='bbox 145 3587 317 3652; x_wconf 87' lang='lat' dir='ltr'>XXXVII.</span> <span class='ocrx_word' id='word_1_240' title='bbox 335 3585 584 3650; x_wconf 78' lang='lat' dir='ltr'><strong>«Themistoclis</strong></span> <span class='ocrx_word' id='word_1_241' title='bbox 600 3603 708 3650; x_wconf 86' lang='lat' dir='ltr'><strong>autern</strong></span> <span class='ocrx_word' id='word_1_242' title='bbox 730 3600 795 3650; x_wconf 92' lang='lat' dir='ltr'><strong>tam</strong></span> <span class='ocrx_word' id='word_1_243' title='bbox 817 3602 895 3649; x_wconf 90' lang='lat' dir='ltr'><strong>nota</strong></span> <span class='ocrx_word' id='word_1_244' title='bbox 913 3601 991 3649; x_wconf 88' lang='lat' dir='ltr'><strong>sunt</strong></span> <span class='ocrx_word' id='word_1_245' title='bbox 1012 3585 1173 3666; x_wconf 87' lang='lat' dir='ltr'><strong>facinora,</strong></span> 
     </span>
     <span class='ocr_line' id='line_1_33' title="bbox 106 3687 1175 3776; baseline 0.001 -25"><span class='ocrx_word' id='word_1_246' title='bbox 106 3688 282 3753; x_wconf 79' lang='lat' dir='ltr'><strong>«momnis</strong></span> <span class='ocrx_word' id='word_1_247' title='bbox 294 3687 438 3765; x_wconf 84' lang='lat' dir='ltr'><strong>historiae</strong></span> <span class='ocrx_word' id='word_1_248' title='bbox 450 3702 599 3776; x_wconf 88' lang='lat' dir='ltr'><strong>oporteat</strong></span> <span class='ocrx_word' id='word_1_249' title='bbox 610 3709 679 3752; x_wconf 89' lang='lat' dir='ltr'><strong>esse</strong></span> <span class='ocrx_word' id='word_1_250' title='bbox 691 3687 825 3769; x_wconf 85' lang='lat' dir='ltr'><strong>rudem,</strong></span> <span class='ocrx_word' id='word_1_251' title='bbox 837 3689 895 3776; x_wconf 93' lang='lat' dir='ltr'><strong>qui</strong></span> <span class='ocrx_word' id='word_1_252' title='bbox 904 3689 963 3752; x_wconf 90' lang='lat' dir='ltr'><strong>ista</strong></span> <span class='ocrx_word' id='word_1_253' title='bbox 975 3710 1043 3751; x_wconf 91' lang='lat' dir='ltr'><strong>nou</strong></span> <span class='ocrx_word' id='word_1_254' title='bbox 1055 3703 1175 3752; x_wconf 89' lang='lat' dir='ltr'><strong>teneat.</strong></span> 
     </span>
     <span class='ocr_line' id='line_1_34' title="bbox 107 3788 1174 3879; baseline -0.004 -25"><span class='ocrx_word' id='word_1_255' title='bbox 107 3789 404 3879; x_wconf 80' lang='lat' dir='ltr'><strong>«Superbissimum</strong></span> <span class='ocrx_word' id='word_1_256' title='bbox 423 3789 509 3853; x_wconf 89' lang='lat' dir='ltr'><strong>enim</strong></span> <span class='ocrx_word' id='word_1_257' title='bbox 530 3811 655 3879; x_wconf 86' lang='lat' dir='ltr'><strong>regern,</strong></span> <span class='ocrx_word' id='word_1_258' title='bbox 670 3803 704 3852; x_wconf 90' lang='lat' dir='ltr'><strong>et</strong></span> <span class='ocrx_word' id='word_1_259' title='bbox 722 3789 819 3853; x_wconf 91' lang='lat' dir='ltr'><strong>tantis</strong></span> <span class='ocrx_word' id='word_1_260' title='bbox 837 3789 1037 3853; x_wconf 89' lang='lat' dir='ltr'><strong>instructum</strong></span> <span class='ocrx_word' id='word_1_261' title='bbox 1056 3788 1174 3877; x_wconf 83' lang='lat' dir='ltr'><strong>copiis,</strong></span> 
     </span>
     <span class='ocr_line' id='line_1_35' title="bbox 19 3888 1178 3980; baseline -0.005 -23"><span class='ocrx_word' id='word_1_262' title='bbox 19 3963 20 3976; x_wconf 11' lang='grc' dir='ltr'>χ</span> <span class='ocrx_word' id='word_1_263' title='bbox 107 3909 262 3980; x_wconf 75' lang='lat' dir='ltr'><strong>«qruntas</strong></span> <span class='ocrx_word' id='word_1_264' title='bbox 273 3906 330 3955; x_wconf 90' lang='lat' dir='ltr'><strong>aut</strong></span> <span class='ocrx_word' id='word_1_265' title='bbox 346 3906 453 3973; x_wconf 90' lang='lat' dir='ltr'><strong>antea,</strong></span> <span class='ocrx_word' id='word_1_266' title='bbox 471 3906 529 3954; x_wconf 89' lang='lat' dir='ltr'><strong>aut</strong></span> <span class='ocrx_word' id='word_1_267' title='bbox 541 3907 654 3980; x_wconf 89' lang='lat' dir='ltr'><strong>postea</strong></span> <span class='ocrx_word' id='word_1_268' title='bbox 665 3890 781 3956; x_wconf 89' lang='lat' dir='ltr'><strong>babuit</strong></span> <span class='ocrx_word' id='word_1_269' title='bbox 796 3914 911 3971; x_wconf 88' lang='lat' dir='ltr'><strong>nemo,</strong></span> <span class='ocrx_word' id='word_1_270' title='bbox 925 3889 1028 3954; x_wconf 92' lang='lat' dir='ltr'><strong>nobili</strong></span> <span class='ocrx_word' id='word_1_271' title='bbox 1041 3888 1082 3952; x_wconf 90' lang='lat' dir='ltr'><strong>ad</strong></span> <span class='ocrx_word' id='word_1_272' title='bbox 1093 3889 1178 3952; x_wconf 89' lang='lat' dir='ltr'><strong>Sala·</strong></span> 
     </span>
    </p>
   </div>
   <div class='ocr_carea' id='block_1_3' title="bbox 109 4094 1176 4253">
    <p class='ocr_par' dir='ltr' id='par_1_6' title="bbox 109 4094 1176 4253">
     <span class='ocr_line' id='line_1_36' title="bbox 138 4094 1176 4166; baseline -0.008 -14"><span class='ocrx_word' id='word_1_273' title='bbox 138 4099 288 4165; x_wconf 72' lang='lat' dir='ltr'><strong>Sum.</strong></span> <span class='ocrx_word' id='word_1_274' title='bbox 298 4099 363 4148; x_wconf 82' lang='lat' dir='ltr'><strong>Vell.</strong></span> <span class='ocrx_word' id='word_1_275' title='bbox 377 4103 414 4162; x_wconf 90' lang='lat'><strong>11,</strong></span> <span class='ocrx_word' id='word_1_276' title='bbox 429 4101 472 4149; x_wconf 71' lang='lat'><strong>2³.</strong></span> <span class='ocrx_word' id='word_1_277' title='bbox 486 4127 521 4138; x_wconf 89' lang='lat'><em>-</em></span> <span class='ocrx_word' id='word_1_278' title='bbox 536 4099 552 4166; x_wconf 71' lang='lat' dir='ltr'><strong><em>s</em></strong></span> <span class='ocrx_word' id='word_1_279' title='bbox 565 4101 676 4150; x_wconf 70' lang='lat' dir='ltr'><strong>xxxt&#39;.</strong></span> <span class='ocrx_word' id='word_1_280' title='bbox 688 4101 792 4148; x_wconf 73' lang='lat' dir='ltr'><strong>Prason.</strong></span> <span class='ocrx_word' id='word_1_281' title='bbox 805 4098 850 4146; x_wconf 79' lang='lat' dir='ltr'><strong>lib.</strong></span> <span class='ocrx_word' id='word_1_282' title='bbox 862 4101 887 4156; x_wconf 91' lang='lat'><strong>1,</strong></span> <span class='ocrx_word' id='word_1_283' title='bbox 899 4098 953 4145; x_wconf 82' lang='lat' dir='ltr'><strong>init.</strong></span> <span class='ocrx_word' id='word_1_284' title='bbox 970 4122 1005 4132; x_wconf 95' lang='lat'>-</span> <span class='ocrx_word' id='word_1_285' title='bbox 1025 4094 1176 4161; x_wconf 75' lang='lat' dir='ltr'><strong>§xxm</strong></span> 
     </span>
     <span class='ocr_line' id='line_1_37' title="bbox 109 4183 989 4253; baseline -0.01 -17"><span class='ocrx_word' id='word_1_286' title='bbox 109 4185 182 4237; x_wconf 70' lang='lat' dir='ltr'><strong>soah,</strong></span> <span class='ocrx_word' id='word_1_287' title='bbox 191 4187 236 4237; x_wconf 86' lang='lat' dir='ltr'><strong>lib.</strong></span> <span class='ocrx_word' id='word_1_288' title='bbox 246 4187 300 4247; x_wconf 80' lang='lat'><strong>11,</strong></span> <span class='ocrx_word' id='word_1_289' title='bbox 309 4202 335 4253; x_wconf 86' lang='lat' dir='ltr'><strong>p.</strong></span> <span class='ocrx_word' id='word_1_290' title='bbox 347 4185 406 4252; x_wconf 75' lang='lat'><strong>³96.</strong></span> <span class='ocrx_word' id='word_1_291' title='bbox 418 4213 453 4226; x_wconf 85' lang='lat'>-</span> <span class='ocrx_word' id='word_1_292' title='bbox 463 4184 533 4234; x_wconf 84' lang='lat' dir='ltr'><strong>stob.</strong></span> <span class='ocrx_word' id='word_1_293' title='bbox 545 4187 622 4234; x_wconf 68' lang='lat' dir='ltr'><strong>snm.</strong></span> <span class='ocrx_word' id='word_1_294' title='bbox 634 4201 657 4246; x_wconf 85' lang='lat'><strong>7.</strong></span> <span class='ocrx_word' id='word_1_295' title='bbox 672 4211 707 4222; x_wconf 91' lang='lat'><em>-</em></span> <span class='ocrx_word' id='word_1_296' title='bbox 719 4184 784 4234; x_wconf 82' lang='lat' dir='ltr'><strong>Plut.</strong></span> <span class='ocrx_word' id='word_1_297' title='bbox 799 4183 886 4232; x_wconf 75' lang='lat' dir='ltr'><strong>Parall.</strong></span> <span class='ocrx_word' id='word_1_298' title='bbox 897 4197 953 4245; x_wconf 78' lang='lat' dir='ltr'><strong>erp.</strong></span> <span class='ocrx_word' id='word_1_299' title='bbox 963 4197 989 4228; x_wconf 76' lang='lat' dir='ltr'><strong>a.</strong></span> 
     </span>
    </p>
   </div>
   <div class='ocr_carea' id='block_1_4' title="bbox 0 0 1442 4900">
    <p class='ocr_par' dir='ltr' id='par_1_7' title="bbox 0 0 1442 4900">
     <span class='ocr_line' id='line_1_38' title="bbox 0 0 1442 4900; baseline 0 0"><span class='ocrx_word' id='word_1_300' title='bbox 0 0 1442 4900; x_wconf 95' lang='lat' dir='ltr'><strong> </strong></span> 
     </span>
    </p>
   </div>
  </div>
 </body>
</html>
