2875 4900
310 366 400 445 til·
464 358 536 427 JO.
565 358 924 427 FRElNSllEMIl
955 356 1215 427 SUPPLEM.

308 480 413 561 exosi,
430 500 534 567 quum
550 477 641 543 domi
659 490 826 564 sperarent
843 476 926 540 nibil
946 476 1132 557 tolmabile,
1151 476 1366 542 Mithridatem

307 586 341 651 in
353 583 496 647 Pontum
514 580 730 668 refugientem
746 578 879 667 sequuti
891 594 980 642 sunt.
1142 574 1147 581 ’

351 686 387 751 L.
404 685 462 751 His
478 681 692 761 tumultibus,
709 696 743 744 et
756 681 886 768 gemina
902 702 1041 745 suorum
1058 678 1149 743 clade
1162 680 1293 744 territus
1308 681 1368 745 Mi·

306 786 481 867 thridates,
497 783 625 870 scripsit
634 781 808 862 Archelao,
821 796 873 861 ut,
890 781 1003 869 quibus
1007 795 1115 868 posset
1125 781 1366 860 conditionibus,

307 887 424 953 bellum
436 886 594 949 desum
612 884 687 962 Ille,
704 882 804 947 misso
817 882 860 947 ad
873 883 997 947 Sullam
1011 882 1143 947 Deliaco
1158 883 1368 971 negotiatore,

305 992 360 1055 cui
380 1003 413 1052 et
434 987 496 1073 ipsi
515 1006 637 1049 nomeu
655 984 814 1049 Archelao
833 1000 920 1065 erat,
937 984 1139 1071 colloquium
1158 984 1198 1049 iis
1214 984 1256 1049 de
1276 985 1369 1049 rebus

307 1088 490 1179 postulavit.
508 1086 582 1175 Egit
602 1084 745 1149 fortunae
765 1108 833 1151 sum
851 1084 969 1173 gratias
986 1085 1091 1166 Sulla,
1108 1107 1183 1172 quse
1203 1084 1371 1173 ancipitem

307 1191 407 1255 animi
433 1210 552 1277 magno
574 1186 693 1251 iterum
717 1202 800 1251 aestu
821 1186 972 1251 liberaret
998 1209 1007 1249 :
1030 1208 1107 1249 nam
1127 1186 1252 1249 urbana
1277 1184 1372 1250 modo

309 1290 455 1379 negotia,
470 1286 570 1353 modo
581 1285 841 1353 mithridaticum
852 1286 975 1351 bellum
987 1286 1181 1374 respiciens,
1196 1308 1306 1376 neque
1321 1309 1375 1374 par

310 1389 470 1455 ambobus
485 1404 568 1470 erat,
581 1404 614 1451 et
630 1404 743 1451 utrum
753 1402 1020 1475 persequeretur,
1036 1405 1093 1452 aut
1105 1387 1288 1469 omitteret,
1297 1387 1375 1476 pari·

311 1490 373 1555 bus
388 1489 466 1554 hinc
481 1486 558 1553 inde
573 1487 750 1553 momentis
762 1486 955 1576 ambigebat
968 1488 1112 1553 Navibus
1128 1510 1262 1577 quoque
1279 1504 1313 1553 et
1327 1511 1377 1575 pe·

308 1590 405 1655 cunia
424 1588 680 1671 destituebatur,
703 1610 776 1677 quae
793 1611 902 1676 neque
920 1588 1021 1653 domo
1037 1589 1269 1670 mittebantur,
1289 1604 1324 1653 et
1339 1610 1377 1653 es

311 1692 463 1756 fanorum
478 1690 589 1778 spoliis
605 1706 662 1755 aut
679 1688 811 1759 aliunde
828 1706 957 1777 paratas
970 1690 1036 1769 jam
1052 1689 1288 1779 absumpserat.

353 1792 405 1857 LI.
422 1791 534 1873 Quum
551 1791 651 1879 igitur
664 1806 804 1877 uterque
814 1806 942 1879 paratos
952 1790 994 1855 ad
1008 1790 1238 1879 paciscendum
1249 1792 1379 1857 afferret

310 1892 453 1973 animos,
477 1889 567 1955 haud
590 1913 674 1981 tegre
699 1891 914 1979 pepigerunt,
936 1908 973 1956 ut
991 1892 1025 1955 in
1045 1894 1127 1957 mari
1147 1893 1233 1959 circa
1249 1894 1378 1959 Delium

309 1990 599 2083 congrederentur.
619 1992 670 2057 lbi
692 1992 783 2080 prior
802 1992 981 2057 Archelaus
1001 1993 1046 2056 ita
1073 1991 1173 2057 infit:
1192 1996 1302 2076 «Quae
1326 2014 1380 2056 rex

308 2116 446 2175 «meus,
472 2094 611 2159 aliorum
639 2091 764 2157 ducum
792 2092 919 2171 injuriis
942 2093 1139 2180 avaritiaque
1168 2094 1380 2183 compulsus,

309 2218 419 2261 «mma
445 2195 547 2281 cepit,
573 2216 610 2259 ea
632 2194 786 2259 virtutem
813 2210 902 2259 tuam
922 2193 1100 2259 admiratus
1121 2195 1213 2282 cupit
1235 2216 1382 2284 ponere,

309 2295 434 2361 «modo
459 2294 691 2361 tolerabiliores
715 2294 745 2359 ei
768 2293 973 2359 conditiones
995 2296 1152 2359 ferantur.
1176 2296 1253 2359 Tibi
1274 2311 1381 2373 certe,

309 2396 424 2477 ncujus
450 2394 653 2483 praesentiam
681 2394 814 2460 urbanae
842 2418 893 2462 res
916 2410 1086 2485 tantopere
1110 2396 1322 2481 desiderant,
1350 2397 1382 2459 in

310 2513 489 2584 «promptu
510 2512 576 2578 est,
598 2511 760 2584 acceptas
774 2518 849 2586 rege
867 2497 1023 2584 pecunia,
1045 2514 1080 2562 et
1097 2498 1256 2581 navibus,
1276 2515 1311 2562 et
1327 2519 1383 2561 co·

311 2599 413 2686 «piis,
426 2613 547 2684 quanta
562 2596 791 2686 postulaveris,
808 2596 849 2660 ad
864 2596 1067 2662 ulciscendos
1083 2598 1236 2663 inimicos
1253 2599 1307 2664 uti
1316 2631 1341 2661 υ.

355 2699 424 2764 1.11.
441 2700 527 2762 Tum
547 2699 636 2762 Sulla
657 2721 665 2762 ε
686 2697 877 2785 «Siquidem
898 2697 1019 2777 injusta
1040 2721 1075 2762 se
1092 2721 1225 2786 marum
1247 2697 1383 2764 Mithri·

310 2799 424 2864 «dates
450 2795 639 2879 crediderit,
664 2800 786 2888 legatos
811 2799 941 2880 missos,
964 2814 999 2864 et
1016 2800 1058 2864 de
1076 2801 1202 2881 injuriis
1225 2817 1386 2888 questum

311 2901 497 2988 «oportuit,
516 2923 583 2964 non
596 2922 674 2964 vero
690 2899 795 2964 aliena
805 2922 905 2989 regna
917 2899 1086 2984 invadere,
1103 2917 1219 2988 totque
1237 2901 1387 2966 millibus

310 2999 446 3066 «occisis
465 2999 657 3080 bominum,
674 3017 708 3064 et
723 3023 796 3086 quae
812 3000 857 3064 illi
874 3000 1079 3082 babuerunt,
1092 3018 1126 3064 et
1141 3019 1280 3090 excepta
1294 3003 1387 3066 insu·

309 3123 393 3188 «per
409 3101 594 3166 mortalium
612 3101 759 3181 casibus,
778 3100 982 3189 deorumque
997 3104 1094 3166 sacris
1112 3103 1285 3183 dedicata,
1306 3104 1387 3167 din·-

310 3223 408 3290 «pere
426 3223 435 3263 ι
450 3223 558 3289 neque
570 3223 648 3265 vero
664 3203 776 3266 amicis
792 3203 920 3284 mitius,
936 3226 1035 3291 quam
1049 3205 1193 3269 hostium
1207 3205 1389 3270 acerbissi-

311 3301 395 3364 «mis
413 3323 511 3380 usus,
529 3316 562 3365 et
580 3301 718 3364 aliorum
736 3302 898 3366 interfecit
914 3304 1088 3391 plurimos,
1103 3321 1138 3370 et
1155 3327 1242 3392 quos
1263 3328 1390 3370 mensae

311 3425 399 3466 ssuae
412 3400 566 3466 adhibere
583 3419 796 3466 consueverat
806 3405 1012 3484 Tetrarchas,
1025 3429 1102 3470 cum
1118 3405 1230 3470 liberis
1252 3424 1291 3471 et
1305 3431 1392 3472 uxo·

312 3500 442 3580 «ribus,
464 3501 536 3564 licet
555 3499 672 3566 hostile
692 3501 775 3564 nihil
794 3525 908 3584 ausos,
931 3505 1111 3570 trucidavit.
1135 3507 1199 3572 Sed
1221 3525 1264 3574 ut
1283 3511 1393 3574 aliena

312 3633 325 3656 ι
336 3602 480 3680 nuttam,
498 3599 625 3689 qualem
640 3600 674 3664 in
689 3625 749 3666 nos
761 3604 907 3668 animum
926 3607 1024 3670 luisse
1040 3607 1164 3689 dicatu,
1179 3610 1240 3695 qui
1254 3612 1394 3675 nullum

314 3703 370 3764 «in
388 3701 462 3764 belli
477 3723 593 3780 usum,
611 3701 668 3766 sed
681 3703 837 3769 altissimo
850 3720 977 3770 tantum
993 3706 1088 3788 odio,
1103 3708 1273 3798 quidquid
1290 3710 1395 3776 italici

312 3803 461 3892 «generis
480 3803 652 3868 hominum
671 3805 705 3868 in
716 3806 789 3870 Asia
803 3808 882 3888 fuit,
899 3830 975 3872 cum
990 3825 1058 3874 tota
1069 3810 1206 3890 familia,
1226 3833 1276 3874 ne
1291 3814 1397 3878 liber·

312 3937 325 3960 a
335 3904 410 3967 tinis
420 3902 552 3990 quidem
565 3906 718 3992 exceptis,
728 3907 819 3970 omni
828 3907 975 3972 cruciatu
983 3909 1232 3997 ignominiaque
1245 3911 1398 3978 delevit?

345 4105 361 4170 s
374 4107 398 4152 t.
411 4107 483 4152 Oros.
498 4131 532 4142 -
543 4107 650 4170 Appiae.
661 4136 694 4144 -
708 4109 805 4156 Sallust.
815 4111 905 4156 locert.
918 4126 960 4158 at.
971 4111 1078 4158 -rtne
1089 4113 1114 4158 iu
1126 4111 1204 4168 Sulla,
1216 4129 1281 4177 cap.
1294 4123 1341 4171 44.
