2875 4900
287 378 341 448 ru
370 380 481 447 noc.
508 380 602 450 mn.
629 380 743 449 ov11
771 382 987 451 nrvrrm.
1092 382 1164 478 607

86 498 165 563 looo
179 498 475 564 constituebantur.
492 498 592 589 Signo
609 498 703 583 dato,
719 501 863 587 primum
884 524 950 567 una
966 524 1096 586 earum,
1112 528 1164 569 se·

87 599 203 664 cundo
225 598 361 663 flumine
384 599 542 681 demissa,
561 618 724 689 quantum
743 618 871 691 poterat
884 604 1105 693 applicabatur
1117 608 1165 670 ci·

87 704 178 770 timae
194 702 292 791 ripaea
308 700 428 771 deinde
443 718 550 771 storea
571 703 655 769 suis
674 705 797 791 repleta
817 705 1025 795 mergebatur
1039 707 1163 790 fundo,

86 828 217 869 ancorae
240 805 345 869 vicem
362 802 529 870 firmatura
553 804 725 895 deligatam
749 805 857 877 valido
876 805 1016 872 rudente
1034 830 1160 875 navem.

86 908 258 971 Continuo
278 908 429 989 materia,
444 906 537 987 cujus
557 908 627 996 ipsa
643 907 732 976 navis
749 907 877 996 copiam
890 909 1072 999 praebebat,
1095 928 1164 976 tota

86 1008 384 1072 consternebatur:
404 1008 517 1073 eadem
538 1025 728 1073 craterarum
751 1006 871 1074 deiude
892 1012 1024 1077 narium
1045 1012 1165 1093 adjun-

87 1108 271 1198 gendamm
288 1126 356 1174 erat
372 1110 475 1192 ratio,
494 1132 575 1198 quas
588 1124 622 1173 et
635 1109 784 1177 demissae
796 1111 832 1175 iu
847 1114 978 1177 amnem
993 1113 1111 1195 moles,
1130 1132 1165 1179 et

87 1210 205 1275 vicinis
224 1212 380 1300 utrinque
396 1212 534 1277 navibus
553 1213 671 1277 innexa
686 1212 815 1278 vincula
832 1213 1028 1284 retinebant.
1049 1216 1164 1298 Quum

87 1312 132 1376 ad
155 1312 288 1378 alteram
312 1315 416 1405 ripam
439 1314 602 1381 deductus
627 1336 712 1403 pons
740 1330 829 1391 erat,
856 1315 892 1378 in
917 1332 1060 1380 extrerna
1083 1340 1164 1383 nare

88 1432 197 1479 turres
209 1438 285 1481 cum
298 1418 456 1482 machinis
467 1434 500 1482 et
511 1416 701 1506 catapultis,
718 1414 807 1481 etad
820 1415 1056 1505 egrediendum
1069 1436 1164 1508 porta

87 1516 289 1581 struebatur.
859 1582 864 1595 ,

133 1617 176 1680 X.
202 1618 363 1685 Craterum
388 1620 470 1687 nibil
491 1620 577 1684 ultra
592 1620 728 1709 gloriam
748 1618 801 1682 bis
821 1621 999 1683 uanscensi
1017 1619 1162 1689 fluminis

88 1718 151 1781 hac
164 1718 370 1806 expeditione
383 1722 556 1810 quaesitum
568 1738 626 1786 est.
644 1722 771 1787 Paucos
786 1719 855 1785 dies
871 1738 1017 1788 moratus
1032 1724 1067 1787 in
1081 1726 1162 1791 Ger-

87 1820 198 1883 mania
213 1822 333 1904 Gaesar,
352 1844 455 1911 quum
470 1824 567 1887 Suevi
581 1844 616 1887 se
631 1823 666 1886 in
680 1823 775 1887 silvas
791 1821 949 1909 recepisse
964 1822 1162 1903 dicerentur,

86 1922 229 2009 riaoptirm
239 1970 250 2001 ,
269 1940 308 1987 ut
328 1924 398 2013 ipse
420 1925 483 2007 ait,
490 1923 653 2012 stramenti
669 1926 812 2003 verdun
833 1940 871 1987 ut
891 1924 974 2005 Dio,
992 1924 1106 1989 Suevos
1120 1930 1164 1992 εἰ·

85 2046 175 2086 meas
189 2022 288 2111 (nam
305 2042 338 2090 et
353 2027 556 2092 frumentum
574 2050 613 2091 er
635 2026 739 2091 Gallia
754 2025 893 2091 subvehi
915 2026 1006 2090 nullo
1028 2029 1160 2116 negotio

86 2125 287 2213 potuisset);
313 2142 448 2216 pontem
470 2128 505 2192 in
531 2126 772 2217 longitudinem
794 2125 917 2213 pedum
940 2124 1159 2194 ducentorum

85 2226 260 2311 rescindit,
285 2244 383 2316 atque
405 2231 440 2294 in
468 2246 612 2294 extremo
637 2229 755 2293 turrim
778 2228 999 2296 tabulatorum
1019 2246 1160 2317 quatuor

85 2329 276 2411 constituit3
292 2331 545 2419 praesidiumque
561 2328 686 2394 tuendo
702 2330 797 2418 ponti
810 2329 942 2417 reliquit
953 2329 989 2393 in
1002 2331 1159 2414 iberius,

85 2445 126 2494 ut
142 2428 313 2496 Germanis
329 2432 446 2521 saepius
459 2431 627 2496 transituri
643 2430 785 2519 speciem
801 2430 930 2496 faceret.

131 2533 191 2596 Xl.
216 2531 279 2596 Sed
294 2534 380 2622 ipse,
396 2531 544 2621 capiendi
560 2532 759 2620 Ambiorigis
772 2555 882 2614 causa,
900 2555 959 2620 per
974 2533 1085 2599 silvam
1097 2537 1159 2600 Ar·

83 2633 273 2717 duennam,
289 2658 361 2723 quae
373 2657 431 2724 per
444 2635 623 2724 quingenta
634 2632 733 2698 millia
744 2655 899 2720 passuum
910 2680 919 2713 ,
930 2655 950 2696 a
961 2632 1039 2721 ripis
1050 2635 1157 2698 Rheni
1198 2698 1201 2705 ,

84 2733 274 2824 finibusque
288 2736 498 2800 Trevirorum
517 2735 559 2800 ad
574 2735 712 2799 Nervios
730 2757 836 2821 usque
854 2735 1075 2823 pertingebat,
1093 2737 1158 2800 Mi·

84 2837 224 2902 nucium
239 2837 378 2902 Basilum
399 2859 475 2901 cum
499 2836 647 2924 equitatu
668 2835 775 2902 misit:
792 2837 940 2923 nihilque
956 2837 1092 2925 propius
1110 2837 1157 2900 la·

83 2953 198 3018 ctum,
213 2961 310 3026 quam
326 2955 364 3001 ut
373 2937 706 3026 comprehenderetur
716 2960 725 3002 a
737 2938 853 3028 effugit
862 2953 989 3018 tamen,
1003 2939 1157 3027 misitque

83 3039 239 3118 nuntios,
256 3039 313 3126 qui
329 3040 500 3128 populares
515 3053 703 3119 monerent,
718 3052 755 3102 ut
765 3038 826 3103 sibi
834 3039 964 3126 quisque
974 3038 1154 3104 consuleret.

82 3139 182 3204 Multi
200 3155 307 3204 tamen
323 3141 439 3206 hostili¹
449 3140 556 3220 ferro,
570 3157 627 3204 aut
640 3137 858 3204 incommodis
872 3139 957 3230 fugae
969 3141 1155 3226 perierunt:

83 3241 294 3325 Cativulcus,
317 3265 373 3306 rex
393 3241 534 3306 dimidiae
556 3242 655 3329 partis
680 3241 895 3322 Eburonum,
918 3242 1022 3330 gravis
1044 3259 1156 3320 aetate,

79 3365 188 3432 quum
206 3344 317 3434 lugere
341 3367 408 3408 non
432 3359 560 3431 posset,
578 3343 696 3407 devoto
720 3341 799 3406 diris
825 3342 1035 3432 Ambiorige,
1054 3366 1154 3408 rene·

82 3469 183 3524 num,
200 3445 291 3534 quod
303 3469 343 3510 ex
356 3445 529 3509 ‘arboribus
544 3445 624 3508 taxis
641 3445 675 3508 in
690 3444 845 3532 Hispania
857 3459 890 3506 et
903 3443 1005 3508 Gallia
1018 3445 1154 3533 exprimi

80 3547 226 3630 solebat,
246 3549 395 3635 sumpsit.
413 3549 536 3628 Caesar,
556 3546 779 3634 Ambiorigem
797 3545 918 3610 frustra
929 3563 962 3610 et
974 3569 1050 3609 cum
1065 3570 1157 3611 vexa·

80 3652 175 3714 tione
193 3673 328 3714 suorum
351 3665 587 3736 persequutus,
605 3665 643 3712 ut
661 3669 783 3711 nomen
800 3648 995 3711 Eburonum
1009 3648 1156 3730 tolleret,

79 3773 192 3838 neque
208 3765 315 3814 tamen
331 3751 447 3814 milites
469 3749 645 3815 adduceret
667 3750 701 3812 in
724 3748 914 3831 discrimen,
934 3773 1076 3837 quorum
1097 3773 1155 3836 per

78 3856 211 3942 ignotas
234 3852 327 3925 silvas
351 3851 490 3916 subinde
514 3851 646 3940 quidam
669 3849 954 3932 desiderabantur,
982 3852 1154 3919 consilium

77 3953 176 4033 iniit,
193 3975 284 4018 suam
298 3954 451 4036 injuriam
471 3953 585 4043 gallico
603 3953 760 4042 sanguine
775 3952 970 4017 vindicandi.
982 3953 1088 4018 Missis
1100 3954 1157 4042 igi·

79 4073 136 4118 tur
148 4054 270 4117 circum
284 4055 427 4118 civitates
439 4053 580 4134 nuntiis,
592 4053 783 4134 Eburones,
796 4055 822 4116 si
834 4056 968 4135 vellent,
981 4055 1154 4143 diripiendi
