2875 4900
304 402 375 470 230
478 408 546 475 JO.
574 410 909 480 FREINSHEMH
939 410 1182 479 SUPPLEM.

304 522 388 585 asub
410 524 497 589 claro
518 530 665 617 exemplo
680 529 849 595 didicistis.
861 531 1009 595 ¹Romani
1027 530 1182 593 exercitus
1202 529 1259 591 hac
1276 530 1350 591 iuu-

303 623 401 709 «gine
421 627 515 691 vobis
534 646 663 695 ostensa
680 648 795 695 natura
816 648 880 710 est;
905 654 1002 718 quem
1026 631 1212 694 uuiversum
1228 630 1282 715 qui
1298 652 1349 717 ag·

303 722 505 811 «gredietur,
533 730 613 793 nihil
638 749 729 819 age13
757 756 815 821 per
839 748 944 819 partes
973 734 1117 819 carpenti
1145 731 1274 794 minime
1295 732 1351 795 erit

303 822 550 912 «insuperabilis
560 861 582 893 ι.

346 923 404 988 lx.
424 928 486 990 Per
497 929 566 993 haec
583 935 747 997 conversis
764 935 880 997 animis
895 955 1048 1013 suorum,
1070 948 1103 995 et
1121 931 1164 995 ad
1177 928 1350 1019 accipienda

303 1024 454 1105 quelibet
465 1033 603 1116 spertis3
623 1036 725 1097 «Rem
745 1056 779 1098 se
797 1037 918 1113 facere,
939 1055 1005 1096 non
1021 1034 1082 1097 nisi
1100 1033 1307 1111 rarissimam,
1322 1048 1351 1093 et

300 1150 313 1170 ·
324 1143 439 1212 magna
449 1126 491 1192 de
500 1152 594 1196 causa
605 1134 821 1221 probabilem,
832 1135 892 1215 ait,
905 1134 962 1220 qui
971 1133 1105 1222 gerendi
1117 1132 1192 1197 belli
1203 1132 1350 1195 rationem

303 1228 479 1291 «exercitui
497 1232 612 1297 reddat
630 1234 815 1323 imperator.
836 1232 899 1297 Sed
919 1233 1023 1296 facere
1041 1232 1158 1315 semel,
1172 1246 1210 1295 ut
1228 1248 1350 1295 ostenso

302 1350 315 1373 ι
325 1326 540 1416 cognitoque,
558 1356 578 1396 a
593 1335 681 1420 quali
698 1334 802 1415 duce,
817 1350 850 1398 et
865 1333 1015 1421 qualibus
1031 1332 1173 1397 consiliis
1189 1348 1349 1421 regantur,

301 1440 397 1507 «post
417 1426 486 1492 baec
509 1434 605 1497 etiam
627 1436 744 1499 celanti
768 1436 914 1498 animum
937 1454 1035 1497 suum
1059 1433 1121 1495 laeti
1141 1448 1238 1519 atque
1254 1430 1350 1495 securi

300 1522 486 1596 «obediant,
503 1534 618 1622 Neque
633 1538 721 1599 enim
740 1536 801 1600 sibi
819 1535 929 1599 deesse
947 1534 1115 1613 ferociam,
1129 1531 1288 1619 siquidem
1301 1552 1349 1593 ro-

300 1622 403 1691 ·bore
419 1648 452 1693 et
473 1633 597 1723 impetu
621 1660 717 1724 posse
737 1636 877 1701 obtineri
898 1634 1065 1699 victoriam
1087 1650 1236 1720 putaret3
1260 1630 1350 1718 idque

300 1739 371 1788 «tot
386 1733 501 1816 praeliis
520 1755 740 1825 compertum,
761 1739 881 1853 quibus
901 1736 1009 1815 miles,
1029 1735 1183 1799 tribunus
1192 1735 1348 1822 ,legatus,

300 1824 499 1915 «imperator
512 1858 579 1901 suae
593 1839 770 1927 alienaeque
785 1840 857 1903 vitae
870 1840 960 1919 juxta
976 1836 1217 1925 pepercisset.
1200 1838 1349 1899 Ceterum

299 1926 364 1989 «ita
381 1951 417 1994 se
430 1932 541 2001 videre
555 1956 752 2027 comparata
754 1962 823 2004 esse
839 1940 1024 2027 prasentia,
1048 1955 1086 2001 ut
1107 1938 1198 2001 nulla
1218 1938 1277 2016 sit,
1294 1934 1349 1997 nisi

299 2049 387 2114 «qua
401 2032 578 2101 instituerit
591 2038 728 2127 ducere,
742 2041 783 2105 ad
799 2041 981 2105 salutem
951 2062 1012 2103 vta.

344 2130 385 2194 Χ
402 2135 570 2202 «Laudare
582 2121 759 2229 sequidem
771 2142 896 2205 animos
911 2124 1045 2205 cuilibet
1057 2139 1234 2204 discrimini
1250 2158 1349 2226 pmm-

299 2248 412 2315 «ptos,
436 2253 468 2299 et
487 2240 595 2304 umori
614 2242 892 2331 impenetrabiles;
915 2240 972 2305 sed
995 2263 1035 2304 eo
1053 2241 1124 2327 ipso
1139 2238 1257 2327 dignos
1271 2236 1350 2301 arbi-

299 2334 415 2414 «trari,
431 2340 488 2423 qui
504 2342 629 2405 nullum
645 2359 702 2406 aut
718 2342 885 2406 modicum
898 2340 940 2406 ad
952 2363 1049 2405 usum
1063 2356 1184 2403 temere
1199 2360 1265 2401 non
1282 2358 1349 2425 pro-

298 2462 311 2484 «
320 2429 482 2520 digantur.
491 2440 554 2504 Sed
566 2465 673 2531 neque
684 2445 817 2533 ignaviae
833 2444 984 2532 cuiquam
998 2457 1164 2506 auctorem
1178 2463 1263 2523 esse;
1277 2437 1349 2527 quin

298 2561 311 2586 «
321 2534 409 2597 ultro
423 2538 565 2606 indicere
578 2543 814 2632 expeditiones,
829 2565 971 2633 pugnas,
985 2543 1139 2605 itinerum
1156 2557 1350 2628 operumque

298 2636 570 2725 «multiplicatum
586 2645 742 2710 laborem.
756 2647 813 2710 His
829 2646 916 2710 enim
930 2644 1027 2708 rebus
1041 2665 1075 2707 se
1091 2641 1274 2720 confidere,
1291 2637 1352 2724 qui'·

298 2732 382 2796 «bus
406 2737 515 2804 adhuc
538 2759 650 2809 contin
674 2761 726 2810 tot
747 2745 845 2809 duces
870 2761 903 2809 et
925 2767 1058 2832 magnos
1080 2744 1259 2817 exercitus,
1282 2761 1350 2804 cum

297 2836 455 2902 «modicis
473 2843 575 2930 copiis
593 2845 733 2909 invictus
749 2848 897 2910 stetisset.
916 2845 1002 2908 Olim
1017 2865 1051 2906 se
1064 2843 1166 2922 scire,
1187 2844 1350 2931 plerosque

296 2966 309 2990 ι
320 2959 434 3003 omnes
445 2963 510 3028 pne
526 2945 627 3008 nimio
641 2946 756 3010 ardore
769 2945 810 3010 ad
824 2969 959 3012 surnmae
971 2967 1018 3009 ret
1009 2944 1276 3008 dimicationem
1293 2940 1351 3006 ani-

296 3040 380 3102 ·mis
395 3043 545 3132 votisque
563 3069 753 3136 properare3
773 3048 830 3112 sed
847 3049 913 3111 suis
933 3046 1057 3111 artibus
1073 3046 1248 3127 effectum,
1269 3061 1305 3108 ut
1322 3057 1350 3106 et

295 3138 438 3236 ·bellum
452 3147 667 3212 sustineretur
678 3151 821 3240 egregie,
839 3165 871 3213 et
885 3150 1054 3238 Perpernae
1069 3145 1201 3211 daretur
1216 3145 1349 3234 spatium

296 3257 422 3306 «tarius
434 3245 617 3313 adducendi
632 3253 758 3338 copias,
773 3274 844 3338 quae
859 3251 1024 3338 proiecto,
1040 3247 1067 3311 si
1083 3263 1158 3311 ante
1175 3263 1303 3334 tempus
1318 3243 1349 3306 iu

294 3343 415 3408 «unius
442 3351 625 3414 certaminis
652 3351 752 3416 aleam
778 3351 970 3416 descensum
998 3351 1100 3430 foret,
1128 3371 1195 3410 non
1220 3347 1351 3412 fuissent

295 3441 490 3528 ·habiturte,
508 3474 651 3538 quocum
667 3477 702 3516 se
718 3454 963 3543 conjungerent.
1161 3461 1165 3470 '

337 3545 394 3608 Xi.
410 3577 423 3602 ι
434 3549 530 3612 Nunc
545 3575 623 3614 vero
635 3554 721 3616 aucti
740 3569 830 3616 tanto
844 3553 1003 3633 exercitu,
1021 3573 1127 3638 neque
1139 3551 1201 3637 ipsi
1218 3572 1279 3612 nos
1294 3563 1351 3610 tra·

294 3643 431 3710 «demus
450 3649 590 3731 inertiae,
614 3675 722 3739 neque
739 3655 825 3716 hosti
847 3653 1023 3741 quidquam
1043 3651 1198 3740 temporis
1225 3667 1347 3724 tutum,

292 3763 371 3810 «aut
388 3749 536 3835 quietum
556 3775 624 3816 esse
642 3756 814 3840 patiemur.
835 3754 899 3818 Sed
918 3777 979 3818 nec
1000 3745 1121 3817 temere
1141 3751 1276 3840 aptiori
1301 3771 1349 3812 ra·

291 3850 405 3912 utione
426 3850 500 3914 belli
523 3855 656 3942 gerendi
680 3855 879 3920 recedemus.
898 3857 1077 3920 Romanam
1093 3855 1212 3934 aciem,
1230 3852 1257 3916 si
1279 3850 1351 3914 viri-

291 3947 376 4012 ·bus
394 3975 431 4015 ac
449 3954 527 4018 locis
543 3957 644 4042 equis
659 3956 886 4046 congrediare,
902 3957 971 4021 sine
986 3979 1117 4020 summo
1134 3971 1192 4019 tuo
1206 3951 1348 4042 periculo

325 4151 341 4214 5
355 4154 422 4203 vlu.
436 4153 492 4207 tat.
505 4156 640 4215 Mamm,
655 4157 679 4203 3.
692 4183 728 4193 -
741 4155 804 4204 Plut.
815 4181 850 4196 ·-
865 4159 948 4206 Frons.
961 4153 1033 4204 suat.
1046 4155 1072 4212 1,
1089 4167 1132 4212 ιο,
1148 4162 1173 4201 ιι
1186 4151 1231 4207 w,
1249 4165 1274 4212 ς.
