2875 4900
287 320 343 388 IN
372 320 484 389 LOC.
515 321 610 388 LlB.
637 322 734 391 CIII
766 322 982 391 LIVIANI.
1100 320 1170 415 487

97 438 293 527 signiferum
314 438 503 527 praestabam
522 440 612 504 uude
628 442 759 522 Cicero,
783 441 943 506 occultius
966 439 1008 505 ad
1027 441 1170 507 Atticum

98 539 136 603 de
155 539 208 605 bis
233 541 442 629 temporibus
467 542 629 625 scribens,
650 543 862 607 Athenionem
884 557 994 623 vocat,
1017 564 1092 606 cum
1115 542 1171 607 illo

96 662 266 705 servorum
280 641 319 705 in
334 642 442 707 Sicilia
454 642 555 725 duce,
570 644 732 709 vilissimae
748 645 851 733 plebis
869 645 1067 713 concitorem
1082 645 1171 709 Vati-

96 739 185 803 nium
201 764 409 831 comparans.

136 843 242 909 XCII.
260 844 295 907 N
296 867 335 908 ec
348 868 388 909 ex
401 861 473 909 toto
485 846 540 910 illo
556 847 692 937 collegio
706 848 880 935 quisquam
894 846 950 909 illo
965 866 1052 909 anno
1065 845 1168 934 legem

95 942 183 1026 tulit,
203 968 316 1033 quum
333 969 432 1013 nemo
453 970 522 1011 non
538 947 674 1012 baberet
688 948 925 1038 promulgatas,
945 962 1060 1037 praeter
1079 946 1169 1010 Vati·

94 1044 202 1127 nium,
221 1048 284 1135 qui
303 1070 366 1113 nec
384 1049 547 1137 auspicia,
571 1072 633 1115 nec
648 1048 767 1114 AEliam
789 1050 987 1137 Fusiamque
1006 1048 1092 1137 leges
1111 1069 1169 1111 cu·

94 1145 192 1211 rabat.
216 1151 385 1215 Ceterum
411 1151 543 1241 collegis
565 1151 686 1216 Vatinii
708 1149 1007 1231 intercedentibus,
1032 1147 1167 1211 Bibulus

94 1249 230 1315 omissus
245 1252 284 1315 in
302 1254 492 1340 praesentia,
515 1254 599 1317 nihil
615 1269 728 1341 postea
748 1274 856 1339 neque
876 1252 962 1339 ipse,
982 1272 1089 1337 neque
1106 1250 1166 1312 tri·

94 1348 189 1432 buni,
204 1354 265 1440 qui
279 1375 359 1417 cum
375 1376 415 1419 eo
428 1370 613 1435 senserant,
628 1354 766 1443 publicae
777 1354 824 1417 rei
838 1368 987 1443 egerunt.
1002 1350 1121 1417 Adhuc
1131 1351 1164 1413 in

93 1447 192 1537 legem
207 1453 313 1541 aliqui
327 1471 517 1519 senatorum
532 1478 600 1519 non
611 1456 818 1536 juraverant,
833 1454 874 1536 Q.
890 1452 1041 1517 Metellus
1054 1453 1164 1533 Celer,

95 1555 276 1643 exemplum
296 1556 466 1623 Numidici
483 1557 645 1640 referens,
663 1557 708 1621 Μ.
731 1560 828 1639 Cato,
848 1571 881 1620 ct
895 1555 994 1635 hujus
1010 1553 1164 1618 imitatio·
1249 1588 1252 1598 ν

95 1672 164 1717 uem
177 1656 339 1723 affectans
354 1659 400 1724 M.
418 1660 590 1725 Favonius.
609 1658 736 1725 Idcirco
755 1660 859 1723 Caesar
873 1657 979 1745 legem
997 1655 1090 1736 tulit,
1108 1669 1160 1737 ut,

94 1757 146 1839 qui
157 1770 278 1824 emam
293 1774 370 1825 ante
384 1762 469 1827 diem
481 1785 545 1827 non
554 1762 710 1852 jurasset,
728 1758 896 1849 capitalem
899 1754 1163 1845 fraudemfrau·

94 1874 141 1917 tus
155 1874 241 1925 esset.
258 1862 324 1927 Hic
336 1878 460 1944 metus,
474 1849 516 1927 an
531 1864 625 1951 quia,
638 1864 708 1952 lege
722 1864 787 1945 jam
805 1862 940 1951 perlata,
957 1858 1039 1922 nihil
1050 1880 1089 1922 ex
1103 1882 1160 1923 sua

94 1956 264 2025 oehmitate
280 1963 449 2029 commodi
465 1982 701 2052 perventurum
717 1964 759 2030 ad
773 1962 1007 2051 rempublicam
1026 1975 1111 2041 erat,
1127 1976 1161 2024 et

95 2051 177 2139 illos,
192 2076 225 2124 et
243 2063 398 2130 tribunos
412 2065 516 2154 plebis
531 2065 573 2131 ad
587 2065 766 2146 jurandum
784 2064 902 2154 adegit.

133 2157 251 2227 XCIII.
263 2164 319 2230 Sic
332 2164 387 2228 ille
398 2188 467 2229 non
481 2166 582 2231 modo
595 2190 729 2256 agrum,
742 2165 784 2232 de
797 2189 864 2255 quo
875 2180 1057 2255 pugnatum
1072 2178 1157 2244 erat,

95 2252 210 2343 dirisit3
233 2264 428 2348 sedetiam,
450 2268 509 2355 qui
529 2283 682 2355 exceptus
697 2284 792 2331 antea
808 2268 930 2347 fuerat,
953 2266 1156 2353 Campanum

96 2352 314 2454 stellatamque
335 2383 424 2432 extra
441 2384 563 2433 sortem
584 2368 675 2433 dedit
695 2368 841 2458 patribus
860 2366 1014 2446 familias,
1036 2363 1156 2453 quibus

96 2463 170 2526 terni
187 2483 245 2531 aut
266 2491 308 2533 eo
328 2471 438 2558 plures
457 2470 552 2542 liberi
571 2486 679 2535 esseut
698 2493 706 2534 ε
725 2470 845 2536 horum
863 2469 904 2532 ad
925 2467 1040 2557 viginti
1056 2465 1155 2530 millia

96 2565 220 2646 reperti3
235 2585 269 2632 et
281 2570 325 2634 ab
340 2591 381 2634 eo
395 2571 538 2660 primum
552 2587 700 2662 tempore
715 2571 852 2636 coloniis
867 2570 1011 2634 romanis
1028 2590 1155 2633 connu-

96 2677 204 2728 metata
222 2669 335 2758 Capua
355 2689 424 2754 est,
441 2695 545 2760 quum
567 2673 696 2737 circiter
713 2695 818 2738 annos
839 2689 973 2740 centum
991 2671 1155 2759 quinqua-

97 2756 174 2842 ginta
187 2769 387 2852 pratecmrae
400 2773 541 2836 formam
554 2796 743 2861 nomenque
759 2774 935 2840 habuisset.
952 2773 1011 2836 His
1027 2771 1154 2858 legibus

96 2855 205 2947 ingenti
216 2869 258 2935 ad
271 2873 434 2960 populum
446 2875 581 2961 quesita
593 2875 710 2966 gratia,
725 2898 792 2963 quo
804 2891 988 2963 equestrem
1002 2870 1152 2936 ordinem

96 2957 288 3056 ²diungeret,
303 2974 488 3062 publicanis
504 2975 616 3062 (eraut
631 2976 719 3039 enim
738 2998 777 3039 ex
793 2998 833 3040 eo
851 2973 985 3058 ordine)
1002 2971 1152 3037 trientem

96 3061 248 3144 plebiscito
263 3077 404 3158 remisit3
420 3076 578 3142 hactenus
593 3079 682 3142 enim
697 3076 923 3144 resistentibus
940 3069 1152 3162 quibusdam,

97 3178 123 3224 et
134 3174 287 3262 precipue
301 3179 444 3258 Catone,
458 3179 541 3243 nihil
557 3179 599 3242 ab
615 3195 732 3244 senatu
747 3179 1006 3266 impetraverant.

131 3267 238 3340 XCIV.
255 3276 308 3342 Sic
323 3278 358 3342 in
377 3277 529 3344 ordinem
544 3279 681 3344 redactis
697 3279 868 3359 Patribus,
887 3277 1011 3364 reliqua
1024 3276 1150 3340 civitate
1181 3285 1182 3294 ’

97 3359 245 3457 devincta,
260 3378 424 3468 ququuid
437 3381 557 3463 voluit,
572 3381 626 3445 cui
639 3381 759 3463 voluit,
774 3379 874 3444 dedit.
891 3382 972 3445 Acta
986 3378 1148 3466 Pompeii,

98 3482 131 3526 ue
146 3469 213 3558 ipro
230 3480 364 3566 quidem
384 3483 469 3546 ultra
487 3483 647 3548 renitente
664 3483 820 3563 Lucullo,
842 3504 941 3569 quem
964 3481 1007 3546 ita
1028 3481 1150 3546 calum-

97 3563 207 3638 'llffllm
227 3597 318 3647 metu
340 3599 554 3665 exterruerat,
573 3599 612 3647 ut
626 3584 667 3648 ad
684 3607 792 3674 genua
808 3605 866 3648 sua
888 3581 1068 3664 accideret,
1092 3605 1150 3646 ne·

122 3808 136 3872 t
148 3817 208 3866 xm.
217 3824 279 3875 rtur.
290 3830 318 3878 u
328 3831 414 3895 ronp.
424 3858 460 3867 -
468 3832 571 3880 sueton.
581 3833 608 3879 u
617 3831 679 3881 cu.
689 3849 712 3880 c.
724 3847 766 3880 20.
782 3859 818 3868 -
837 3832 894 3878 nto.
914 3857 949 3868 -
965 3831 1017 3879 cn.
1032 3829 1147 3878 rav-nn.

95 3899 115 3931 θ’
125 3905 146 3950 o
155 3921 188 3935 “
200 3901 216 3967 S
227 3907 304 3959 XCII.
315 3913 369 3962 Cic.
384 3914 411 3961 in
420 3915 506 3962 Vatin.
519 3933 541 3964 c.
557 3933 581 3976 7.
594 3941 630 3952 -
641 3914 700 3964 nto.
716 3942 752 3952 -
766 3917 830 3964 Plut.
846 3915 872 3962 iu
885 3915 938 3963 Cat.
948 3941 983 3950 -
993 3913 1101 3978 Appirn.
1111 3939 1146 3949 -

95 3966 273 4127 hired&
292 3995 324 4045 ’ἆ
343 3997 420 4046 Μὴ·
439 3999 477 4058 “’
493 3997 524 4046 ¹⁶
539 4009 564 4049 n
580 4014 620 4059 17‘
636 4027 672 4036 —
685 3999 795 4064 rppun.
815 4025 850 4036 ·-
870 3997 928 4046 ¹³¹⁰·
946 4021 982 4033 -
996 3997 1097 4044 ⁵⁰⁰¹⁰¹¹·
1109 4021 1146 4030 “

144 4094 150 4106 “
187 4099 194 4123 t
238 4111 245 4124 0
