2875 4900
277 378 348 449 658
452 378 522 445 to.
550 374 889 445 FREINSHEMII
921 374 1166 443 suPPLEnt

277 496 430 561 sustinuit
452 492 638 577 offenderc3
659 511 800 558 armatus
816 495 904 557 enim
923 493 992 575 bic,
1011 509 1045 556 et
1062 492 1105 558 ad
1122 494 1245 559 Urbem
1263 513 1337 560 erat.

278 600 407 662 Marcus
421 614 530 661 tamen
543 596 714 661 Marcellus
729 618 796 659 non
810 612 886 659 ante
901 593 1107 660 referendum
1123 594 1168 659 de
1179 598 1338 686 republica

277 700 419 782 censuit,
440 720 538 786 quam
556 696 742 786 praesidium
763 714 894 761 senatus
910 696 1061 777 haberet,
1081 713 1154 761 tuto
1172 713 1207 761 et
1222 698 1340 777 libere,

279 824 351 889 quae
367 800 479 879 vellet,
496 797 702 863 decernendi.

322 901 462 965 XXXII.
480 900 525 963 M.
539 897 681 963 Calidius
698 899 896 985 Pompeium
913 898 1050 978 jubebat
1070 900 1104 962 in
1122 922 1196 963 suas
1211 900 1342 989 provin·

279 1002 342 1065 cias
365 1000 542 1089 proficisci,
564 1021 605 1062 ne
629 1021 693 1086 qua
714 1016 799 1063 esset
816 1023 983 1064 armorum
1001 1023 1116 1082 causa,
1131 1000 1343 1089 eamdemque

279 1104 471 1167 sententiam
493 1101 539 1165 M.
554 1100 673 1163 Coelius
694 1102 820 1183 Rubra,
844 1100 945 1193 modo
963 1099 1114 1165 aedilitate
1131 1102 1342 1190 perfunctus,

278 1203 485 1290 sequebatur.
502 1200 658 1264 Praeterea
674 1203 711 1265 C.
728 1202 830 1265 Curio
846 1200 936 1266 haud
951 1201 1193 1267 dissimulanter
1204 1226 1266 1291 pro
1281 1206 1345 1266 Ge

278 1325 348 1367 sare
362 1300 537 1391 pugnabat.
554 1299 618 1365 Sed
629 1300 751 1365 borum
768 1302 838 1365 sine
854 1302 1044 1391 magistratu
1058 1301 1204 1365 studium
1217 1303 1345 1366 levioris

279 1426 385 1491 operae
407 1404 478 1467 fuit.
506 1402 552 1467 M.
577 1403 765 1484 Antonius,
791 1402 962 1466 tribunitia
985 1418 1145 1490 potestate
1170 1403 1345 1483 subnisus,

279 1500 557 1591 quemadmodum
574 1504 674 1565 Curio
689 1525 813 1590 nuper,
831 1501 873 1566 de
891 1518 1035 1590 utroque
1046 1504 1248 1583 conjunctim
1261 1504 1346 1567 refe·

278 1603 417 1668 rendum
434 1626 503 1667 esse
517 1603 701 1667 clamitabat
716 1626 792 1667 cum
807 1626 942 1668 assensu
949 1603 1103 1686 Patrum3
1119 1620 1153 1668 et
1166 1621 1274 1684 erant,
1291 1604 1345 1692 qui

277 1706 506 1770 discessionem
528 1704 718 1794 flagitarent.
742 1704 806 1769 Sed
828 1728 866 1771 ea
886 1703 1021 1793 quidem
1043 1728 1094 1769 res
1115 1728 1134 1768 a
1155 1708 1345 1771 considibus

277 1804 433 1893 impedita
454 1822 502 1869 est
517 1828 525 1870 ε
540 1807 840 1887 senatusconsulto,
857 1806 949 1894 quod
971 1805 1070 1869 fiebat
1090 1807 1125 1869 in
1151 1809 1344 1871 sententiam

280 1906 402 1970 Metelli
414 1905 588 1993 Scipionis,
603 1908 651 1969 uti
666 1919 742 1969 ante
758 1920 877 1970 certam
891 1908 975 1969 daem
991 1909 1165 1970 exercitum
1180 1909 1346 1974 denuost

283 2010 406 2089 Coesar,
426 2023 485 2073 aut
491 2032 553 2097 pro
568 2008 655 2073 hoste
673 2022 763 2089 esset,
780 2009 904 2072 tribuni
922 2009 1023 2097 plebis
1038 2009 1304 2075 intercesserunt.

325 2110 480 2174 XXXIII.
508 2106 691 2191 Postridie,
719 2132 824 2196 quum
848 2109 968 2173 iterum
995 2124 1126 2173 senatus
1151 2110 1344 2191 haberetur,

280 2213 316 2276 L.
331 2212 406 2276 Piso
424 2232 556 2291 censor,
579 2210 723 2297 itemque
744 2225 863 2297 praetor
885 2213 920 2275 L.
933 2212 1089 2292 Roscius,
1107 2233 1252 2298 quorum
1267 2214 1346 2276 alter

281 2334 373 2377 socer
387 2328 455 2375 erat
468 2310 616 2392 Caesaris,
633 2310 712 2373 alter
732 2310 857 2399 legatus
873 2312 906 2375 in
923 2311 1023 2376 Gallia
1040 2312 1162 2394 literar,
1179 2312 1221 2377 nd
1240 2314 1345 2378 Creta·

280 2436 351 2478 rem
365 2413 469 2478 ituros
480 2397 686 2494 obtulerunt,
697 2426 736 2476 ut
745 2434 820 2476 eum
834 2411 991 2477 docerent
1002 2410 1044 2476 de
1059 2412 1158 2477 rebus
1171 2413 1345 2478 omnibus:

282 2513 416 2578 fuerunt
433 2530 466 2578 et
482 2513 524 2579 ab
539 2513 608 2576 aliis
626 2514 794 2577 sententiar
811 2513 921 2595 dicte,
941 2514 1063 2602 legatos
1077 2514 1162 2578 mitti
1182 2513 1224 2578 ad
1242 2518 1345 2580 Ctesa·

282 2637 351 2679 rem
365 2629 532 2704 oportere,
548 2615 605 2701 qui
619 2615 647 2678 ei
660 2614 862 2679 voluntatem
878 2631 1042 2702 exponant
1057 2631 1199 2680 senatus.
1215 2617 1282 2680 Sed
1298 2618 1347 2680 his

281 2716 435 2782 omnibus
449 2716 642 2804 pompeiana
654 2716 765 2797 factio,
779 2716 975 2802 Cesarisque
988 2717 1129 2798 inimici,
1142 2719 1260 2780 consul
1271 2740 1347 2806 pra·-

281 2819 376 2906 cipue
386 2818 556 2898 Lentulus,
572 2817 745 2904 Scipioque
754 2832 787 2881 et
795 2820 876 2882 Cato
889 2818 1088 2882 restiterunt.
1099 2819 1214 2899 Quum
1226 2819 1346 2882 iterum

187 2993 190 3000 ,
282 2919 336 2985 hic
353 2919 420 2984 dies
436 2919 483 2983 sic
497 2917 664 2994 abivisset,
685 2934 725 2982 ut
745 2916 876 2982 decerni
890 2919 972 2983 nihil
990 2934 1116 3006 posset,
1140 2935 1272 2984 senatus
1292 2945 1346 2984 ve·

282 3035 364 3085 stem
387 3017 577 3083 mutandam
601 3017 757 3082 censuit:
781 3018 921 3082 tribunis
947 3033 1054 3082 tamen
1082 3020 1346 3084 intercessionem

282 3145 350 3186 non
366 3119 624 3200 remittentibus,
640 3116 708 3182 fieri
726 3119 1043 3184 senatusconsultum
1057 3120 1222 3207 nequivit;
1234 3137 1348 3184 aucto·

283 3223 358 3285 ritas
373 3221 549 3309 perscripta
565 3235 624 3284 cst.

327 3322 480 3384 XXXIV.
494 3323 536 3384 At
547 3320 732 3408 pompeiani
749 3320 875 3402 Patres,
890 3338 979 3386 veste
991 3322 1124 3411 lugubri
1137 3339 1284 3412 sumpta,
1300 3345 1348 3386 re·

284 3419 415 3485 dierunt
431 3419 464 3481 in
490 3419 633 3502 curiam3
657 3420 894 3508 confestimque
918 3422 1030 3486 referri
1056 3421 1097 3486 de
1116 3425 1347 3488 intercessione

283 3520 491 3585 tribunorum
501 3521 717 3607 postularunt,
729 3525 958 3612 pompeianum
973 3525 1148 3588 exercitum
1159 3527 1346 3614 praesidinm

283 3645 395 3704 suum,
406 3623 561 3685 Caesarem
572 3622 698 3688 hostem
711 3624 907 3712 reipublice,
918 3626 1124 3714 appellantes.
1138 3628 1252 3711 Quum
1262 3651 1349 3692 acer·

282 3725 420 3790 bissimae
444 3723 610 3786 sententiae
629 3723 832 3801 dicerentur,
856 3742 889 3789 et
910 3727 1025 3790 consul
1041 3728 1215 3810 Lentulus,
1238 3731 1345 3819 prius·

318 3955 334 4020 s
352 3954 451 4002 XXXI.
470 3951 523 4001 ete.
543 3950 574 3998 ad
594 3950 677 4000 Famil.
696 3952 775 4007 ΠΙ,
795 3965 834 3999 rr.
850 3977 886 3988 —
906 3951 1015 4016 Appias.
1029 3977 1065 3989 -
1083 3953 1141 4000 Dio.
1152 3979 1188 3992 ·-
1204 3951 1345 4019 §nub

278 4039 342 4090 Plut.
354 4040 381 4087 ln
394 4039 455 4087 Ces.
472 4047 498 4085 et
513 4037 606 4086 Anton.
625 4063 660 4074 —
679 4033 741 4083 Ces.
759 4061 793 4072 -
807 4034 959 4099 §mut
980 4037 1043 4085 Ces.
1055 4035 1088 4084 dr
1104 4038 1132 4086 ll
1147 4037 1255 4096 caum,
1267 4049 1294 4085 et
1309 4037 1344 4084 dt

281 4127 309 4172 B.
322 4123 376 4172 Cir.
389 4123 411 4170 l.
424 4145 459 4158 --
470 4120 527 4166 Dio.
