<?xml version="1.0" encoding="UTF-8"?>
<!DOCTYPE html PUBLIC "-//W3C//DTD XHTML 1.0 Transitional//EN"
    "http://www.w3.org/TR/xhtml1/DTD/xhtml1-transitional.dtd">
<html xmlns="http://www.w3.org/1999/xhtml" xml:lang="en" lang="en">
 <head>
  <title>
</title>
<meta http-equiv="Content-Type" content="text/html;charset=utf-8" />
  <meta name='ocr-system' content='tesseract 3.04.00' />
  <meta name='ocr-capabilities' content='ocr_page ocr_carea ocr_par ocr_line ocrx_word'/>
</head>
<body>
  <div class='ocr_page' id='page_1' title='image "bibliothecaclas116lemagoog_0567.png"; bbox 0 0 2875 4900; ppageno 0'>
   <div class='ocr_carea' id='block_1_1' title="bbox 315 394 1175 494">
    <p class='ocr_par' dir='ltr' id='par_1_1' title="bbox 315 394 1175 494">
     <span class='ocr_line' id='line_1_1' title="bbox 315 394 1175 494; baseline 0.002 -31"><span class='ocrx_word' id='word_1_1' title='bbox 315 398 367 465; x_wconf 83' lang='lat' dir='ltr'><strong>m</strong></span> <span class='ocrx_word' id='word_1_2' title='bbox 399 396 509 464; x_wconf 73' lang='lat' dir='ltr'><strong>roc.</strong></span> <span class='ocrx_word' id='word_1_3' title='bbox 537 396 632 463; x_wconf 79' lang='lat' dir='ltr'><strong>me.</strong></span> <span class='ocrx_word' id='word_1_4' title='bbox 659 396 725 463; x_wconf 85' lang='lat' dir='ltr'><strong>cv</strong></span> <span class='ocrx_word' id='word_1_5' title='bbox 756 396 970 465; x_wconf 76' lang='lat' dir='ltr'><strong>Liviam.</strong></span> <span class='ocrx_word' id='word_1_6' title='bbox 1108 394 1175 494; x_wconf 75' lang='lat'><strong>557</strong></span> 
     </span>
    </p>
   </div>
   <div class='ocr_carea' id='block_1_2' title="bbox 87 512 1181 3744">
    <p class='ocr_par' dir='ltr' id='par_1_2' title="bbox 106 512 1179 705">
     <span class='ocr_line' id='line_1_2' title="bbox 107 512 1179 605; baseline 0.004 -26"><span class='ocrx_word' id='word_1_7' title='bbox 107 516 307 603; x_wconf 71' lang='lat' dir='ltr'><strong>clientesque</strong></span> <span class='ocrx_word' id='word_1_8' title='bbox 318 514 590 579; x_wconf 89' lang='lat' dir='ltr'><strong>commendarunt</strong></span> <span class='ocrx_word' id='word_1_9' title='bbox 599 513 736 602; x_wconf 85' lang='lat' dir='ltr'><strong>populo,</strong></span> <span class='ocrx_word' id='word_1_10' title='bbox 748 528 815 577; x_wconf 86' lang='lat' dir='ltr'><strong>tam</strong></span> <span class='ocrx_word' id='word_1_11' title='bbox 827 512 1057 597; x_wconf 82' lang='lat' dir='ltr'><strong>inverecunde,</strong></span> <span class='ocrx_word' id='word_1_12' title='bbox 1066 533 1105 580; x_wconf 91' lang='lat' dir='ltr'><strong>ut</strong></span> <span class='ocrx_word' id='word_1_13' title='bbox 1118 518 1179 605; x_wconf 91' lang='lat' dir='ltr'><strong>ipsi</strong></span> 
     </span>
     <span class='ocr_line' id='line_1_3' title="bbox 106 614 1049 705; baseline 0.001 -24"><span class='ocrx_word' id='word_1_14' title='bbox 106 618 213 705; x_wconf 84' lang='lat' dir='ltr'><strong>palam</strong></span> <span class='ocrx_word' id='word_1_15' title='bbox 226 616 409 705; x_wconf 77' lang='lat' dir='ltr'><strong>praeberent</strong></span> <span class='ocrx_word' id='word_1_16' title='bbox 421 616 595 703; x_wconf 79' lang='lat' dir='ltr'><strong>pecunias,</strong></span> <span class='ocrx_word' id='word_1_17' title='bbox 611 616 673 703; x_wconf 89' lang='lat' dir='ltr'><strong>ipsi</strong></span> <span class='ocrx_word' id='word_1_18' title='bbox 688 632 862 704; x_wconf 71' lang='lat' dir='ltr'><strong>preessent</strong></span> <span class='ocrx_word' id='word_1_19' title='bbox 877 614 1049 705; x_wconf 75' lang='lat' dir='ltr'><strong>suffragiis.</strong></span> 
     </span>
    </p>

    <p class='ocr_par' dir='ltr' id='par_1_3' title="bbox 104 716 1181 1815">
     <span class='ocr_line' id='line_1_4' title="bbox 152 716 1177 805; baseline 0.004 -24"><span class='ocrx_word' id='word_1_20' title='bbox 152 718 242 782; x_wconf 80' lang='lat' dir='ltr'><strong>xlv.</strong></span> <span class='ocrx_word' id='word_1_21' title='bbox 264 716 316 781; x_wconf 86' lang='lat' dir='ltr'><strong>Ne</strong></span> <span class='ocrx_word' id='word_1_22' title='bbox 337 716 384 780; x_wconf 88' lang='lat' dir='ltr'><strong>sic</strong></span> <span class='ocrx_word' id='word_1_23' title='bbox 406 716 540 803; x_wconf 88' lang='lat' dir='ltr'><strong>quidem</strong></span> <span class='ocrx_word' id='word_1_24' title='bbox 561 716 636 804; x_wconf 93' lang='lat' dir='ltr'><strong>plus</strong></span> <span class='ocrx_word' id='word_1_25' title='bbox 660 716 787 805; x_wconf 79' lang='lat' dir='ltr'><strong>largitio</strong></span> <span class='ocrx_word' id='word_1_26' title='bbox 811 731 844 781; x_wconf 89' lang='lat' dir='ltr'><strong>et</strong></span> <span class='ocrx_word' id='word_1_27' title='bbox 866 716 955 781; x_wconf 81' lang='lat' dir='ltr'><strong>fraus</strong></span> <span class='ocrx_word' id='word_1_28' title='bbox 983 720 1177 803; x_wconf 90' lang='lat' dir='ltr'><strong>consulum,</strong></span> 
     </span>
     <span class='ocr_line' id='line_1_5' title="bbox 106 804 1179 908; baseline 0.004 -26"><span class='ocrx_word' id='word_1_29' title='bbox 106 840 208 906; x_wconf 84' lang='lat' dir='ltr'><strong>quam</strong></span> <span class='ocrx_word' id='word_1_30' title='bbox 231 820 335 882; x_wconf 81' lang='lat' dir='ltr'><strong>virtus</strong></span> <span class='ocrx_word' id='word_1_31' title='bbox 358 834 456 905; x_wconf 89' lang='lat' dir='ltr'><strong>atque</strong></span> <span class='ocrx_word' id='word_1_32' title='bbox 478 804 672 882; x_wconf 62' lang='lat' dir='ltr'><strong>existimetio</strong></span> <span class='ocrx_word' id='word_1_33' title='bbox 695 817 846 897; x_wconf 88' lang='lat' dir='ltr'><strong>Catonis,</strong></span> <span class='ocrx_word' id='word_1_34' title='bbox 866 818 994 905; x_wconf 88' lang='lat' dir='ltr'><strong>potuit;</strong></span> <span class='ocrx_word' id='word_1_35' title='bbox 1018 818 1179 908; x_wconf 87' lang='lat' dir='ltr'><strong>fiebatque</strong></span> 
     </span>
     <span class='ocr_line' id='line_1_6' title="bbox 105 918 1180 1008; baseline 0 -23"><span class='ocrx_word' id='word_1_36' title='bbox 105 920 314 985; x_wconf 88' lang='lat' dir='ltr'><strong>hauddubie</strong></span> <span class='ocrx_word' id='word_1_37' title='bbox 330 936 461 1008; x_wconf 85' lang='lat' dir='ltr'><strong>praetor,</strong></span> <span class='ocrx_word' id='word_1_38' title='bbox 477 921 512 983; x_wconf 90' lang='lat' dir='ltr'><strong>ni</strong></span> <span class='ocrx_word' id='word_1_39' title='bbox 528 918 723 1007; x_wconf 89' lang='lat' dir='ltr'><strong>Pompeius,</strong></span> <span class='ocrx_word' id='word_1_40' title='bbox 740 933 867 983; x_wconf 77' lang='lat' dir='ltr'><strong>ceteras</strong></span> <span class='ocrx_word' id='word_1_41' title='bbox 886 920 989 983; x_wconf 87' lang='lat' dir='ltr'><strong>tribus</strong></span> <span class='ocrx_word' id='word_1_42' title='bbox 1004 921 1180 985; x_wconf 88' lang='lat' dir='ltr'><strong>auotorita-</strong></span> 
     </span>
     <span class='ocr_line' id='line_1_7' title="bbox 106 1019 1180 1109; baseline 0.002 -24"><span class='ocrx_word' id='word_1_43' title='bbox 106 1036 175 1085; x_wconf 89' lang='lat' dir='ltr'><strong>tem</strong></span> <span class='ocrx_word' id='word_1_44' title='bbox 192 1021 409 1109; x_wconf 68' lang='lat' dir='ltr'><strong>prerogativae</strong></span> <span class='ocrx_word' id='word_1_45' title='bbox 422 1036 637 1108; x_wconf 73' lang='lat' dir='ltr'><strong>sequuturae,</strong></span> <span class='ocrx_word' id='word_1_46' title='bbox 652 1035 821 1101; x_wconf 87' lang='lat' dir='ltr'><strong>metuens,</strong></span> <span class='ocrx_word' id='word_1_47' title='bbox 840 1019 927 1107; x_wconf 82' lang='lat' dir='ltr'><strong>turpi</strong></span> <span class='ocrx_word' id='word_1_48' title='bbox 944 1020 1112 1087; x_wconf 87' lang='lat' dir='ltr'><strong>mendacio</strong></span> <span class='ocrx_word' id='word_1_49' title='bbox 1125 1045 1180 1087; x_wconf 91' lang='lat' dir='ltr'><strong>co-</strong></span> 
     </span>
     <span class='ocr_line' id='line_1_8' title="bbox 105 1119 1180 1208; baseline 0.004 -23"><span class='ocrx_word' id='word_1_50' title='bbox 105 1122 198 1185; x_wconf 87' lang='lat' dir='ltr'><strong>mitia</strong></span> <span class='ocrx_word' id='word_1_51' title='bbox 211 1121 427 1202; x_wconf 70' lang='lat' dir='ltr'><strong>dissolvisset,</strong></span> <span class='ocrx_word' id='word_1_52' title='bbox 442 1137 598 1208; x_wconf 87' lang='lat' dir='ltr'><strong>tanquam</strong></span> <span class='ocrx_word' id='word_1_53' title='bbox 614 1119 727 1185; x_wconf 90' lang='lat' dir='ltr'><strong>audito</strong></span> <span class='ocrx_word' id='word_1_54' title='bbox 742 1119 868 1184; x_wconf 84' lang='lat' dir='ltr'><strong>tonitru</strong></span> <span class='ocrx_word' id='word_1_55' title='bbox 881 1119 1101 1187; x_wconf 86' lang='lat' dir='ltr'><strong>obnuntians:</strong></span> <span class='ocrx_word' id='word_1_56' title='bbox 1119 1144 1180 1189; x_wconf 86' lang='lat' dir='ltr'><strong>nee</strong></span> 
     </span>
     <span class='ocr_line' id='line_1_9' title="bbox 106 1221 1180 1311; baseline 0.004 -24"><span class='ocrx_word' id='word_1_57' title='bbox 106 1224 196 1287; x_wconf 88' lang='lat' dir='ltr'><strong>enim</strong></span> <span class='ocrx_word' id='word_1_58' title='bbox 219 1225 298 1287; x_wconf 83' lang='lat' dir='ltr'><strong>Jove</strong></span> <span class='ocrx_word' id='word_1_59' title='bbox 320 1240 456 1289; x_wconf 90' lang='lat' dir='ltr'><strong>tonante</strong></span> <span class='ocrx_word' id='word_1_60' title='bbox 472 1245 549 1287; x_wconf 86' lang='lat' dir='ltr'><strong>cum</strong></span> <span class='ocrx_word' id='word_1_61' title='bbox 564 1222 687 1311; x_wconf 86' lang='lat' dir='ltr'><strong>populo</strong></span> <span class='ocrx_word' id='word_1_62' title='bbox 709 1223 762 1309; x_wconf 90' lang='lat' dir='ltr'><strong>agi</strong></span> <span class='ocrx_word' id='word_1_63' title='bbox 779 1221 906 1285; x_wconf 76' lang='lat' dir='ltr'><strong>licebat</strong></span> <span class='ocrx_word' id='word_1_64' title='bbox 924 1222 1046 1285; x_wconf 86' lang='lat' dir='ltr'><strong>lterum</strong></span> <span class='ocrx_word' id='word_1_65' title='bbox 1061 1221 1180 1291; x_wconf 87' lang='lat' dir='ltr'><strong>deinde</strong></span> 
     </span>
     <span class='ocr_line' id='line_1_10' title="bbox 105 1322 1180 1413; baseline 0.001 -25"><span class='ocrx_word' id='word_1_66' title='bbox 105 1323 292 1389; x_wconf 84' lang='lat' dir='ltr'><strong>mercedem</strong></span> <span class='ocrx_word' id='word_1_67' title='bbox 313 1341 487 1413; x_wconf 87' lang='lat' dir='ltr'><strong>augentes,</strong></span> <span class='ocrx_word' id='word_1_68' title='bbox 511 1340 610 1411; x_wconf 88' lang='lat' dir='ltr'><strong>atque</strong></span> <span class='ocrx_word' id='word_1_69' title='bbox 628 1322 757 1387; x_wconf 88' lang='lat' dir='ltr'><strong>saniore</strong></span> <span class='ocrx_word' id='word_1_70' title='bbox 775 1322 888 1409; x_wconf 93' lang='lat' dir='ltr'><strong>populi</strong></span> <span class='ocrx_word' id='word_1_71' title='bbox 907 1340 997 1410; x_wconf 90' lang='lat' dir='ltr'><strong>parte</strong></span> <span class='ocrx_word' id='word_1_72' title='bbox 1020 1325 1052 1387; x_wconf 89' lang='lat' dir='ltr'><strong>vi</strong></span> <span class='ocrx_word' id='word_1_73' title='bbox 1070 1325 1180 1412; x_wconf 84' lang='lat' dir='ltr'><strong>pulsa,</strong></span> 
     </span>
     <span class='ocr_line' id='line_1_11' title="bbox 105 1423 1180 1513; baseline 0.003 -25"><span class='ocrx_word' id='word_1_74' title='bbox 105 1448 213 1512; x_wconf 90' lang='lat' dir='ltr'><strong>quum</strong></span> <span class='ocrx_word' id='word_1_75' title='bbox 228 1427 326 1505; x_wconf 90' lang='lat' dir='ltr'><strong>Cato,</strong></span> <span class='ocrx_word' id='word_1_76' title='bbox 340 1441 460 1489; x_wconf 84' lang='lat' dir='ltr'><strong>uteret</strong></span> <span class='ocrx_word' id='word_1_77' title='bbox 474 1426 584 1513; x_wconf 87' lang='lat' dir='ltr'><strong>legum</strong></span> <span class='ocrx_word' id='word_1_78' title='bbox 599 1423 876 1504; x_wconf 82' lang='lat' dir='ltr'><strong>servantissimus,</strong></span> <span class='ocrx_word' id='word_1_79' title='bbox 890 1444 1023 1489; x_wconf 87' lang='lat' dir='ltr'><strong>suarum</strong></span> <span class='ocrx_word' id='word_1_80' title='bbox 1037 1427 1180 1513; x_wconf 89' lang='lat' dir='ltr'><strong>partium</strong></span> 
     </span>
     <span class='ocr_line' id='line_1_12' title="bbox 104 1526 1181 1615; baseline 0.004 -26"><span class='ocrx_word' id='word_1_81' title='bbox 104 1526 272 1591; x_wconf 88' lang='lat' dir='ltr'><strong>studiosos</strong></span> <span class='ocrx_word' id='word_1_82' title='bbox 284 1527 351 1591; x_wconf 80' lang='lat' dir='ltr'><strong>viru</strong></span> <span class='ocrx_word' id='word_1_83' title='bbox 364 1527 395 1589; x_wconf 94' lang='lat' dir='ltr'><strong>vi</strong></span> <span class='ocrx_word' id='word_1_84' title='bbox 408 1548 575 1615; x_wconf 90' lang='lat' dir='ltr'><strong>opponere</strong></span> <span class='ocrx_word' id='word_1_85' title='bbox 588 1542 726 1606; x_wconf 87' lang='lat' dir='ltr'><strong>vetaret,</strong></span> <span class='ocrx_word' id='word_1_86' title='bbox 745 1526 898 1589; x_wconf 78' lang='lat' dir='ltr'><strong>ellectum</strong></span> <span class='ocrx_word' id='word_1_87' title='bbox 913 1541 979 1607; x_wconf 87' lang='lat' dir='ltr'><strong>est,</strong></span> <span class='ocrx_word' id='word_1_88' title='bbox 997 1543 1035 1590; x_wconf 92' lang='lat' dir='ltr'><strong>ut</strong></span> <span class='ocrx_word' id='word_1_89' title='bbox 1047 1550 1107 1615; x_wconf 90' lang='lat' dir='ltr'><strong>pro</strong></span> <span class='ocrx_word' id='word_1_90' title='bbox 1121 1530 1181 1593; x_wconf 88' lang='lat' dir='ltr'><strong>Ca-</strong></span> 
     </span>
     <span class='ocr_line' id='line_1_13' title="bbox 104 1628 1179 1717; baseline 0.007 -27"><span class='ocrx_word' id='word_1_91' title='bbox 104 1643 186 1691; x_wconf 91' lang='lat' dir='ltr'><strong>tone</strong></span> <span class='ocrx_word' id='word_1_92' title='bbox 202 1629 239 1693; x_wconf 88' lang='lat' dir='ltr'><strong>P.</strong></span> <span class='ocrx_word' id='word_1_93' title='bbox 257 1628 406 1693; x_wconf 84' lang='lat' dir='ltr'><strong>Vatinius</strong></span> <span class='ocrx_word' id='word_1_94' title='bbox 419 1628 678 1708; x_wconf 81' lang='lat' dir='ltr'><strong>renuntiaretur,</strong></span> <span class='ocrx_word' id='word_1_95' title='bbox 692 1650 880 1715; x_wconf 86' lang='lat' dir='ltr'><strong>quanquam</strong></span> <span class='ocrx_word' id='word_1_96' title='bbox 897 1650 1004 1716; x_wconf 89' lang='lat' dir='ltr'><strong>nuper</strong></span> <span class='ocrx_word' id='word_1_97' title='bbox 1018 1632 1179 1717; x_wconf 78' lang='lat' dir='ltr'><strong>repulsam</strong></span> 
     </span>
     <span class='ocr_line' id='line_1_14' title="bbox 104 1728 633 1815; baseline 0.004 -24"><span class='ocrx_word' id='word_1_98' title='bbox 104 1728 141 1791; x_wconf 91' lang='lat' dir='ltr'><strong>in</strong></span> <span class='ocrx_word' id='word_1_99' title='bbox 157 1729 316 1815; x_wconf 84' lang='lat' dir='ltr'><strong>petitione</strong></span> <span class='ocrx_word' id='word_1_100' title='bbox 329 1728 489 1793; x_wconf 80' lang='lat' dir='ltr'><strong>aedilitatis</strong></span> <span class='ocrx_word' id='word_1_101' title='bbox 506 1730 633 1793; x_wconf 86' lang='lat' dir='ltr'><strong>tulerat.</strong></span> 
     </span>
    </p>

    <p class='ocr_par' dir='ltr' id='par_1_4' title="bbox 90 1830 1180 3134">
     <span class='ocr_line' id='line_1_15' title="bbox 151 1830 1179 1916; baseline 0.003 -23"><span class='ocrx_word' id='word_1_102' title='bbox 151 1830 223 1894; x_wconf 83' lang='lat' dir='ltr'><strong>XV.</strong></span> <span class='ocrx_word' id='word_1_103' title='bbox 247 1832 320 1895; x_wconf 86' lang='lat' dir='ltr'><strong>Hoc</strong></span> <span class='ocrx_word' id='word_1_104' title='bbox 335 1830 395 1895; x_wconf 88' lang='lat' dir='ltr'><strong>ubi</strong></span> <span class='ocrx_word' id='word_1_105' title='bbox 409 1830 532 1895; x_wconf 81' lang='lat' dir='ltr'><strong>lactum</strong></span> <span class='ocrx_word' id='word_1_106' title='bbox 548 1845 616 1909; x_wconf 88' lang='lat' dir='ltr'><strong>est,</strong></span> <span class='ocrx_word' id='word_1_107' title='bbox 634 1830 761 1909; x_wconf 82' lang='lat' dir='ltr'><strong>ferunt,</strong></span> <span class='ocrx_word' id='word_1_108' title='bbox 778 1843 905 1916; x_wconf 87' lang='lat' dir='ltr'><strong>partem</strong></span> <span class='ocrx_word' id='word_1_109' title='bbox 918 1830 1049 1916; x_wconf 88' lang='lat' dir='ltr'><strong>populi,</strong></span> <span class='ocrx_word' id='word_1_110' title='bbox 1067 1833 1179 1897; x_wconf 90' lang='lat' dir='ltr'><strong>talium</strong></span> 
     </span>
     <span class='ocr_line' id='line_1_16' title="bbox 102 1928 1178 2021; baseline 0.005 -26"><span class='ocrx_word' id='word_1_111' title='bbox 102 1930 339 2020; x_wconf 76' lang='lat' dir='ltr'><strong>suffragiorum</strong></span> <span class='ocrx_word' id='word_1_112' title='bbox 350 1932 412 1995; x_wconf 88' lang='lat' dir='ltr'><strong>sibi</strong></span> <span class='ocrx_word' id='word_1_113' title='bbox 423 1932 585 1995; x_wconf 87' lang='lat' dir='ltr'><strong>consciam</strong></span> <span class='ocrx_word' id='word_1_114' title='bbox 595 1930 802 2020; x_wconf 86' lang='lat' dir='ltr'><strong>,fugaesimili</strong></span> <span class='ocrx_word' id='word_1_115' title='bbox 813 1928 957 1995; x_wconf 89' lang='lat' dir='ltr'><strong>discessu</strong></span> <span class='ocrx_word' id='word_1_116' title='bbox 967 1929 1178 2021; x_wconf 85' lang='lat' dir='ltr'><strong>disparuisse:</strong></span> 
     </span>
     <span class='ocr_line' id='line_1_17' title="bbox 102 2029 1179 2116; baseline 0.004 -21"><span class='ocrx_word' id='word_1_117' title='bbox 102 2030 148 2095; x_wconf 90' lang='lat' dir='ltr'><strong>ad</strong></span> <span class='ocrx_word' id='word_1_118' title='bbox 163 2048 316 2112; x_wconf 79' lang='lat' dir='ltr'><strong>eeteros,</strong></span> <span class='ocrx_word' id='word_1_119' title='bbox 334 2031 432 2097; x_wconf 86' lang='lat' dir='ltr'><strong>dante</strong></span> <span class='ocrx_word' id='word_1_120' title='bbox 449 2031 642 2097; x_wconf 87' lang='lat' dir='ltr'><strong>concionem</strong></span> <span class='ocrx_word' id='word_1_121' title='bbox 663 2031 798 2095; x_wconf 89' lang='lat' dir='ltr'><strong>tribuno</strong></span> <span class='ocrx_word' id='word_1_122' title='bbox 814 2029 905 2116; x_wconf 89' lang='lat' dir='ltr'><strong>(sive</strong></span> <span class='ocrx_word' id='word_1_123' title='bbox 927 2032 965 2095; x_wconf 90' lang='lat' dir='ltr'><strong>C.</strong></span> <span class='ocrx_word' id='word_1_124' title='bbox 984 2032 1095 2095; x_wconf 82' lang='lat' dir='ltr'><strong>Ateius</strong></span> <span class='ocrx_word' id='word_1_125' title='bbox 1118 2036 1179 2099; x_wconf 89' lang='lat' dir='ltr'><strong>Ca-</strong></span> 
     </span>
     <span class='ocr_line' id='line_1_18' title="bbox 100 2130 1179 2222; baseline 0 -25"><span class='ocrx_word' id='word_1_126' title='bbox 100 2135 197 2222; x_wconf 90' lang='lat' dir='ltr'><strong>pito,</strong></span> <span class='ocrx_word' id='word_1_127' title='bbox 221 2136 288 2199; x_wconf 90' lang='lat' dir='ltr'><strong>sive</strong></span> <span class='ocrx_word' id='word_1_128' title='bbox 304 2134 341 2197; x_wconf 89' lang='lat' dir='ltr'><strong>P.</strong></span> <span class='ocrx_word' id='word_1_129' title='bbox 358 2134 520 2221; x_wconf 81' lang='lat' dir='ltr'><strong>Aquillius</strong></span> <span class='ocrx_word' id='word_1_130' title='bbox 539 2133 650 2197; x_wconf 89' lang='lat' dir='ltr'><strong>Gallus</strong></span> <span class='ocrx_word' id='word_1_131' title='bbox 671 2132 753 2213; x_wconf 78' lang='lat' dir='ltr'><strong>iuit3</strong></span> <span class='ocrx_word' id='word_1_132' title='bbox 775 2131 879 2197; x_wconf 75' lang='lat' dir='ltr'><strong>caeteri</strong></span> <span class='ocrx_word' id='word_1_133' title='bbox 901 2130 988 2195; x_wconf 89' lang='lat' dir='ltr'><strong>euim</strong></span> <span class='ocrx_word' id='word_1_134' title='bbox 1005 2133 1179 2197; x_wconf 88' lang='lat' dir='ltr'><strong>consulum</strong></span> 
     </span>
     <span class='ocr_line' id='line_1_19' title="bbox 101 2234 1180 2331; baseline 0 -32"><span class='ocrx_word' id='word_1_135' title='bbox 101 2252 200 2300; x_wconf 90' lang='lat' dir='ltr'><strong>erant</strong></span> <span class='ocrx_word' id='word_1_136' title='bbox 209 2237 376 2323; x_wconf 78' lang='lat' dir='ltr'><strong>asseclas),</strong></span> <span class='ocrx_word' id='word_1_137' title='bbox 387 2236 486 2301; x_wconf 89' lang='lat' dir='ltr'><strong>verba</strong></span> <span class='ocrx_word' id='word_1_138' title='bbox 496 2235 609 2299; x_wconf 84' lang='lat' dir='ltr'><strong>iecisse</strong></span> <span class='ocrx_word' id='word_1_139' title='bbox 619 2237 795 2315; x_wconf 88' lang='lat' dir='ltr'><strong>Catonem,</strong></span> <span class='ocrx_word' id='word_1_140' title='bbox 807 2256 874 2297; x_wconf 89' lang='lat' dir='ltr'><strong>non</strong></span> <span class='ocrx_word' id='word_1_141' title='bbox 884 2236 1052 2321; x_wconf 85' lang='lat' dir='ltr'><strong>praesentia</strong></span> <span class='ocrx_word' id='word_1_142' title='bbox 1063 2234 1180 2331; x_wconf 66' lang='lat' dir='ltr'><strong>modo,</strong></span> 
     </span>
     <span class='ocr_line' id='line_1_20' title="bbox 100 2335 1180 2419; baseline 0 -18"><span class='ocrx_word' id='word_1_143' title='bbox 100 2339 155 2401; x_wconf 91' lang='lat' dir='ltr'><strong>uti</strong></span> <span class='ocrx_word' id='word_1_144' title='bbox 168 2361 204 2403; x_wconf 87' lang='lat' dir='ltr'><strong>se</strong></span> <span class='ocrx_word' id='word_1_145' title='bbox 217 2338 393 2419; x_wconf 76' lang='lat' dir='ltr'><strong>haberent,</strong></span> <span class='ocrx_word' id='word_1_146' title='bbox 407 2338 492 2403; x_wconf 88' lang='lat' dir='ltr'><strong>clare</strong></span> <span class='ocrx_word' id='word_1_147' title='bbox 504 2336 696 2417; x_wconf 88' lang='lat' dir='ltr'><strong>docentem,</strong></span> <span class='ocrx_word' id='word_1_148' title='bbox 712 2335 771 2399; x_wconf 90' lang='lat' dir='ltr'><strong>sed</strong></span> <span class='ocrx_word' id='word_1_149' title='bbox 787 2336 884 2399; x_wconf 85' lang='lat' dir='ltr'><strong>etiarn</strong></span> <span class='ocrx_word' id='word_1_150' title='bbox 896 2336 1123 2401; x_wconf 76' lang='lat' dir='ltr'><strong>vaticinantem</strong></span> <span class='ocrx_word' id='word_1_151' title='bbox 1137 2335 1180 2401; x_wconf 90' lang='lat' dir='ltr'><strong>de</strong></span> 
     </span>
     <span class='ocr_line' id='line_1_21' title="bbox 101 2436 1180 2528; baseline 0 -24"><span class='ocrx_word' id='word_1_152' title='bbox 101 2440 246 2505; x_wconf 85' lang='lat' dir='ltr'><strong>futuris:</strong></span> <span class='ocrx_word' id='word_1_153' title='bbox 261 2441 407 2528; x_wconf 85' lang='lat' dir='ltr'><strong>Pompeio</strong></span> <span class='ocrx_word' id='word_1_154' title='bbox 420 2438 591 2528; x_wconf 82' lang='lat' dir='ltr'><strong>Crassoque</strong></span> <span class='ocrx_word' id='word_1_155' title='bbox 604 2436 694 2502; x_wconf 88' lang='lat' dir='ltr'><strong>haud</strong></span> <span class='ocrx_word' id='word_1_156' title='bbox 705 2438 819 2502; x_wconf 88' lang='lat' dir='ltr'><strong>leviter</strong></span> <span class='ocrx_word' id='word_1_157' title='bbox 831 2437 1024 2525; x_wconf 89' lang='lat' dir='ltr'><strong>perstrictis,</strong></span> <span class='ocrx_word' id='word_1_158' title='bbox 1036 2441 1095 2528; x_wconf 79' lang='lat' dir='ltr'><strong>qui</strong></span> <span class='ocrx_word' id='word_1_159' title='bbox 1102 2463 1180 2504; x_wconf 84' lang='lat' dir='ltr'><strong>rem-</strong></span> 
     </span>
     <span class='ocr_line' id='line_1_22' title="bbox 90 2541 1180 2629; baseline 0.002 -23"><span class='ocrx_word' id='word_1_160' title='bbox 90 2541 265 2629; x_wconf 72' lang='lat' dir='ltr'><strong>publicam</strong></span> <span class='ocrx_word' id='word_1_161' title='bbox 281 2556 313 2606; x_wconf 83' lang='lat' dir='ltr'><strong>et</strong></span> <span class='ocrx_word' id='word_1_162' title='bbox 323 2541 525 2606; x_wconf 82' lang='lat' dir='ltr'><strong>consulatum</strong></span> <span class='ocrx_word' id='word_1_163' title='bbox 537 2542 584 2604; x_wconf 83' lang='lat' dir='ltr'><strong>ita</strong></span> <span class='ocrx_word' id='word_1_164' title='bbox 592 2563 700 2626; x_wconf 79' lang='lat' dir='ltr'><strong>gerere</strong></span> <span class='ocrx_word' id='word_1_165' title='bbox 709 2541 957 2619; x_wconf 81' lang='lat' dir='ltr'><strong>constituissent,</strong></span> <span class='ocrx_word' id='word_1_166' title='bbox 973 2554 1010 2606; x_wconf 85' lang='lat' dir='ltr'><strong>ut</strong></span> <span class='ocrx_word' id='word_1_167' title='bbox 1024 2541 1180 2608; x_wconf 73' lang='lat' dir='ltr'><strong>timendus</strong></span> 
     </span>
     <span class='ocr_line' id='line_1_23' title="bbox 99 2639 1180 2731; baseline 0.004 -27"><span class='ocrx_word' id='word_1_168' title='bbox 99 2646 147 2706; x_wconf 85' lang='lat' dir='ltr'><strong>er&#39;s</strong></span> <span class='ocrx_word' id='word_1_169' title='bbox 164 2659 288 2731; x_wconf 82' lang='lat' dir='ltr'><strong>praetor</strong></span> <span class='ocrx_word' id='word_1_170' title='bbox 311 2643 388 2709; x_wconf 78' lang='lat' dir='ltr'><strong>Ceto</strong></span> <span class='ocrx_word' id='word_1_171' title='bbox 403 2641 521 2731; x_wconf 80' lang='lat' dir='ltr'><strong>fuerit.</strong></span> <span class='ocrx_word' id='word_1_172' title='bbox 547 2644 692 2706; x_wconf 90' lang='lat' dir='ltr'><strong>Domum</strong></span> <span class='ocrx_word' id='word_1_173' title='bbox 716 2639 794 2706; x_wconf 88' lang='lat' dir='ltr'><strong>inde</strong></span> <span class='ocrx_word' id='word_1_174' title='bbox 818 2639 1053 2731; x_wconf 82' lang='lat' dir='ltr'><strong>digredientem</strong></span> <span class='ocrx_word' id='word_1_175' title='bbox 1077 2643 1180 2723; x_wconf 85' lang='lat' dir='ltr'><strong>major</strong></span> 
     </span>
     <span class='ocr_line' id='line_1_24' title="bbox 98 2741 1179 2833; baseline 0 -25"><span class='ocrx_word' id='word_1_176' title='bbox 98 2744 280 2809; x_wconf 89' lang='lat' dir='ltr'><strong>hominum</strong></span> <span class='ocrx_word' id='word_1_177' title='bbox 296 2744 473 2808; x_wconf 88' lang='lat' dir='ltr'><strong>multitudo</strong></span> <span class='ocrx_word' id='word_1_178' title='bbox 489 2741 642 2823; x_wconf 80' lang='lat' dir='ltr'><strong>deduxit,</strong></span> <span class='ocrx_word' id='word_1_179' title='bbox 660 2765 759 2830; x_wconf 86' lang='lat' dir='ltr'><strong>quam</strong></span> <span class='ocrx_word' id='word_1_180' title='bbox 776 2763 832 2807; x_wconf 91' lang='lat' dir='ltr'><strong>eos</strong></span> <span class='ocrx_word' id='word_1_181' title='bbox 851 2743 947 2808; x_wconf 89' lang='lat' dir='ltr'><strong>simul</strong></span> <span class='ocrx_word' id='word_1_182' title='bbox 963 2765 1097 2825; x_wconf 85' lang='lat' dir='ltr'><strong>omnes,</strong></span> <span class='ocrx_word' id='word_1_183' title='bbox 1121 2746 1179 2833; x_wconf 86' lang='lat' dir='ltr'><strong>qni</strong></span> 
     </span>
     <span class='ocr_line' id='line_1_25' title="bbox 99 2843 1178 2934; baseline 0.002 -26"><span class='ocrx_word' id='word_1_184' title='bbox 99 2861 200 2909; x_wconf 87' lang='lat' dir='ltr'><strong>erant</strong></span> <span class='ocrx_word' id='word_1_185' title='bbox 222 2862 374 2934; x_wconf 77' lang='lat' dir='ltr'><strong>pretores</strong></span> <span class='ocrx_word' id='word_1_186' title='bbox 395 2845 556 2910; x_wconf 89' lang='lat' dir='ltr'><strong>declarati.</strong></span> <span class='ocrx_word' id='word_1_187' title='bbox 575 2843 735 2910; x_wconf 87' lang='lat' dir='ltr'><strong>AEdilium</strong></span> <span class='ocrx_word' id='word_1_188' title='bbox 759 2865 836 2908; x_wconf 88' lang='lat' dir='ltr'><strong>mox</strong></span> <span class='ocrx_word' id='word_1_189' title='bbox 854 2844 983 2908; x_wconf 86' lang='lat' dir='ltr'><strong>comitia</strong></span> <span class='ocrx_word' id='word_1_190' title='bbox 1005 2845 1178 2910; x_wconf 88' lang='lat' dir='ltr'><strong>turbulen-</strong></span> 
     </span>
     <span class='ocr_line' id='line_1_26' title="bbox 99 2945 1177 3033; baseline 0.004 -25"><span class='ocrx_word' id='word_1_191' title='bbox 99 2946 188 3010; x_wconf 87' lang='lat' dir='ltr'><strong>tiora</strong></span> <span class='ocrx_word' id='word_1_192' title='bbox 203 2946 358 3012; x_wconf 86' lang='lat' dir='ltr'><strong>fuerunt:</strong></span> <span class='ocrx_word' id='word_1_193' title='bbox 374 2945 477 3010; x_wconf 78' lang='lat' dir='ltr'><strong>caedes</strong></span> <span class='ocrx_word' id='word_1_194' title='bbox 490 2945 536 3008; x_wconf 89' lang='lat' dir='ltr'><strong>ibi</strong></span> <span class='ocrx_word' id='word_1_195' title='bbox 551 2947 652 3026; x_wconf 83' lang='lat' dir='ltr'><strong>lacta,</strong></span> <span class='ocrx_word' id='word_1_196' title='bbox 668 2961 801 3031; x_wconf 90' lang='lat' dir='ltr'><strong>tamque</strong></span> <span class='ocrx_word' id='word_1_197' title='bbox 813 2945 1017 3033; x_wconf 90' lang='lat' dir='ltr'><strong>propinquus</strong></span> <span class='ocrx_word' id='word_1_198' title='bbox 1030 2946 1177 3033; x_wconf 89' lang='lat' dir='ltr'><strong>periculo</strong></span> 
     </span>
     <span class='ocr_line' id='line_1_27' title="bbox 99 3044 1175 3134; baseline 0.002 -24"><span class='ocrx_word' id='word_1_199' title='bbox 99 3047 284 3134; x_wconf 85' lang='lat' dir='ltr'><strong>Pompeius</strong></span> <span class='ocrx_word' id='word_1_200' title='bbox 299 3048 378 3127; x_wconf 73' lang='lat' dir='ltr'><strong>fluit,</strong></span> <span class='ocrx_word' id='word_1_201' title='bbox 391 3063 430 3112; x_wconf 88' lang='lat' dir='ltr'><strong>ut</strong></span> <span class='ocrx_word' id='word_1_202' title='bbox 439 3047 537 3111; x_wconf 83' lang='lat' dir='ltr'><strong>restis</strong></span> <span class='ocrx_word' id='word_1_203' title='bbox 551 3046 622 3126; x_wconf 86' lang='lat' dir='ltr'><strong>ejus</strong></span> <span class='ocrx_word' id='word_1_204' title='bbox 639 3047 743 3110; x_wconf 88' lang='lat' dir='ltr'><strong>multo</strong></span> <span class='ocrx_word' id='word_1_205' title='bbox 754 3044 913 3133; x_wconf 88' lang='lat' dir='ltr'><strong>sauguine</strong></span> <span class='ocrx_word' id='word_1_206' title='bbox 924 3063 1175 3134; x_wconf 87' lang='lat' dir='ltr'><strong>respergeretur.</strong></span> 
     </span>
    </p>

    <p class='ocr_par' dir='ltr' id='par_1_5' title="bbox 87 3143 1178 3744">
     <span class='ocr_line' id='line_1_28' title="bbox 148 3143 1177 3237; baseline -0.002 -25"><span class='ocrx_word' id='word_1_207' title='bbox 148 3149 239 3212; x_wconf 82' lang='lat' dir='ltr'><strong>XVl.</strong></span> <span class='ocrx_word' id='word_1_208' title='bbox 258 3151 291 3212; x_wconf 91' lang='lat' dir='ltr'><strong>Is</strong></span> <span class='ocrx_word' id='word_1_209' title='bbox 314 3149 503 3237; x_wconf 81' lang='lat' dir='ltr'><strong>edspectus,</strong></span> <span class='ocrx_word' id='word_1_210' title='bbox 526 3169 648 3235; x_wconf 89' lang='lat' dir='ltr'><strong>quum,</strong></span> <span class='ocrx_word' id='word_1_211' title='bbox 672 3146 806 3210; x_wconf 85' lang='lat' dir='ltr'><strong>remissa</strong></span> <span class='ocrx_word' id='word_1_212' title='bbox 832 3143 968 3209; x_wconf 84' lang='lat' dir='ltr'><strong>domum</strong></span> <span class='ocrx_word' id='word_1_213' title='bbox 989 3161 1094 3226; x_wconf 86' lang='lat' dir='ltr'><strong>veste,</strong></span> <span class='ocrx_word' id='word_1_214' title='bbox 1116 3146 1177 3225; x_wconf 85' lang='lat' dir='ltr'><strong>alia</strong></span> 
     </span>
     <span class='ocr_line' id='line_1_29' title="bbox 98 3247 1177 3336; baseline -0.001 -23"><span class='ocrx_word' id='word_1_215' title='bbox 98 3250 337 3336; x_wconf 86' lang='lat' dir='ltr'><strong>postularetur,</strong></span> <span class='ocrx_word' id='word_1_216' title='bbox 352 3252 367 3313; x_wconf 93' lang='lat' dir='ltr'><strong>l</strong></span> <span class='ocrx_word' id='word_1_217' title='bbox 371 3250 485 3329; x_wconf 91' lang='lat' dir='ltr'><strong>uliam,</strong></span> <span class='ocrx_word' id='word_1_218' title='bbox 504 3248 652 3335; x_wconf 86' lang='lat' dir='ltr'><strong>Pompeii</strong></span> <span class='ocrx_word' id='word_1_219' title='bbox 665 3247 851 3335; x_wconf 88' lang='lat' dir='ltr'><strong>conjugem,</strong></span> <span class='ocrx_word' id='word_1_220' title='bbox 868 3262 940 3310; x_wconf 89' lang='lat' dir='ltr'><strong>tum</strong></span> <span class='ocrx_word' id='word_1_221' title='bbox 955 3263 1177 3335; x_wconf 84' lang='lat' dir='ltr'><strong>praegnantem</strong></span> 
     </span>
     <span class='ocr_line' id='line_1_30' title="bbox 97 3347 1176 3438; baseline 0.002 -26"><span class='ocrx_word' id='word_1_222' title='bbox 97 3351 147 3414; x_wconf 89' lang='lat' dir='ltr'><strong>ita</strong></span> <span class='ocrx_word' id='word_1_223' title='bbox 158 3351 352 3438; x_wconf 87' lang='lat' dir='ltr'><strong>perterruit,</strong></span> <span class='ocrx_word' id='word_1_224' title='bbox 367 3368 421 3431; x_wconf 90' lang='lat' dir='ltr'><strong>ut,</strong></span> <span class='ocrx_word' id='word_1_225' title='bbox 434 3351 554 3415; x_wconf 89' lang='lat' dir='ltr'><strong>abortu</strong></span> <span class='ocrx_word' id='word_1_226' title='bbox 569 3352 672 3431; x_wconf 77' lang='lat' dir='ltr'><strong>lacto,</strong></span> <span class='ocrx_word' id='word_1_227' title='bbox 686 3372 815 3438; x_wconf 83' lang='lat' dir='ltr'><strong>gravem</strong></span> <span class='ocrx_word' id='word_1_228' title='bbox 832 3348 865 3412; x_wconf 88' lang='lat' dir='ltr'><strong>iu</strong></span> <span class='ocrx_word' id='word_1_229' title='bbox 883 3348 1035 3412; x_wconf 89' lang='lat' dir='ltr'><strong>morbum</strong></span> <span class='ocrx_word' id='word_1_230' title='bbox 1051 3347 1176 3414; x_wconf 91' lang='lat' dir='ltr'><strong>incide·</strong></span> 
     </span>
     <span class='ocr_line' id='line_1_31' title="bbox 96 3449 1177 3538; baseline -0.003 -22"><span class='ocrx_word' id='word_1_231' title='bbox 96 3469 177 3516; x_wconf 85' lang='lat' dir='ltr'><strong>ret:</strong></span> <span class='ocrx_word' id='word_1_232' title='bbox 197 3453 289 3517; x_wconf 88' lang='lat' dir='ltr'><strong>valde</strong></span> <span class='ocrx_word' id='word_1_233' title='bbox 306 3453 394 3516; x_wconf 89' lang='lat' dir='ltr'><strong>enim</strong></span> <span class='ocrx_word' id='word_1_234' title='bbox 416 3452 545 3518; x_wconf 89' lang='lat' dir='ltr'><strong>amabat</strong></span> <span class='ocrx_word' id='word_1_235' title='bbox 560 3451 684 3532; x_wconf 79' lang='lat' dir='ltr'><strong>virum,</strong></span> <span class='ocrx_word' id='word_1_236' title='bbox 705 3451 798 3537; x_wconf 86' lang='lat' dir='ltr'><strong>isque</strong></span> <span class='ocrx_word' id='word_1_237' title='bbox 815 3450 844 3512; x_wconf 91' lang='lat' dir='ltr'><strong>ei</strong></span> <span class='ocrx_word' id='word_1_238' title='bbox 861 3449 894 3512; x_wconf 90' lang='lat' dir='ltr'><strong>iu</strong></span> <span class='ocrx_word' id='word_1_239' title='bbox 911 3471 1022 3512; x_wconf 87' lang='lat' dir='ltr'><strong>amore</strong></span> <span class='ocrx_word' id='word_1_240' title='bbox 1040 3471 1177 3538; x_wconf 88' lang='lat' dir='ltr'><strong>respon·</strong></span> 
     </span>
     <span class='ocr_line' id='line_1_32' title="bbox 94 3551 1177 3638; baseline -0.003 -18"><span class='ocrx_word' id='word_1_241' title='bbox 94 3553 214 3620; x_wconf 87' lang='lat' dir='ltr'><strong>debat.</strong></span> <span class='ocrx_word' id='word_1_242' title='bbox 226 3553 322 3618; x_wconf 87' lang='lat' dir='ltr'><strong>Unde</strong></span> <span class='ocrx_word' id='word_1_243' title='bbox 333 3577 409 3618; x_wconf 83' lang='lat' dir='ltr'><strong>mox</strong></span> <span class='ocrx_word' id='word_1_244' title='bbox 420 3553 583 3618; x_wconf 86' lang='lat' dir='ltr'><strong>criminati</strong></span> <span class='ocrx_word' id='word_1_245' title='bbox 592 3567 672 3616; x_wconf 87' lang='lat' dir='ltr'><strong>sunt</strong></span> <span class='ocrx_word' id='word_1_246' title='bbox 680 3551 803 3615; x_wconf 86' lang='lat' dir='ltr'><strong>inimici</strong></span> <span class='ocrx_word' id='word_1_247' title='bbox 813 3598 822 3632; x_wconf 92' lang='lat'><strong>,</strong></span> <span class='ocrx_word' id='word_1_248' title='bbox 831 3554 1028 3638; x_wconf 83' lang='lat' dir='ltr'><strong>provinciam</strong></span> <span class='ocrx_word' id='word_1_249' title='bbox 1040 3553 1177 3618; x_wconf 80' lang='lat' dir='ltr'><strong>obtinere</strong></span> 
     </span>
     <span class='ocr_line' id='line_1_33' title="bbox 87 3650 1178 3744; baseline -0.002 -24"><span class='ocrx_word' id='word_1_250' title='bbox 87 3677 159 3742; x_wconf 83' lang='lat' dir='ltr'><strong>per</strong></span> <span class='ocrx_word' id='word_1_251' title='bbox 180 3653 319 3741; x_wconf 73' lang='lat' dir='ltr'><strong>legatos,</strong></span> <span class='ocrx_word' id='word_1_252' title='bbox 342 3659 444 3744; x_wconf 62' lang='lat' dir='ltr'><strong>{osum</strong></span> <span class='ocrx_word' id='word_1_253' title='bbox 462 3655 568 3720; x_wconf 81' lang='lat' dir='ltr'><strong>sedere</strong></span> <span class='ocrx_word' id='word_1_254' title='bbox 589 3653 637 3718; x_wconf 85' lang='lat' dir='ltr'><strong>ad</strong></span> <span class='ocrx_word' id='word_1_255' title='bbox 660 3653 793 3730; x_wconf 80' lang='lat' dir='ltr'><strong>Urbem,</strong></span> <span class='ocrx_word' id='word_1_256' title='bbox 815 3650 1009 3739; x_wconf 66' lang='lat' dir='ltr'><strong>tassimata</strong></span> <span class='ocrx_word' id='word_1_257' title='bbox 1020 3655 1178 3741; x_wconf 78' lang='lat' dir='ltr'><strong>prteberet</strong></span> 
     </span>
    </p>
   </div>
   <div class='ocr_carea' id='block_1_3' title="bbox 91 3895 1175 4205">
    <p class='ocr_par' dir='ltr' id='par_1_6' title="bbox 91 3895 1175 4205">
     <span class='ocr_line' id='line_1_34' title="bbox 134 3895 1175 3964; baseline -0.001 -19"><span class='ocrx_word' id='word_1_258' title='bbox 134 3897 155 3964; x_wconf 68' lang='lat' dir='ltr'><strong><em>s</em></strong></span> <span class='ocrx_word' id='word_1_259' title='bbox 166 3899 240 3947; x_wconf 76' lang='lat'>1111.</span> <span class='ocrx_word' id='word_1_260' title='bbox 250 3898 308 3946; x_wconf 89' lang='lat' dir='ltr'><strong>Dio.</strong></span> <span class='ocrx_word' id='word_1_261' title='bbox 322 3925 358 3935; x_wconf 91' lang='lat'><strong>—-</strong></span> <span class='ocrx_word' id='word_1_262' title='bbox 368 3898 434 3946; x_wconf 82' lang='lat' dir='ltr'><strong>Plnt.</strong></span> <span class='ocrx_word' id='word_1_263' title='bbox 447 3898 475 3945; x_wconf 85' lang='lat' dir='ltr'><strong>in</strong></span> <span class='ocrx_word' id='word_1_264' title='bbox 487 3898 540 3947; x_wconf 72' lang='lat' dir='ltr'><strong>cat.</strong></span> <span class='ocrx_word' id='word_1_265' title='bbox 553 3913 608 3961; x_wconf 82' lang='lat' dir='ltr'><strong>cap.</strong></span> <span class='ocrx_word' id='word_1_266' title='bbox 621 3897 663 3959; x_wconf 77' lang='lat'><strong>59.</strong></span> <span class='ocrx_word' id='word_1_267' title='bbox 672 3897 770 3946; x_wconf 74' lang='lat' dir='ltr'><strong>-cte</strong></span> <span class='ocrx_word' id='word_1_268' title='bbox 781 3895 813 3944; x_wconf 82' lang='lat' dir='ltr'><strong>ad</strong></span> <span class='ocrx_word' id='word_1_269' title='bbox 824 3897 856 3958; x_wconf 88' lang='lat' dir='ltr'><strong>Q.</strong></span> <span class='ocrx_word' id='word_1_270' title='bbox 867 3895 936 3943; x_wconf 77' lang='lat' dir='ltr'><strong>fratr.</strong></span> <span class='ocrx_word' id='word_1_271' title='bbox 947 3897 987 3954; x_wconf 87' lang='grc' dir='ltr'><strong>Π,</strong></span> <span class='ocrx_word' id='word_1_272' title='bbox 1000 3911 1025 3958; x_wconf 86' lang='lat'><strong>9.</strong></span> <span class='ocrx_word' id='word_1_273' title='bbox 1035 3923 1069 3934; x_wconf 88' lang='lat'><em>-</em></span> <span class='ocrx_word' id='word_1_274' title='bbox 1078 3895 1094 3960; x_wconf 68' lang='grc'>5</span> <span class='ocrx_word' id='word_1_275' title='bbox 1103 3899 1175 3945; x_wconf 75' lang='lat' dir='ltr'>XIV.</span> 
     </span>
     <span class='ocr_line' id='line_1_35' title="bbox 92 3979 1174 4060; baseline 0.001 -31"><span class='ocrx_word' id='word_1_276' title='bbox 92 3983 160 4060; x_wconf 61' lang='lat' dir='ltr'><strong>Liv,</strong></span> <span class='ocrx_word' id='word_1_277' title='bbox 169 3981 237 4045; x_wconf 76' lang='lat' dir='ltr'><strong>Epir.</strong></span> <span class='ocrx_word' id='word_1_278' title='bbox 253 4008 288 4016; x_wconf 91' lang='lat'>—</span> <span class='ocrx_word' id='word_1_279' title='bbox 296 3980 354 4028; x_wconf 88' lang='lat' dir='ltr'><strong>Dio.</strong></span> <span class='ocrx_word' id='word_1_280' title='bbox 368 4007 404 4020; x_wconf 88' lang='lat'><em>-</em></span> <span class='ocrx_word' id='word_1_281' title='bbox 414 3981 479 4029; x_wconf 83' lang='lat' dir='ltr'><strong>Plut.</strong></span> <span class='ocrx_word' id='word_1_282' title='bbox 489 3981 517 4028; x_wconf 89' lang='lat' dir='ltr'><strong>in</strong></span> <span class='ocrx_word' id='word_1_283' title='bbox 527 3983 617 4044; x_wconf 86' lang='lat' dir='ltr'><strong>Pomp.</strong></span> <span class='ocrx_word' id='word_1_284' title='bbox 628 3991 654 4027; x_wconf 81' lang='lat' dir='ltr'><strong>et</strong></span> <span class='ocrx_word' id='word_1_285' title='bbox 665 3980 720 4028; x_wconf 76' lang='lat' dir='ltr'><strong>cn.</strong></span> <span class='ocrx_word' id='word_1_286' title='bbox 736 4007 771 4016; x_wconf 89' lang='lat'>-</span> <span class='ocrx_word' id='word_1_287' title='bbox 783 3979 840 4026; x_wconf 72' lang='lat' dir='ltr'><strong>vat.</strong></span> <span class='ocrx_word' id='word_1_288' title='bbox 851 3980 989 4037; x_wconf 55' lang='lat' dir='ltr'><strong>tresvir,</strong></span> <span class='ocrx_word' id='word_1_289' title='bbox 1004 3979 1028 4026; x_wconf 79' lang='lat'><strong>5.</strong></span> <span class='ocrx_word' id='word_1_290' title='bbox 1043 4007 1075 4016; x_wconf 90' lang='lat'>-</span> <span class='ocrx_word' id='word_1_291' title='bbox 1088 3979 1103 4044; x_wconf 76' lang='lat' dir='ltr'>S</span> <span class='ocrx_word' id='word_1_292' title='bbox 1117 3984 1174 4030; x_wconf 74' lang='lat' dir='ltr'><strong>XV.</strong></span> 
     </span>
     <span class='ocr_line' id='line_1_36' title="bbox 91 4060 1172 4130; baseline 0 -17"><span class='ocrx_word' id='word_1_293' title='bbox 91 4066 158 4114; x_wconf 85' lang='lat' dir='ltr'><strong>Cic.</strong></span> <span class='ocrx_word' id='word_1_294' title='bbox 174 4065 202 4112; x_wconf 92' lang='lat' dir='ltr'><strong>in</strong></span> <span class='ocrx_word' id='word_1_295' title='bbox 211 4066 295 4113; x_wconf 81' lang='lat' dir='ltr'><strong>Vatin.</strong></span> <span class='ocrx_word' id='word_1_296' title='bbox 306 4083 361 4130; x_wconf 88' lang='lat' dir='ltr'><strong>cap.</strong></span> <span class='ocrx_word' id='word_1_297' title='bbox 376 4066 406 4111; x_wconf 83' lang='lat'><strong>15</strong></span> <span class='ocrx_word' id='word_1_298' title='bbox 420 4077 446 4112; x_wconf 82' lang='lat' dir='ltr'><strong>et</strong></span> <span class='ocrx_word' id='word_1_299' title='bbox 458 4063 497 4111; x_wconf 80' lang='lat'><strong>16.</strong></span> <span class='ocrx_word' id='word_1_300' title='bbox 510 4091 546 4102; x_wconf 55' lang='grc' dir='ltr'><strong>ν-</strong></span> <span class='ocrx_word' id='word_1_301' title='bbox 561 4064 624 4112; x_wconf 78' lang='lat' dir='ltr'><strong>rtur.</strong></span> <span class='ocrx_word' id='word_1_302' title='bbox 636 4089 670 4100; x_wconf 90' lang='lat'><strong>-·</strong></span> <span class='ocrx_word' id='word_1_303' title='bbox 683 4063 792 4126; x_wconf 74' lang='lat' dir='ltr'><strong>Appiam.</strong></span> <span class='ocrx_word' id='word_1_304' title='bbox 811 4063 866 4110; x_wconf 89' lang='lat' dir='ltr'><strong>Civ.</strong></span> <span class='ocrx_word' id='word_1_305' title='bbox 883 4060 928 4108; x_wconf 88' lang='lat' dir='ltr'><strong>lib.</strong></span> <span class='ocrx_word' id='word_1_306' title='bbox 948 4062 981 4108; x_wconf 92' lang='lat' dir='ltr'><strong>ll.</strong></span> <span class='ocrx_word' id='word_1_307' title='bbox 996 4063 1091 4110; x_wconf 83' lang='lat' dir='ltr'><strong>-Val</strong></span> <span class='ocrx_word' id='word_1_308' title='bbox 1105 4066 1172 4114; x_wconf 82' lang='lat' dir='ltr'><strong>Max.</strong></span> 
     </span>
     <span class='ocr_line' id='line_1_37' title="bbox 93 4147 298 4205; baseline 0.005 -9"><span class='ocrx_word' id='word_1_309' title='bbox 93 4150 148 4205; x_wconf 85' lang='lat' dir='ltr'><strong>tv,</strong></span> <span class='ocrx_word' id='word_1_310' title='bbox 160 4147 184 4196; x_wconf 86' lang='grc'><strong>6.</strong></span> <span class='ocrx_word' id='word_1_311' title='bbox 195 4175 231 4186; x_wconf 92' lang='lat'>-</span> <span class='ocrx_word' id='word_1_312' title='bbox 239 4149 298 4197; x_wconf 83' lang='lat' dir='ltr'><strong>Dio.</strong></span> 
     </span>
    </p>
   </div>
   <div class='ocr_carea' id='block_1_4' title="bbox 0 0 1442 4900">
    <p class='ocr_par' dir='ltr' id='par_1_7' title="bbox 0 0 1442 4900">
     <span class='ocr_line' id='line_1_38' title="bbox 0 0 1442 4900; baseline 0 2"><span class='ocrx_word' id='word_1_313' title='bbox 0 0 1442 4900; x_wconf 95' lang='lat' dir='ltr'><strong> </strong></span> 
     </span>
    </p>
   </div>
  </div>
 </body>
</html>
