2875 4900
313 358 366 431 IN
398 359 512 427 LOC.
535 358 630 427 LIB.
655 360 728 427 CII
759 360 974 429 LIVIANI.
1108 362 1180 447 415

106 477 219 545 multis
239 480 429 544 lanistarum
452 480 646 567 comparatis
670 480 819 562 familiis,
842 481 1012 563 inimicos,
1031 484 1122 571 quasi
1139 486 1179 549 ad

104 582 170 645 vim
185 582 237 645 his
251 603 391 662 usurus,
408 596 616 645 exterruerat.
634 580 834 646 Gladiatorio
851 584 980 647 muneri
995 601 1029 648 et
1045 586 1179 673 epulum

104 680 232 762 adjecit.
252 681 306 745 Ob
322 682 379 745 bas
393 680 602 771 largitiones,
624 698 657 745 et
673 684 749 770 quia
769 682 898 747 dudum
921 702 1052 749 curator
1068 689 1180 777 Appia

103 783 162 846 viar
179 799 324 868 creatus,
343 783 484 847 multum
500 782 541 846 de
557 806 618 848 suo
634 783 853 871 impenderat,
867 786 1045 851 maximum
1058 787 1120 853 sibi
1133 790 1181 851 fa·

101 907 216 949 rorem
237 885 352 974 populi
375 884 568 949 conciliavit.
589 884 652 949 Sed
674 900 707 947 et
732 886 813 949 illud
835 887 946 951 laetum
971 889 1070 978 vulgo
1095 890 1178 972 fuit,

103 986 194 1073 quod
211 1003 465 1051 monumentum
481 989 518 1050 C.
536 986 630 1050 Marii
644 986 685 1052 de
701 987 882 1074 Iugurtha,
898 986 1006 1075 deque
1020 990 1177 1073 Cimbris,

101 1088 194 1175 quod
211 1090 299 1153 Sulla
317 1088 501 1169 disjecerat,
517 1112 536 1151 a
550 1090 671 1153 Coesare
689 1104 739 1151 est
755 1089 955 1155 restitutum.

146 1192 224 1256 XII.
245 1194 276 1255 Is
293 1206 412 1255 statuas
435 1191 529 1255 Marii
554 1206 586 1253 et
608 1206 730 1277 tropaea
746 1189 829 1253 clam
850 1191 1004 1255 fabricata
1025 1210 1126 1258 noctu
1142 1195 1177 1259 in

99 1293 263 1382 Capitolio
286 1293 407 1381 posuit.
430 1291 589 1355 Postridie
611 1313 714 1379 quum
738 1292 809 1353 auri
827 1290 982 1379 splendor
999 1308 1032 1355 et
1048 1293 1178 1359 artificis

99 1395 261 1461 industria
274 1394 387 1457 oculos
399 1393 572 1457 hominum
586 1392 785 1468 adverteret,
803 1409 972 1457 momento
983 1417 1042 1481 per
1055 1396 1177 1461 Urbem

99 1498 232 1563 deditus
249 1518 379 1577 rumor,
395 1496 562 1584 ingentem
578 1495 621 1559 ad
634 1495 669 1558 id
682 1496 905 1583 spectaculum
916 1519 1115 1563 concursum
1127 1523 1179 1565 ex·

98 1600 219 1664 citavit.
244 1597 295 1663 Ad
318 1595 485 1661 audaciam
501 1594 629 1676 juvenis
650 1596 780 1684 (neque
796 1596 885 1660 enim
901 1620 1100 1687 quemquam
1116 1602 1176 1666 fal-

98 1700 185 1763 lebat
202 1699 272 1779 ejus
288 1699 335 1762 rei
352 1696 501 1785 auctor),
519 1698 604 1761 inter
615 1696 762 1762 diversos
778 1696 982 1763 laudantium
997 1703 1175 1789 reprehen-

96 1800 315 1887 dentiumque
331 1815 459 1880 motus,
477 1799 618 1864 universi
636 1800 821 1888 stupebant

141 1903 235 1966 XIII.
255 1903 297 1965 At
314 1901 437 1965 inimici
461 1901 585 1989 magnis
607 1900 820 1983 clamoribus,
841 1900 876 1963 id
896 1901 1045 1966 videlicet
1069 1906 1187 1969 ambi-⁴

96 2004 187 2067 tione
205 2024 381 2066 munerum
399 2003 573 2090 quaesitum
592 2024 680 2083 esse,
703 2002 923 2083 testabantur,
940 2020 979 2067 ut
993 2003 1058 2067 hoc
1076 2006 1172 2094 palpo
1206 2001 1209 2005 ⁴

95 2105 337 2169 mansuefactus
354 2104 513 2192 populus,
532 2103 634 2168 instar
645 2104 762 2168 ferocis
775 2104 872 2192 equi,
887 2106 1025 2169 bmnum
1045 2106 1106 2170 sibi
1120 2107 1172 2171 in·

91 2206 146 2285 jici
164 2220 350 2294 pateretur:
362 2228 436 2268 nam
453 2206 512 2269 ista
529 2205 677 2293 prolecto
694 2206 848 2269 tentantis
857 2208 1048 2295 patientiam
1062 2208 1171 2273 homi·

94 2328 196 2382 num,
214 2320 248 2371 et
262 2306 347 2369 viam
364 2305 406 2369 ad
422 2329 560 2397 regnum
579 2306 742 2371 molientis
760 2330 839 2372 esse.

137 2408 228 2474 xlv.
245 2408 367 2472 Contra
385 2408 601 2474 marianarum
616 2409 758 2497 partium
772 2410 938 2493 homines,
956 2411 1072 2501 ingens
1085 2414 1171 2478 mul·

93 2509 204 2575 timdo
222 2512 337 2599 plausu
360 2510 545 2598 complebat
567 2511 784 2600 Capitolium,
807 2512 1017 2601 profusisque
1032 2515 1074 2578 ad
1089 2539 1170 2582 oon·

92 2629 244 2700 spectum
268 2627 448 2676 statuarum
467 2635 533 2699 prae
552 2612 672 2702 gaudio
694 2615 861 2702 lacrymis,
880 2615 1037 2680 Caesarem
1056 2618 1169 2684 faustis

90 2713 229 2777 vocibus
245 2713 478 2800 ominibusque
494 2714 796 2801 prosequebantur,
815 2739 920 2792 unum
936 2718 1086 2783 omnium
1099 2719 1169 2784 asli·

91 2815 194 2878 nitate
212 2816 247 2878 C.
271 2814 367 2878 Marii
384 2813 520 2903 dignum
537 2814 758 2904 praedicantes.
779 2818 900 2880 Coacto
922 2816 1009 2880 hanc
1031 2817 1076 2882 ob
1098 2841 1167 2884 rem

90 2933 228 2998 senatu,
248 2917 287 2998 Q.
305 2916 440 2980 Catulus
457 2937 611 2980 accirsans
626 2919 801 2998 Caesarem,
818 2918 904 2980 inter
914 2918 974 2982 alia
992 2918 1092 2982 multa
1109 2943 1169 2984 no-

88 3019 189 3082 bilem
208 3017 294 3082 illam
309 3040 424 3082 rocem
442 3018 548 3099 misit,
564 3049 577 3074 ι
589 3019 658 3084 Nec
680 3020 768 3083 enim
785 3019 850 3098 jam
868 3020 1027 3083 cuniculis
1043 3023 1165 3104 Caesar,

89 3119 171 3184 used
195 3119 373 3200 machinis,
395 3120 478 3207 petit
498 3120 733 3208 rempublicam
745 3150 769 3184 ι.
796 3122 909 3202 Quum
932 3136 1042 3184 autem
1060 3123 1167 3186 Caesar

86 3225 129 3287 ita
159 3221 402 3310 respondisset,
427 3239 465 3286 ut
489 3223 615 3286 senatui
637 3223 791 3311 probaret
812 3242 959 3302 causam,
985 3221 1164 3288 faventium

87 3327 169 3392 adeo
186 3341 265 3390 sunt
280 3325 378 3389 erecti
395 3324 511 3406 animi,
534 3343 571 3388 ut
587 3325 711 3388 nemini
730 3347 765 3390 se
780 3324 972 3388 submittere
990 3322 1162 3408 juberent,

86 3427 256 3492 adomnia
275 3447 392 3516 magna
408 3441 590 3502 natum,1et
611 3427 726 3514 populi
747 3425 864 3492 studiis
880 3443 1163 3513 consequuturum

86 3529 258 3618 quidlibet.
769 3582 774 3599 .

128 3633 203 3696 XV.
227 3630 351 3696 Eodem
379 3653 466 3694 anno
491 3632 528 3694 C.
558 3627 729 3693 Cornelius
756 3628 930 3707 majestatis
955 3652 1049 3706 reus,
1074 3633 1162 3720 apud

86 3734 127 3816 Q.
148 3732 290 3798 Gallium
308 3747 501 3820 praetorem,
517 3755 536 3796 a
554 3731 711 3795 Cicerone
728 3729 917 3820 longissima
939 3731 1088 3795 oratione
1106 3731 1163 3796 de·

85 3837 196 3898 leneus
213 3849 279 3914 est,
306 3855 493 3921 quanquam
517 3831 559 3914 Q.
583 3832 798 3912 Hortensius,
824 3832 864 3914 Q.
888 3831 1039 3895 Metellus
1059 3833 1161 3912 Pius,

111 4046 128 4110 s
149 4049 194 4094 xl.
213 4047 270 4094 Dio.
292 4071 325 4082 -
339 4045 462 4094 Plutarch.
484 4047 509 4092 in
525 4046 587 4094 Ces.
603 4060 659 4108 cap.
672 4045 695 4090 8.
711 4071 745 4079 —
764 4045 865 4090 Sueton.
880 4068 914 4078 —
931 4039 947 4104 S
963 4043 1023 4088 ΧΠ.
1036 4041 1160 4090 Plutarch.

75 4159 108 4168 —
122 4133 235 4195 Propert.
249 4132 303 4204 111,
321 4145 367 4184 rr,
384 4147 407 4176 r.
420 4135 462 4184 qs».
