2875 4900
288 374 358 461 448
463 374 533 440 JO.
560 374 904 442 FREINSHEMII
933 374 1176 442 SUPPLEM.

289 493 427 573 divitiis,
446 492 657 581 potentiaque
679 516 807 557 summa
829 495 1010 559 bominem.
1033 496 1245 559 Conclamant
1259 515 1343 557 sena·

287 612 392 676 tores,
398 592 527 682 falsum
545 594 697 658 r'rrdicium
709 616 789 673 esse,
808 593 917 681 deque
934 616 972 658 ea
985 616 1021 657 re
1037 596 1204 681 postulant
1217 609 1255 657 ut
1269 594 1344 657 rele-

287 714 391 777 ratur,
405 719 479 784 pars
494 698 538 759 ita
550 696 726 759 sentientes
736 718 747 775 3
758 695 830 777 alii,
845 694 935 783 quod
947 695 1165 782 perleulosum
1179 694 1346 782 putabant,

286 798 547 887 potentissimum
559 798 666 859 virum
676 796 727 860 vel
736 819 814 861 vero
824 797 961 859 crimine
971 797 1168 885 praecipitem
1177 797 1246 885 agi;
1259 793 1345 859 multi

286 900 436 987 privatim
450 897 594 961 obnoxii.
609 898 731 985 Igitur,
745 898 937 961 consulente
952 898 1128 979 Cicerone,
1140 899 1293 985 frequens
1303 918 1345 960 se·

287 1017 383 1065 natus
407 999 567 1079 decrevit,
590 998 740 1061 indicium
749 997 881 1087 falsum
901 1000 1015 1064 videri.
1033 998 1175 1080 Quidam
1193 998 1345 1063 existIma·

287 1102 387 1183 bant,
408 1101 661 1165 machinatorem
678 1100 748 1179 ejus
763 1099 875 1165 indicii
891 1102 928 1165 P.
944 1101 1143 1165 Autronium
1155 1099 1273 1181 luisse,
1287 1121 1347 1185 qno

288 1202 393 1287 Crassi
415 1200 561 1289 potentia
580 1202 712 1288 reliquis
737 1201 889 1290 praesidio
911 1218 1013 1283 esse13
1037 1202 1090 1265 alii
1110 1202 1278 1265 Ciceronis
1292 1200 1347 1263 do-

287 1304 421 1383 lum,ut
430 1304 590 1367 Crassusa
601 1304 809 1391 suscipiendo
819 1304 1047 1391 improborum
1057 1305 1257 1391 patrocinio,
1266 1300 1346 1391 qnod

288 1404 346 1492 ipsi
356 1405 509 1491 frequens
518 1418 605 1481 erat,
616 1404 859 1469 absterreretur.
870 1405 981 1493 Ipsum
990 1406 1107 1493 utique
1114 1408 1268 1469 Crassum
1279 1426 1346 1491 que-
1376 1412 1379 1417 '

289 1523 415 1571 rentem
431 1505 591 1571 audivisse
609 1508 777 1571 Sallustius
793 1508 925 1590 scribit,
942 1525 1064 1572 tantam
1082 1508 1169 1572 illam
1184 1524 1346 1571 contume-

291 1607 366 1671 liam
381 1607 442 1670 sibi
459 1607 500 1670 ab
512 1608 669 1671 Cicerone
685 1608 888 1695 impositam,
901 1632 1095 1699 semperque
1111 1624 1225 1697 postea
1241 1609 1300 1673 luit
1312 1606 1346 1671 ab

291 1730 330 1771 eo
345 1706 491 1771 alienior.

332 1809 465 1872 XCVII.
490 1808 646 1877 Caesarem
668 1833 801 1898 quoque
823 1811 985 1875 nominari
1000 1834 1060 1900 per
1077 1811 1285 1900 Allobrogas,
1300 1822 1347 1871 ant

289 1900 386 1974 aliani
410 1908 570 1990 indicem,
592 1910 633 1992 Q.
653 1911 805 1991 Catulus,
826 1926 860 1973 et
883 1913 920 1975 C.
938 1910 1015 1975 Piso
1036 1912 1249 1978 vehementer
1269 1926 1347 1998 opta·

288 2027 367 2074 runt
377 2034 386 2093 ;
398 2010 455 2075 sed
470 2032 531 2073 nec
541 2032 656 2097 prece,
673 2034 735 2075 nec
745 2012 853 2098 pretio
865 2009 1052 2099 persuaderi
1065 2012 1218 2075 Ciceroni
1232 2010 1346 2099 potuit,

288 2128 327 2177 ut
342 2128 516 2201 pateretur.
534 2113 618 2174 Cum
636 2128 777 2199 utroque
792 2134 904 2201 graves
920 2111 1103 2175 inimicitias
1117 2113 1225 2177 Caesar
1238 2110 1345 2175 alebat:

288 2215 441 2279 Pisonem
461 2228 704 2301 oppugnaverat
720 2212 821 2276 modo
837 2213 871 2275 in
885 2211 1028 2293 jndicio,
1043 2228 1180 2300 propter
1196 2214 1346 2298 Transpa-

289 2315 365 2379 dani
391 2312 560 2394 cujusdam
582 2312 741 2391 injustum
769 2314 988 2401 supplicium,
1013 2335 1081 2400 quo
1105 2328 1217 2377 tamen
1237 2311 1347 2392 judicio
1396 2313 1397 2316 ’

289 2418 365 2482 Piso
382 2432 448 2499 eat,
471 2414 666 2480 defendente
687 2415 822 2479 consule
839 2415 1015 2495 Cicerone,
1030 2413 1222 2497 absolutns3
1241 2415 1282 2497 Q.
1297 2415 1347 2477 Ca·

290 2519 378 2582 tulus
397 2533 539 2580 extrema
555 2531 666 2596 aetate,
689 2516 836 2580 maximis
858 2515 1040 2580 bonoribus
1062 2538 1162 2596 usus,
1185 2518 1307 2581 rictum
1320 2535 1348 2577 se

290 2618 447 2681 aCaesare
462 2617 497 2679 in
513 2616 671 2704 petitione
692 2615 901 2704 pontificatus
923 2617 1204 2706 impatientissime
1227 2617 1347 2682 ferebat

291 2719 407 2807 Nuper
417 2718 503 2782 enim
515 2717 556 2800 Q.
567 2717 699 2780 Metello
711 2718 770 2780 Pio
784 2733 931 2797 mortuo,
944 2740 1047 2805 quum
1056 2716 1221 2804 pontificis
1230 2712 1349 2781 maximi

291 2835 418 2886 vacaret
433 2819 541 2898 locus,
556 2819 596 2882 T.
613 2817 775 2882 Labienus
791 2819 895 2907 legem
907 2818 1041 2900 tulerat,
1054 2834 1105 2900 ut,
1122 2819 1282 2907 abrogata
1293 2817 1349 2905 lege

295 2921 440 2986 Cornelia
447 2970 458 3002 ,
471 2932 502 2984 et
514 2933 658 2984 revocata
672 2921 814 2984 Domitia
823 2967 834 2999 ,
843 2919 980 3008 populus
993 2921 1171 2984 sacerdonis
1181 2921 1348 2986 maderet.

292 3023 406 3088 Fiebat
419 3023 484 3086 hoc
501 3021 536 3084 in
554 3021 686 3085 Caesaris
707 3021 859 3109 gratiam,
878 3045 977 3109 qnem
994 3024 1040 3086 ita
1055 3023 1186 3088 fovebat
1202 3023 1348 3113 populus,

292 3139 330 3187 ut
347 3122 427 3186 nihil
443 3143 510 3184 non
530 3119 571 3184 ad
587 3121 823 3186 demerendum
841 3145 916 3186 eum
934 3126 1079 3187 facturus
1093 3123 1270 3189 videretur.

337 3223 487 3284 XCVIII.
504 3223 619 3309 Itaque
634 3221 709 3286 lieet
722 3221 790 3308 duo
804 3224 923 3289 summi
935 3223 1013 3305 viri,
1029 3226 1070 3306 Q.
1078 3225 1228 3309 Catulus,
1240 3229 1275 3292 P.
1285 3225 1351 3288 ser·

293 3323 386 3386 vilius
406 3321 568 3386 Isauricus
588 3339 754 3412 peterent,
775 3327 882 3390 Caesar
899 3326 983 3390 nibil
1002 3327 1148 3409 territus,
1167 3349 1204 3392 se
1218 3323 1350 3393 ostendit

293 3421 549 3510 competitorem.
567 3425 609 3487 Et
622 3425 772 3506 Catulus,
788 3442 911 3513 quanto
927 3426 1030 3507 major
1042 3429 1136 3492 annis
1148 3451 1187 3492 ac
1204 3429 1349 3519 dignitate

295 3539 380 3606 erat,
395 3523 574 3611 impensius
587 3525 704 3590 timens
716 3529 893 3614 repulsam,
907 3551 967 3615 per
979 3545 1083 3593 certos
1095 3529 1248 3594 homines
1259 3529 1350 3618 egisse

295 3647 372 3688 cum
388 3626 510 3688 Caesare
526 3623 713 3706 dicebatur,
732 3649 847 3716 magna
866 3645 994 3693 ostensa
1010 3629 1177 3711 mercede,
1194 3649 1266 3695 uta
1278 3628 1350 3717 peti·

294 3725 383 3790 tione
407 3723 583 3790 desisteret.
605 3727 663 3791 Ille
685 3744 817 3810 contra,
834 3731 931 3819 longe
955 3733 1110 3812 majorem
1129 3755 1165 3796 se
1181 3733 1349 3822 impensam

295 3827 456 3890 facturum
470 3827 504 3890 in
521 3827 666 3908 comitia,
677 3827 858 3898 declaravit.
871 3833 941 3897 Nec
949 3834 1056 3898 verbis
1069 3833 1175 3897 abfuit
1184 3832 1265 3898 fides
1274 3857 1283 3914 ς
1293 3849 1351 3895 tan·

332 4033 349 4098 s
361 4035 454 4084 XCVI.
466 4033 565 4082 Sallust.
576 4059 611 4070 —
623 4034 687 4084 Plut.
700 4035 727 4082 in
737 4037 834 4086 ctum.
843 4065 879 4074 -
888 4038 946 4086 nio.
955 4065 991 4076 -·
1000 4038 1016 4103 S
1025 4041 1129 4088 xcvn.
1139 4041 1236 4090 Sallust.
1248 4067 1282 4078 -
1293 4039 1349 4086 etur.

296 4115 323 4162 in
334 4115 395 4164 Cas.
405 4143 441 4160 ι·-
452 4112 505 4164 ctc'.
516 4133 563 4180 pro
576 4115 674 4176 Flacco,
688 4133 743 4182 cap.
753 4120 794 4183 39.
809 4147 845 4158 -
855 4122 919 4170 Vell.
933 4124 971 4180 11,
989 4124 1031 4178 43,
1042 4150 1078 4160 -
1089 4124 1148 4176 Dio.
