2875 4900
291 44 308 103 ἔ*

278 184 307 239 h

224 324 274 393 IN
302 322 413 393 LOC.
439 322 535 391 LIB.
561 319 768 391 LXXXIII
797 319 1012 390 lettttl.
1081 316 1148 389 135

105 442 282 507 -suetudine
302 464 436 507 romana
457 462 591 531 prorsus
610 441 714 505 aliena
734 452 831 520 sunt,
843 438 946 520 absit,
964 456 1002 503 ut
1018 440 1150 505 taleoli·

103 543 193 629 «quid
207 544 242 607 in
256 560 399 609 mentem
414 542 509 619 nobis
526 542 645 607 veniat.

137 644 214 709 XLI.
234 646 419 711 dtabmtur
436 643 530 731 greci
550 642 710 723 nominis,
725 654 768 705 et
789 640 983 707 celebritatis
1002 640 1103 722 Asiae,
1118 656 1153 704 et

102 744 310 832 nregnationis
327 760 446 809 nostru
458 744 558 825 rutio;
575 743 771 831 mulctaeque
785 740 923 808 modum
935 742 1045 830 potius
1055 741 1153 806 mise·

102 845 262 929 socordia,
273 869 373 933 quam
385 847 433 910 ira
446 844 557 911 finiat:
574 843 665 933 quod
678 845 821 909 faustum
830 844 974 931 felixque
983 843 1152 931 sit„quin·

101 947 242 1033 «quennii
264 947 425 1013 tributum
444 946 666 1035 representari
687 944 811 1025 jube03
833 959 866 1011 et
888 959 1041 1031 preterea
1061 965 1153 1007 sum·

100 1067 198 1138 «ptus,
214 1052 338 1140 quique
355 1052 494 1141 impensi
515 1052 643 1117 suntin
663 1051 728 1115 hoc
749 1048 891 1125 bellum,
914 1048 1039 1136 quique
1053 1069 1153 1136 porro

99 1151 151 1215 «ad
165 1152 423 1222 constituendam
438 1152 639 1241 provinciam
653 1167 754 1217 erunt
769 1150 951 1218 necessarii.
965 1150 1045 1214 Earn
1060 1150 1154 1213 colh-

99 1253 229 1317 aionem
252 1276 315 1343 ego
334 1276 393 1343 per
412 1254 556 1320 civitates
575 1252 738 1333 dividam,
755 1266 950 1339 tempusque
963 1249 1153 1315 conferendi

97 1353 283 1439 «praefiniam
294 1378 303 1435 3
323 1370 357 1419 et
376 1355 434 1443 qui
456 1378 523 1419 non
548 1352 863 1443 obtemperaverint,
879 1374 936 1416 eos
948 1351 1078 1417 habebo
1091 1375 1152 1440 pro

97 1453 295 1521 «hostibus»
317 1457 366 1521 En
386 1472 529 1544 quantor
550 1472 585 1521 et
609 1453 823 1545 quadraginta
843 1454 1031 1543 regionibus
1050 1454 1152 1533 uste,

97 1570 137 1619 tot
152 1557 239 1621 euim
254 1580 295 1623 ex
310 1556 541 1623 distributione
557 1557 654 1623 Sullee
669 1578 741 1621 esse
757 1568 937 1643 eruperant,
951 1554 1065 1643 viginti
1077 1555 1151 1617 mil-

97 1654 129 1717 lia
140 1657 334 1723 talentorum
352 1658 403 1721 his
421 1657 611 1723 nominibus
627 1673 737 1723 exacta
756 1671 851 1737 sunt,
867 1655 1087 1743 Lucullusque
1101 1678 1152 1721 re·

96 1755 255 1843 dpicndis,
271 1780 343 1847 quet
354 1758 593 1840 afferebantur,
606 1773 643 1821 et
656 1754 822 1846 sivrandte
834 1755 980 1844 pecunim
994 1757 1149 1843 pmeposi-

97 1868 156 1931 tus,
171 1856 245 1921 licet
259 1858 361 1923 homo
379 1858 466 1923 mitis
481 1858 602 1946 ingeni}
620 1880 688 1931 non¹
707 1858 791 1921 nihil
805 1856 949 1921 civitates
965 1872 1152 1921 mansuetu·

33 1960 35 2091 J
96 1952 159 2021 dine
175 1980 233 2023 sua
254 1960 465 2041 refocillaret,
488 1958 617 2025 efficere
638 1982 705 2023 non
724 1959 852 2047 potuit,
869 1980 912 2022 ne
930 1957 1101 2046 maximam
1115 1959 1149 2021 in

95 2057 293 2125 mhmintem
312 2060 504 2137 inciderent.
638 2104 643 2115 ·
851 2112 856 2119 -

129 2158 223 2225 XLII.
247 2160 332 2227 Nem
355 2176 388 2225 et
410 2162 557 2249 pecunie
575 2160 783 2229 conficiendae
807 2184 922 2242 muso,
939 2161 1016 2249 quia
1030 2160 1148 2226 milites

92 2260 227 2325 ferociter
245 2277 280 2327 et
299 2263 534 2351 contumeliose
553 2262 743 2352 exigebant,
766 2263 885 2349 passim
903 2261 1148 2325 foeneratoribus

94 2357 219 2437 theatra,
233 2376 292 2426 eut
310 2362 448 2445 moenia,
466 2378 523 2427 aut
538 2378 672 2453 portus,
692 2364 792 2429 aliave
806 2363 935 2452 publica
949 2361 1081 2435 aedificia
1095 2363 1147 2452 pi·
1207 2357 1212 2368 ’

92 2463 172 2544 gnori
191 2464 341 2552 opposita
357 2480 452 2548 sunt3
466 2481 500 2530 et
513 2464 628 2531 eodem
642 2482 789 2554 tempore
802 2488 920 2554 magna
935 2489 954 2529 o
967 2466 1078 2553 piratis
1091 2465 1146 2528 in·

33 2641 34 2666 Χ
92 2561 249 2628 commoda
266 2563 498 2631 inferebantur.
518 2567 569 2631 Illi
581 2565 780 2634 Mithridatis
793 2566 1024 2647 concessione,
1038 2567 1146 2640 Asiam

33 2693 34 2750 3
92 2675 231 2750 tanquam
257 2687 335 2730 mox
353 2666 565 2730 amittendam
586 2667 795 2758 negligentis,
813 2690 901 2739 mare
918 2668 1073 2732 infestum
1090 2666 1148 2736 bc·
1216 2697 1221 2706 ·

33 2789 34 2794 ¹
91 2758 154 2827 bere
172 2783 357 2855 ooepersnt3
374 2783 407 2833 et
422 2769 488 2849 jam
509 2791 659 2834 successu
675 2791 881 2857 numeroque
897 2769 1003 2850 aucti,
1018 2784 1146 2838 tantum

92 2881 146 2926 uon
160 2867 257 2946 justis
277 2867 452 2949 classibus,
473 2885 543 2934 tum
561 2869 805 2958 navigantibus,
826 2885 898 2938 tum
918 2869 1020 2940 etiam
1029 2883 1145 2956 portu·

92 2957 159 3044 bus,
181 2968 339 3048 castellis,
361 2969 563 3056 urbibusque
590 2969 779 3051 metuendi,
804 2970 1014 3058 vagabantur.
1037 2968 1145 3034 lassus

92 3079 177 3146 terte,
188 3067 372 3156 sumusque
383 3085 417 3134 et
429 3070 647 3151 Clazomenae,
660 3085 693 3136 et
705 3070 932 3149 Samothrace,
945 3066 1028 3133 dum
1037 3066 1146 3134 adhuc

92 3161 115 3224 in
127 3166 196 3230 Asia
205 3168 295 3234 Sulla
307 3185 390 3250 erat,
402 3185 502 3258 raptae
513 3186 608 3252 sunt,
620 3170 914 3257 Samotiuaciteque
924 3168 1051 3238 celebre
1061 3168 1146 3232 famu

91 3260 248 3334 delubrum
265 3270 456 3358 spoliatum,
469 3286 519 3362 et,
532 3287 570 3336 ut
581 3271 742 3338 creditum
754 3269 834 3353 ft,
846 3270 934 3334 mille
948 3270 1144 3336 talentorum

91 3381 180 3451 egesta
193 3386 388 3435 ornamenta
401 3389 489 3438 sunt.

123 3467 232 3534 XLIlI.
260 3468 299 3534 ld
317 3471 403 3537 Sulla
424 3495 484 3538 nec
504 3474 696 3561 prohibere,
714 3495 776 3538 nec
791 3473 902 3538 ulcisci
921 3473 1065 3553 curavit3
1076 3474 1143 3538 sive

91 3569 204 3636 meritos
217 3571 289 3636 hmo
303 3573 369 3659 poti
386 3573 539 3660 putabat,
554 3575 620 3638 sive
632 3574 766 3640 urbanis
780 3574 925 3641 motibus
937 3574 1079 3638 intentas
1091 3597 1144 3638 oo·
1234 3593 1237 3599 ·

90 3663 243 3748 giutioms
255 3671 447 3756 habentem,
462 3675 532 3740 aliis
544 3676 681 3764 negotiis
692 3673 824 3765 pigebat
837 3691 967 3763 ternpus
977 3691 1075 3762 atque
1086 3697 1144 3738 ou-

90 3785 144 3830 ram
158 3769 355 3860 impendere.
372 3775 475 3864 Igitur
490 3777 525 3840 L.
544 3775 689 3842 Muroena
703 3798 780 3842 cum
796 3774 925 3841 duabus
939 3774 1141 3862 legionibus,

113 3973 195 4036 sttt
207 3949 348 4032 nasoon.
359 3983 569 4040 cumo-etat
579 3985 607 4034 to
619 3983 697 4044 suu,
713 4001 770 4056 cap.
783 3983 906 4049 soatio
919 3981 1034 4039 tuoto,
1050 3983 1139 4047 cuel·

91 4079 117 4091 -
127 4059 224 4128 ippum
238 4065 351 4118 tecet.
