2875 4900
296 376 352 447 ΙΝ
377 376 486 445 LOC.
513 374 609 443 LIB.
637 374 725 443 CVI
757 376 969 446 LIVlANI.
1101 372 1170 448 585

101 522 144 565 ne
160 500 338 585 intercepta
357 494 592 585 intelligeretur
606 492 647 559 ab
664 493 834 579 hostibus,
850 496 1002 561 nuntiat:
1017 517 1087 560 eam
1104 498 1172 586 gal·

100 604 152 666 lus
172 600 305 689 quidam
326 620 444 687 eques,
468 620 526 686 per
541 596 750 686 popularium
770 612 874 661 eastra
894 599 965 663 sine
986 599 1173 686 suspicione

99 720 338 793 transgressus,
352 700 513 789 alligatam
527 698 660 789 tragulae
673 698 760 763 intra
774 700 895 765 vallum
908 700 1007 765 misit.

145 805 219 869 XV.
236 802 336 885 Galli,
352 801 485 866 Caesaris
498 798 641 865 adventu
655 822 714 889 per
730 802 948 888 exploratores
959 804 1110 893 cognito,
1126 824 1175 866 re·

99 906 177 969 licta
199 903 393 984 obsidione,
418 924 495 967 cum
518 901 674 965 omnibus
693 901 814 990 copiis,
839 901 1011 967 bominum
1030 902 1174 965 millibus

99 1008 205 1072 ferme
220 1006 401 1095 sexaginta,
421 1003 550 1069 obviam
571 1002 767 1091 procedunt.
785 1004 953 1068 Romanus
969 1004 1093 1069 viribus
1110 1003 1173 1067 im·

98 1130 179 1197 par,
199 1106 334 1171 consilio
349 1104 478 1194 potior,
496 1120 535 1168 ut
553 1104 682 1171 hostem
705 1105 738 1167 in
756 1120 981 1194 contemptum
1000 1107 1052 1170 sui
1067 1104 1173 1171 addu-

97 1224 207 1290 ceret,
223 1224 327 1273 castra
341 1229 401 1296 per
416 1229 451 1273 se
468 1222 604 1296 propter
617 1206 812 1296 paucitatem
827 1224 1026 1271 armatorum
1042 1208 1174 1296 exigua,

97 1312 200 1377 etiam
222 1310 264 1375 de
285 1308 445 1374 industria
462 1308 636 1373 contrahit.
657 1308 703 1373 Ea
719 1307 883 1373 simulatio
903 1310 1030 1375 timoris
1048 1308 1175 1397 decepit

97 1413 230 1491 Gallos,
250 1426 289 1476 ut
304 1426 459 1499 tanquam
473 1409 515 1489 ad
530 1409 657 1474 facilem
673 1406 837 1497 praedam,
851 1408 887 1471 in
900 1409 1011 1475 locum
1022 1409 1174 1497 iniquum

97 1513 316 1579 succederent
337 1529 441 1579 castra
468 1510 708 1600 oppugnaturi,
733 1531 831 1591 mox,
858 1527 1050 1599 erumpente
1073 1510 1177 1600 portis

98 1616 258 1679 omnibus
280 1635 418 1679 romano
444 1612 606 1695 exercitu,
629 1628 786 1700 tanquam
804 1612 916 1678 subito
936 1635 1014 1677 casn
1029 1613 1177 1695 attoniti,

98 1717 225 1797 majore
243 1715 508 1781 consternatione
526 1714 796 1802 percellerentur,
815 1736 913 1802 quam
930 1716 1027 1803 paulo
1045 1730 1121 1779 ante
1136 1714 1176 1780 fi-

99 1818 200 1883 ducia
215 1818 461 1883 exsultaverant.
480 1816 619 1906 Magnus
638 1816 751 1904 primo
772 1816 897 1904 impetu
918 1816 1109 1882 interfectus
1127 1832 1178 1880 est

99 1942 282 2002 numerus;
297 1920 423 2002 caeteri,
439 1919 537 1984 arnus
552 1917 703 1999 abjectis,
720 1919 887 2006 fugerunt.

146 2020 236 2087 XVI.
259 2020 410 2085 Victoriae
433 2042 567 2103 rumor,
589 2016 775 2084 incredibili
797 2016 958 2083 celeritate
981 2020 1122 2107 perlatus
1142 2019 1176 2083 in

99 2122 267 2206 Rhemos,
280 2120 562 2204 Indutiomarum,
578 2119 636 2209 qui
648 2136 781 2209 postero
794 2118 848 2185 die
861 2134 963 2185 castra
973 2120 1106 2185 Labieni
1120 2143 1179 2209 op-

99 2246 252 2313 pugnare
266 2223 495 2305 oonstituerat,
511 2223 555 2286 ita
565 2221 804 2310 perterrefecit,
816 2236 855 2285 ut
867 2220 981 2286 eadem
993 2237 1090 2286 nocte
1100 2245 1177 2312 pro·

98 2328 242 2415 fugeret.
252 2326 397 2416 Atlonge
405 2324 531 2389 diversa
539 2324 574 2388 in
583 2323 680 2388 simili
688 2324 858 2413 proposito
866 2324 999 2389 fortuna
1007 2326 1178 2392 M.Crasso

101 2427 178 2493 fuit.
192 2428 225 2491 Is
235 2449 370 2516 quoque
381 2426 513 2492 Cesaris
526 2424 751 2504 emulatione,
763 2426 871 2516 magni
884 2425 977 2491 ducis
988 2450 1108 2494 nomen
1119 2453 1179 2518 po-

102 2529 307 2616 tentiamque
329 2529 421 2594 bellis
440 2515 585 2594 serendis
608 2528 763 2615 aucupari
785 2545 911 2611 certus,
988 2545 1102 2617 tquam
1119 2555 1178 2620 pa-

99 2647 209 2698 catam
226 2632 351 2720 Syriam
367 2630 473 2714 videt,
492 2653 580 2694 arma
600 2629 751 2711 Parthis,
771 2629 847 2695 licet
862 2653 970 2719 neque
983 2655 1080 2695 <ausa
1095 2649 1179 2698 esset

100 2733 200 2814 belli,
224 2753 332 2820 neque
350 2747 480 2798 senatus
499 2747 613 2796 auctor
629 2731 819 2813 exstitisset,
842 2731 963 2797 inferre
985 2734 1091 2821 coepit.
1114 2732 1179 2798 Sed
1219 2782 1231 2812 ,

102 2858 214 2924 neque
230 2834 290 2898 alia
307 2834 336 2899 ei
353 2833 569 2924 suppetebant
587 2832 628 2896 ad
644 2833 821 2898 caemrianae
835 2833 954 2899 indolis
973 2833 1126 2916 modum,
1146 2851 1179 2898 et

101 2938 207 3002 homo
234 2935 337 3016 major
360 2935 453 3000 annis
476 2934 661 3023 sexaginta,
680 2934 763 2999 nibil
785 2935 862 2999 satis
885 2934 927 2999 ad
945 2951 1034 3000 tanta
1050 2937 1179 3026 negotia

100 3053 276 3127 vegetum,
300 3053 418 3124 praeter
438 3035 670 3124 cupiditatem,
689 3034 864 3118 afferebat5
879 3035 979 3123 idque
998 3057 1105 3124 nuper
1117 3035 1180 3102 du·

100 3139 194 3205 centi
205 3161 265 3227 per
275 3138 519 3228 Gallogroeciam
531 3136 657 3202 urbane
669 3135 899 3224 exprobratum
912 3159 1015 3226 arege
1025 3136 1180 3217 Dejotaro

101 3243 224 3306 fuerat.

149 3343 259 3407 XVII.
280 3343 379 3407 Hunc
399 3342 551 3424 Crassus,
569 3355 678 3405 exacta
688 3340 755 3420 jam
776 3355 888 3421 aetate,
906 3337 1104 3406 condentem
1119 3363 1180 3430 op-

100 3443 221 3533 pidum
244 3464 349 3529 quum
368 3441 579 3524 offendisset,
593 3439 835 3522 «Duodecima,
856 3441 984 3530 inquit,
1005 3441 1087 3506 hora
1101 3443 1179 3508 aedi·

99 3543 222 3625 alicus,
247 3543 399 3622 Dejotare
412 3575 435 3610 ι.
463 3545 548 3608 'lirin
568 3543 639 3624 ille,
657 3543 731 3607 «Ne
753 3559 792 3608 tu
813 3542 967 3630 quidem,
984 3542 1180 3634 imperator,

100 3679 113 3702 «ι
125 3646 205 3710 satis
218 3646 399 3709 matutinus
414 3645 581 3710 surrexisti
593 3645 626 3708 in
640 3645 809 3711 Parthos».
823 3644 888 3710 Sed
899 3646 954 3712 ille
965 3647 1078 3712 sitiens
1091 3648 1181 3726 auri,

100 3769 173 3836 quo
199 3747 337 3812 Parthos
360 3745 528 3812 abundare
550 3744 770 3836 intelligebat,
787 3762 821 3810 et
835 3769 959 3812 novum
975 3769 1103 3835 regem,
1120 3769 1182 3810 nec

99 3851 174 3912 sine
189 3848 293 3913 turbis
306 3847 341 3912 in
354 3849 474 3914 solium
486 3847 713 3914 Arsacidarum
727 3849 873 3930 enisum,
891 3865 1044 3939 superato
1054 3849 1180 3912 facilem

138 4051 155 4116 s
171 4053 231 4100 XV,
249 4054 332 4100 From.
345 4053 420 4102 Strat.
434 4054 487 4112 lll,
503 4067 542 4113 17·
558 4079 593 4090 -
608 4053 669 4102 Ces.
682 4079 716 4092 -
730 4051 746 4116 S
759 4055 831 4102 xvl.
846 4052 905 4102 Dio.
920 4079 955 4088 -
974 4053 1081 4116 Appiae.
1098 4053 1180 4103 Parth.

99 4163 138 4174 -
150 4135 217 4184 Plut.
230 4135 257 4183 in
270 4135 368 4185 Crasso.
