2875 4900
263 344 335 444 696
438 350 508 416 ro,
535 345 880 423 anulusuauu
909 317 1152 412 sonatan.

307 467 373 532 XL.
388 467 451 536 Sed
466 469 577 558 paucis
592 482 667 533 ante
685 465 812 546 diebus,
827 486 925 553 quam
940 463 976 526 in
992 478 1183 555 potestatem
1198 464 1324 530 canus

263 567 401 632 Massilia
420 568 629 650 concederet,
645 570 680 633 L.
690 567 853 631 Domitius
866 588 944 629 cum
958 587 1024 628 una
1038 588 1120 632 nave
1131 567 1324 654 profugerat.

263 669 321 732 His
336 671 436 734 rebus
453 670 498 734 ita
513 670 627 759 gestis,
644 672 764 750 Caesar,
779 667 950 755 praemissis
962 666 1089 752 aliquot
1099 666 1281 755 legionibus
1292 667 1323 727 in

262 771 405 854 ltaliam,
424 771 582 860 proficisci
606 769 648 836 ad
670 770 794 834 Urbem
818 767 948 850 statuit,
970 765 1061 856 quod
1082 788 1117 830 se
1139 765 1324 832 dictatorem

262 893 332 936 esse
354 871 478 936 dictum
495 873 649 938 Narbone
667 886 874 960 cognoverat.
898 871 980 932 Rem
1002 883 1124 932 tantam
1144 885 1325 957 temporum

262 971 371 1060 potius
392 973 536 1054 licentia,
554 995 653 1061 quam
667 971 741 1052 jure
757 988 792 1035 et
809 993 901 1034 more
916 969 1094 1050 majorum,
1117 970 1163 1034 M.
1177 970 1326 1034 AEmilius

262 1071 279 1134 Ι
282 1070 403 1158 epidus
423 1088 541 1162 praetor
561 1072 755 1160 perfecerat,
777 1070 823 1152 is,
844 1071 902 1158 qui
917 1086 1030 1158 postea
1045 1093 1123 1134 cum
1137 1072 1283 1136 Antonio
1297 1090 1327 1136 et

263 1171 440 1236 Octaviano
448 1174 569 1239 caesare
584 1172 824 1237 triumviratum
837 1171 965 1236 invasit.
979 1171 1075 1235 Falso
1087 1171 1175 1236 credi
1179 1174 1326 1254 jactabat,

262 1275 324 1336 ru'si
332 1295 353 1336 a
364 1273 490 1338 consule
501 1274 688 1340 dr'etatorem
700 1274 934 1360 diet'uortposse
941 1297 954 1351 ;
967 1296 1044 1336 uam
1052 1287 1085 1338 et
1090 1272 1166 1336 olim
1174 1297 1197 1336 a
1206 1275 1328 1338 tribuno

262 1371 397 1436 ruib'tum
409 1375 452 1439 A.
464 1373 610 1439 Cornelio
621 1376 819 1438 Mamercum
828 1373 997 1438 AEmibium
1009 1374 1131 1438 dictum
1141 1398 1205 1437 esse
1214 1375 1255 1438 de
1266 1399 1328 1438 sen·

261 1476 362 1538 teatio
371 1473 505 1564 collegii,
517 1497 614 1564 qutun
624 1475 733 1540 itr'a'em
733 1487 863 1564 propter
871 1477 1113 1562 inteuapestr'ram
1119 1474 1327 1568 quorumdam

262 1574 487 1640 dubitationem
505 1597 640 1664 augures
660 1577 782 1640 romuli
801 1592 927 1640 serratus
944 1577 1117 1640 censuisset.
1139 1578 1189 1639 Ita
1209 1577 1327 1641 caeteris

262 1675 459 1740 invitissimis
473 1678 678 1765 propositum
691 1676 833 1765 Lepidus
850 1677 973 1757 tenuit,
991 1691 1121 1740 senatus
1143 1693 1254 1741 tamen
1270 1677 1327 1741 ob-

263 1773 400 1840 tendens
413 1777 638 1842 auctoritatem
652 1779 831 1868 populique
838 1777 984 1859 jussum5
996 1800 1100 1864 quum
1114 1778 1149 1840 in
1163 1779 1217 1844 his
1231 1782 1329 1844 nomi·

264 1875 360 1940 nibus
377 1876 460 1942 nihil
476 1892 562 1960 tum,
579 1895 695 1966 praeter
712 1879 780 1967 ipsa
798 1878 950 1960 nomina,
964 1879 1058 1944 foret.

306 1978 392 2042 XLI.
410 1977 471 2044 Sed
493 2001 582 2042 arma
601 1979 746 2043 hostium
765 1996 863 2068 atque
879 1978 953 2057 jura
974 1980 1094 2043 civium
1112 1981 1183 2069 pari
1207 1983 1329 2070 impetu

263 2094 500 2166 proterentem,
517 2103 590 2168 pars
608 2081 785 2162 exercitus,
801 2103 870 2168 quo
883 2078 1030 2160 adjutore
1046 2081 1116 2144 haec
1132 2083 1247 2146 omnia
1263 2105 1328 2172 ege·

264 2195 329 2262 rat,
347 2197 465 2244 terrere
481 2179 696 2254 seditionibus
718 2182 823 2270 coepit.
839 2183 935 2247 Nona
954 2181 1056 2270 legio,
1073 2183 1325 2269 praemissarum

263 2281 331 2346 aliis
347 2283 381 2346 in
395 2283 537 2366 ltaliam,
554 2301 728 2373 postquam
748 2284 944 2349 Placentiam
965 2284 1130 2372 attigerat,
1149 2287 1324 2350 tumultum

264 2383 382 2473 movit,
394 2386 567 2449 missibuem
575 2387 758 2473 postulans,
770 2409 866 2475 quam
875 2383 951 2448 olim
962 2386 1059 2449 etiam
1067 2384 1193 2448 decreto
1205 2402 1326 2451 senatus

255 2486 380 2575 jussam
385 2532 395 2565 ,
418 2498 465 2551 tot
485 2489 597 2575 iniquas
615 2486 771 2551 laboribus
795 2485 1031 2574 vulnuibtuque
1050 2485 1178 2549 abunde
1199 2492 1324 2551 meruis-

262 2600 337 2649 sent.
351 2586 504 2650 Praeterea
517 2588 578 2651 sibi
588 2588 635 2651 ad
644 2587 847 2651 Brundisium
859 2587 1007 2651 denarios
1014 2588 1189 2675 quingenos
1193 2592 1325 2677 promis·

263 2710 328 2766 sos,
343 2688 530 2775 nequedum
545 2703 779 2777 repraesentatos
795 2712 867 2752 esse.
881 2689 996 2752 Verior
1010 2703 1117 2751 umen
1135 2712 1234 2753 causa
1247 2709 1324 2769 erat,

248 2789 404 2857 ¹militum
418 2788 577 2876 cupiditas
593 2806 626 2854 et
639 2790 703 2872 ira3
727 2787 836 2877 quod,
852 2787 967 2877 praedae
982 2813 1048 2853 suae
1066 2806 1185 2855 cuncta
1202 2815 1324 2858 cessura

263 2905 428 2977 sperantes
442 2905 517 2978 post
533 2890 716 2973 victoriam,
733 2890 774 2954 ab
793 2890 883 2953 omni
904 2890 1021 2970 injuria
1034 2907 1216 2979 temperare
1233 2917 1322 2983 coge·

263 2988 402 3055 bantur:
415 2990 559 3055 simules
572 2991 726 3079 opinione
737 2991 891 3057 ferociam
901 2992 1079 3082 augebant,
1089 2993 1193 3080 quod,
1205 3011 1323 3059 armato

263 3088 371 3153 adhuc
387 3090 562 3187 Pompeio,
576 3114 643 3155 suae
658 3093 729 3181 opis
745 3114 839 3182 egere
852 3095 1009 3156 Caesarem
1022 3093 1273 3161 arbitrabantur.
1284 3100 1323 3161 At

262 3189 315 3253 ille
325 3190 467 3255 insolens
477 3192 564 3281 cogi,
573 3214 768 3281 semperque
779 3194 812 3256 in
829 3194 975 3258 maximis
986 3195 1136 3283 periculis
1148 3199 1321 3261 marimum

262 3291 409 3355 animum
434 3290 554 3356 habere
579 3311 714 3375 suetus,
741 3295 874 3357 minime
899 3295 996 3358 cessit
1023 3296 1321 3377 tumultuantibus,

261 3415 448 3481 quanquam
467 3418 507 3459 eo
524 3394 590 3474 jam
609 3412 692 3460 esset
713 3412 867 3483 provecta
888 3396 1020 3477 seditio,
1037 3412 1076 3460 ut
1094 3398 1128 3460 in
1148 3400 1321 3486 perniciem

259 3492 462 3581 imperatoris
480 3512 634 3583 eruptura
648 3496 825 3562 videretur.

304 3594 404 3658 XLll.
423 3596 561 3660 Vocatos
577 3596 676 3686 igitur
691 3596 726 3660 in
743 3598 934 3662 concionem
948 3599 1065 3663 milites
1078 3598 1092 3686 (
1103 3622 1198 3681 nam,
1213 3600 1320 3665 audito

258 3695 322 3759 hoc
336 3711 449 3778 motu,
465 3696 610 3761 celeriter
626 3698 765 3761 Massilia
777 3696 1002 3785 advolaverat)
1019 3699 1116 3763 simul
1131 3698 1244 3765 adesse
1255 3702 1321 3781 jus·

292 3922 307 3987 S
321 3926 374 3973 XL.
385 3926 493 3990 Appian.
505 3952 540 3962 -
552 3928 613 3976 Cara.
624 3952 659 3963 -
672 3926 725 3975 Cic.
735 3926 767 3975 ad
779 3928 855 3978 Attio.
864 3929 915 3987 IX,
927 3930 952 3977 8.
961 3956 996 3965 -
1005 3929 1064 3976 Dio.
1074 3956 1108 3965 -
1117 3929 1170 3977 Liv.
1179 3930 1226 3986 tv,
1236 3930 1278 3975 ³1.
1288 3951 1318 3962 -

258 4006 323 4054 Plut.
336 4006 362 4053 in
374 4010 435 4057 Cas.
445 4006 505 4073 -S
520 4010 584 4055 XLI.
598 4012 688 4058 Lucan.
700 4010 782 4069 ΗΜ,
796 4027 820 4060 v.
832 4012 891 4073 ²37·
903 4040 939 4049 —-
950 3997 1088 4061 Suetonio
1098 4014 1161 4062 Cas.
1171 4028 1226 4078 cap.
1235 4012 1278 4073 69.
1287 4036 1318 4046 -

256 4090 364 4153 App-ian.
376 4118 411 4127 -
424 4094 481 4141 Dio.
491 4119 525 4131 -
535 4094 587 4141 cte.
600 4094 631 4142 ad
646 4094 729 4143 b'amil.
740 4096 820 4153 vm,
834 4097 859 4146 8.
875 4120 911 4134 -·
921 4099 1005 4145 front.
1015 4098 1089 4144 strat.
1097 4097 1123 4154 t,
1132 4112 1158 4159 9.
