2875 4900
260 385 300 430 sa
425 361 863 432 to.·FRE1NsflnM11
891 359 1138 431 SUPPLEM.

256 480 379 545 Ostiam
395 478 580 562 descendit,
599 496 793 569 repertoque
812 480 960 569 navigio,
980 481 1072 567 quod
1091 504 1177 546 nnus
1193 483 1316 548 amico-

255 602 329 644 rum
347 581 520 644 Numerius
539 596 718 668 paraverat,
737 604 813 645 cum
831 581 980 670 privigno
995 581 1138 658 Granio,
1153 581 1210 647 lilii
1228 583 1315 649 redi·

256 696 326 745 tum
346 705 413 748 non
439 698 646 769 exspectans,
666 683 876 773 abnavigavit
892 683 1028 748 interim
1048 683 1234 756 adolescens
1254 685 1316 748 im-

256 782 383 846 minens
399 783 531 846 exitium
546 782 609 846 lide
625 798 658 846 et
670 799 743 847 astu
759 785 856 848 villici
869 784 978 849 evasit.
1000 785 1114 868 Quum
1131 785 1218 849 enim
1239 808 1314 848 eum

256 884 291 948 in
304 883 426 971 pwdio
441 882 592 948 muciano
605 882 869 972 deprehendisset
883 883 971 970 dies,
981 883 1024 949 ad
1039 884 1317 973 comprehenden-

256 984 336 1048 dum
357 1005 433 1048 eum
455 983 640 1072 suspicione
660 984 751 1049 ducti
774 984 899 1072 equites
913 983 1140 1074 properabant.
1159 985 1210 1048 Ibi
1227 984 1315 1048 enim

255 1086 355 1150 latere
376 1084 495 1148 Marios
513 1107 610 1173 posse
628 1102 762 1174 propter
784 1084 972 1150 affinitatem
997 1085 1172 1166 rebantur,
1190 1101 1224 1147 et
1239 1086 1317 1171 quia

194 1217 196 1222 ·
256 1184 384 1251 Mucius
396 1185 523 1250 bostem
536 1185 676 1250 Marium
686 1185 830 1265 judicare
842 1184 1114 1274 nolueram-quod
1124 1184 1193 1266 ejus
1206 1186 1317 1251 nobile

256 1286 376 1352 lactum
394 1308 461 1352 non
482 1301 531 1351 est
545 1287 671 1352 silentio
686 1286 958 1375 pretereundum.
976 1287 1089 1370 Quum
1105 1287 1142 1350 L.
1161 1285 1249 1350 Sulla
1266 1287 1316 1350 vi·

255 1402 326 1452 otor
339 1387 466 1452 armatis
483 1386 747 1452 circumdedisset
761 1387 903 1468 curum,
920 1409 1025 1475 eoque
1041 1389 1077 1450 C.
1097 1386 1237 1450 Marium
1254 1385 1316 1450 ho-

256 1503 338 1554 stem
346 1487 477 1554 decerni
486 1489 628 1578 cupienti
638 1511 736 1554 nemo
745 1489 880 1554 auderet
888 1510 1023 1578 negare,
1033 1488 1122 1553 solus
1134 1486 1176 1569 Q.
1188 1487 1317 1552 Mucius

257 1589 448 1654 sententiam
464 1589 569 1656 dicere
582 1591 698 1678 noluit.

300 1691 406 1755 XXX.
429 1693 537 1780 Atque
563 1692 674 1757 mitius
696 1692 836 1756 instante
859 1689 966 1772 Sulla,
984 1687 1084 1752 «Non
1103 1687 1167 1770 ita,
1190 1687 1318 1774 inquit,

256 1789 400 1878 «gladios
414 1805 487 1856 tuos
500 1793 694 1873 extimesco,
709 1806 748 1854 ut
761 1806 896 1879 propter
907 1790 966 1854 has
977 1788 1085 1854 senilis
1094 1788 1259 1878 sanguinis
1268 1804 1319 1854 te·

256 1913 361 1956 «nues
383 1891 553 1980 reliquias,
572 1894 701 1966 hostem
716 1891 861 1972 judicare
877 1893 915 1956 C.
935 1891 1077 1956 Marium
1092 1890 1287 1970 smnneam,
1299 1913 1320 1954 a

257 2015 346 2079 «quo
362 1994 483 2058 ltaliam
505 2009 538 2058 et
557 1993 642 2058 hanc
664 1993 781 2058 urbem
803 2009 1006 2058 conservatas
1024 1990 1194 2056 memini».
1213 1990 1320 2070 Hujus

256 2091 356 2180 igitur
376 2093 519 2176 villicus,
533 2092 615 2158 nihil
630 2116 649 2156 a
670 2091 734 2157 fide
748 2093 821 2158 heti
833 2093 1009 2180 animoque
1026 2090 1236 2170 dissentiens,
1250 2091 1321 2154 Ma·

257 2191 340 2255 rium
357 2191 593 2257 adolescentem
611 2193 696 2258 inter
715 2193 803 2258 fabas
819 2193 965 2258 abditum
984 2193 1140 2281 imposuit
1154 2192 1320 2280 plaustro,

257 2292 433 2381 bubusque
453 2293 590 2373 junctis,
615 2317 673 2382 per
695 2294 819 2371 medios
836 2295 987 2360 inimicos
1003 2292 1187 2382 deportavit
1204 2291 1239 2354 in
1254 2292 1320 2353 Ur·

255 2392 353 2458 bem:
369 2393 415 2459 sie
429 2395 567 2482 acceptis
589 2394 630 2461 ab
652 2417 772 2477 uxore,
796 2417 938 2485 qnorum
952 2395 1137 2485 praecipuus
1155 2407 1226 2460 mm
1241 2413 1321 2457 usus

255 2508 324 2559 erat
334 2532 348 2573 ,·
360 2509 435 2558 ante
454 2494 559 2559 lucem
581 2495 623 2559 ad
640 2518 728 2561 mare
747 2497 871 2585 pergit,
888 2513 922 2561 et
938 2518 1042 2585 quum
1057 2495 1142 2561 forte
1158 2494 1322 2558 solventes

255 2593 289 2659 in
303 2593 441 2659 Africam
457 2612 571 2661 nautas
592 2597 784 2679 invenisset,
803 2620 918 2663 navem
931 2594 1131 2662 conscendit.
1148 2593 1252 2675 Major
1264 2616 1323 2681 pa·

256 2694 297 2757 tri
314 2694 416 2759 Mario
435 2718 511 2759 cum
528 2698 632 2761 ventis
647 2714 679 2762 et
695 2698 940 2786 tempestatibus
952 2698 1040 2762 lucta
1052 2696 1132 2773 luit,
1146 2694 1325 2785 ingruenti·

255 2794 317 2859 bus
334 2795 368 2859 in
386 2818 463 2859 eum
479 2797 567 2862 velut
585 2798 782 2863 manufacta
799 2797 901 2862 malis.

299 2895 422 2961 XXXI.
440 2897 466 2959 F
467 2914 576 2963 erente
588 2913 685 2962 vento
700 2898 777 2963 litus
791 2898 888 2961 Italiae
900 2898 1025 2985 legens,
1035 2896 1241 2959 Terracinam
1254 2895 1325 2957 cvi·

256 3010 324 3059 tare
337 3013 449 3061 nautas
463 2997 577 3079 jussit,
595 2998 800 3075 Geminium,
815 2998 907 3079 cujus
921 2996 967 3059 ibi
983 3018 1107 3086 magnae
1118 3004 1199 3085 opes
1210 3013 1323 3077 erant,

256 3095 390 3179 timens,
407 3098 574 3162 inimicum
596 3098 782 3181 hominem,
799 3114 832 3163 et
851 3098 982 3163 sullanis
997 3096 1144 3185 partibus
1162 3094 1323 3160 deditum.

256 3198 416 3263 Caeterum
433 3198 494 3263 illis
506 3199 595 3263 enise
609 3200 816 3287 parentibus,
830 3221 947 3289 magna
961 3198 1009 3263 vis
1025 3212 1198 3262 ventorum
1211 3220 1230 3259 a
1241 3198 1324 3261 mari

256 3314 388 3379 coorta,
405 3298 567 3387 navigium
584 3300 757 3387 procellis,
777 3316 813 3365 et
832 3301 938 3388 ipsum
956 3320 1077 3363 nausea
1094 3299 1141 3362 sic
1157 3297 1324 3385 fatigavit,

258 3412 295 3461 nt
312 3398 364 3461 vix
382 3396 469 3484 apud
492 3398 633 3463 Circeios
658 3401 817 3488 applicare
839 3416 968 3488 posset:
986 3400 1034 3463 ibi
1055 3398 1099 3462 ob
1123 3398 1324 3487 tempestatis

257 3498 431 3578 saevitiem,
448 3514 481 3562 et
498 3499 574 3586 quia
594 3498 786 3565 deficiebant
808 3516 1029 3581 commeatus,
1052 3499 1217 3563 exscensio
1239 3500 1324 3563 laeta

256 3614 321 3680 est,
337 3597 394 3663 sed
409 3599 529 3681 anxiis,
549 3616 581 3665 et
595 3600 630 3665 in
648 3618 814 3669 momenta
828 3619 1012 3691 temporum
1026 3616 1168 3665 extrema
1184 3623 1325 3689 quaeque

247 3696 536 3787 exspectantibus,
552 3701 673 3767 incerta
689 3704 799 3767 omnia
816 3705 1008 3790 intutaque,
1024 3716 1073 3782 et,
1089 3717 1127 3763 ut
1144 3699 1179 3763 lit
1197 3700 1230 3762 in
1251 3724 1324 3763 ma·

257 3824 322 3890 gno
335 3818 441 3885 metu,
456 3802 624 3890 praesentia
637 3826 774 3892 quaeque
788 3804 1010 3868 molestissima
1025 3801 1229 3866 videbantur.
1243 3802 1324 3864 Ter·

257 3923 325 3965 ram
337 3901 486 3966 hostilem
501 3903 657 3986 vitarent3
672 3904 842 3969 inimicum
859 3923 927 3970 erat
940 3927 1028 3968 mare
1042 3926 1050 3967 :
1066 3924 1238 3967 occursum
1254 3924 1326 3965 me·

290 4096 306 4160 S
319 4100 418 4149 XXIX.
426 4101 481 4151 vat.
492 4100 558 4150 Max.
571 4103 623 4161 lll,
637 4104 660 4150 8.
671 4127 706 4139 —
716 4101 732 4165 S
741 4103 826 4151 XXX.
837 4102 890 4150 Liv.
904 4101 970 4166 Epir.
980 4128 1016 4139 -
1029 4098 1152 4149 Plutarch.
