2875 4900
291 399 375 484 314.
467 402 535 469 JO.
561 402 898 473 FREIIVSHEMII
928 402 1172 471 SUPPLEM.

289 537 379 609 ptam
406 520 595 608 enitamque
619 543 753 609 operam
780 523 1000 599 exhibuisset,
1031 538 1201 610 postremo
1226 544 1356 609 quoque¹

290 624 433 711 equestri
457 625 567 713 prelio
590 641 747 691 servasset
766 626 903 707 multos,
926 626 960 689 in
977 626 1164 713 propiorem
1186 623 1356 689 admissio·

291 748 367 789 nem
383 743 551 813 receptus,
572 749 691 791 mensas
706 727 916 815 consiliisque
935 725 1102 791 admoveri
1122 740 1276 813 coeperat.
1294 726 1356 814 Igi-

290 844 345 891 tur
354 828 525 892 observato
542 845 707 915 tempore,
723 852 791 916 quo
807 823 912 893 missis
926 828 1092 917 principiis
1103 849 1246 891 vacuurn
1261 828 1357 914 magis

173 950 180 959 ·
289 928 593 1017 incustoditumque
611 931 801 1017 pretorium
821 945 906 1012 erat,
926 928 1018 994 brevi
1033 928 1179 1016 pugione
1194 928 1356 992 acciucms

290 1052 330 1093 ex
348 1052 440 1103 more
456 1028 497 1093 ad
513 1030 688 1095 Lucullum
703 1030 869 1097 introibat.
888 1029 952 1095 Sed
970 1028 1063 1093 illum
1081 1030 1166 1093 forte
1187 1030 1355 1117 fatigatum

288 1131 395 1219 longis
409 1130 523 1222 vigiliis
539 1153 659 1220 corpus
675 1131 838 1227 meridiari
853 1146 1020 1219 coegerat3
1033 1146 1066 1195 et
1075 1128 1293 1195 Menedemus
1305 1152 1355 1193 cu·

290 1231 485 1314 bicularius,
502 1231 544 1295 ad
562 1233 683 1297 ostium
699 1248 804 1314 stans,
819 1232 957 1322 negabat
969 1231 1143 1296 intromitti
1157 1252 1354 1319 quemquam

289 1333 476 1397 mortalium
493 1354 600 1421 posse.

334 1436 456 1500 XXIV.
476 1436 553 1517 Ille,
569 1436 702 1501 subitum
717 1458 780 1500 esse
794 1458 834 1499 ac
849 1435 1073 1513 recusaturos,
1095 1434 1185 1521 quod
1207 1430 1352 1522 efferret,

289 1536 458 1617 dictitans,
474 1537 687 1602 nihilominus
707 1538 887 1602 conabatur
902 1538 1103 1625 irrumpere;
1118 1558 1227 1623 quum
1245 1557 1353 1599 accen·

289 1658 345 1699 sus
362 1635 411 1698 ira
428 1635 661 1718 Menedemus,
676 1637 761 1701 nihil
775 1638 876 1703 salsae
893 1640 1088 1727 imperator-ts
1102 1640 1206 1727 ntagr‘s
1222 1658 1286 1699 esse
1303 1659 1352 1698 ns·

288 1738 456 1801 cessurum:
480 1760 651 1827 segerens,
678 1739 838 1803 ambabus
860 1740 1012 1804 manibus
1031 1739 1152 1827 repulit
1178 1738 1351 1804 bominem.

289 1837 414 1918 Quare,
430 1860 472 1901 ne
485 1854 656 1927 suspectus
669 1839 860 1922 haberetur,
873 1840 994 1905 veritus
1004 1840 1139 1929 Scytha,
1152 1840 1263 1929 cquIs,
1277 1858 1350 1925 quos

288 1956 364 2004 ante
376 1956 505 2027 portam
523 1956 703 2005 castrorum
723 1958 851 2031 paratos
868 1960 952 2007 stare
965 1944 1119 2023 jusserat,
1136 1943 1181 2007 ad
1195 1938 1351 2007 Mithrida·

289 2056 354 2103 tem
369 2040 503 2131 refugit,
516 2042 684 2129 aliumque
696 2043 862 2131 Scytham,
878 2046 1011 2108 nomine
1022 2043 1246 2125 Sobadacum,
1263 2058 1350 2107 trans

288 2140 400 2229 fugere
420 2140 463 2205 ad
481 2142 654 2207 Lucullum
673 2146 785 2209 conari
801 2144 938 2226 detulit,
953 2146 1010 2233 qui
1033 2146 1143 2210 statim
1160 2146 1256 2226 jussu
1276 2142 1350 2231 regis

288 2242 545 2332 comprehensus
560 2259 618 2308 est.

332 2345 436 2409 XXV.
452 2346 540 2410 Dum
556 2346 608 2410 his
623 2345 760 2433 aliisque
776 2348 874 2413 rebus
891 2349 1014 2414 bellum
1028 2349 1188 2430 trahitur,
1203 2349 1298 2435 longe
1309 2346 1349 2407 lt·
1389 2430 1390 2437 ἵ

287 2463 386 2534 teque
395 2449 549 2513 omnibus
561 2449 685 2514 circum
695 2452 861 2531 evastatis,
872 2452 981 2540 inopia
993 2467 1174 2538 utrumque
1184 2449 1347 2514 exercitum

290 2550 430 2615 incessit.
454 2551 582 2616 Idcirco
604 2553 778 2634 Lucullus,
802 2575 869 2641 quo
887 2576 923 2616 re
941 2553 1118 2618 annonaria
1135 2549 1348 2616 commodiore

289 2666 452 2733 uteretur,
465 2652 499 2715 in
509 2653 643 2742 planum
657 2652 843 2742 degressus,
857 2654 934 2741 quia
943 2655 1129 2743 patentibus
1139 2655 1220 2718 locis
1233 2650 1346 2738 equita·

289 2769 362 2817 tum
380 2754 464 2843 regis
479 2755 630 2836 timebat,
642 2755 686 2820 ita
702 2771 842 2822 metatus
854 2773 902 2821 est
913 2773 1034 2836 castra,
1050 2771 1089 2819 ut
1103 2750 1300 2820 munimenti
1309 2747 1348 2810 ri·

215 2863 219 2872 ’
289 2876 360 2919 cern
380 2856 580 2945 uliginosum
596 2857 769 2947 paludibus
778 2859 884 2923 solum
894 2858 981 2922 hosti
993 2856 1166 2940 objiceret,
1179 2873 1212 2922 et
1222 2871 1345 2943 regnum

291 2958 531 3049 Ariobarzanis,
550 2953 710 3025 intactum
726 2961 828 3041 bello,
845 2983 863 3024 a
878 2977 972 3048 tergo
987 2959 1140 3041 haberet,
1161 2955 1251 3024 unde
1266 2973 1346 3017 com·

289 3078 414 3126 meatus
439 3063 710 3128 subveherentur.
729 3064 849 3127 Crebra
874 3063 961 3126 inter
983 3063 1052 3126 haec
1069 3060 1233 3148 equestria
1250 3050 1345 3145 praelia

290 3161 419 3229 fiebant.
438 3166 545 3230 Semel
557 3166 669 3246 etiarn,
687 3185 792 3252 quum
811 3186 888 3229 suos
900 3164 1061 3252 fugientes
1071 3161 1203 3226 obviam
1214 3173 1346 3246 egressus

290 3286 308 3329 e
325 3266 436 3330 rastris
455 3266 660 3331 Mithridates
676 3267 792 3332 acerbe
808 3265 1036 3354 corripuisset,
1051 3263 1090 3328 iis
1107 3263 1225 3328 anisnis
1239 3260 1272 3322 in
1290 3273 1344 3364 plt-

289 3387 385 3454 gnam
407 3367 591 3448 redierunt,
608 3383 647 3431 ut
665 3367 805 3432 Ronrani
821 3367 886 3431 fusi
906 3366 1093 3456 fugatique,
1109 3365 1207 3430 etiam
1223 3373 1344 3424 reversis

287 3489 309 3530 a
324 3468 551 3556 persequendo
566 3469 733 3548 hostibus,
748 3491 846 3532 suum
863 3468 1004 3555 quisque
1018 3463 1281 3532 contubernalem
1293 3474 1343 3544 pro

288 3567 412 3633 victore
424 3585 623 3651 metuentes,
636 3570 690 3633 rix
702 3567 878 3657 aliquando
893 3571 1036 3634 facerent
1049 3568 1134 3658 fugae
1148 3566 1244 3632 finem
1258 3585 1266 3626 :
1280 3573 1343 3620 tan·

290 3685 343 3733 tus
359 3693 415 3734 eos
432 3692 534 3757 pavor
550 3686 775 3758 occupaverat.

333 3773 455 3836 XXVI.
477 3773 569 3835 Hanc
589 3771 774 3850 victoriam,
797 3771 903 3835 missis
926 3757 974 3836 ad*
987 3771 1110 3836 ricinos
1136 3791 1227 3857 reges
1250 3757 1341 3826 natio·

325 4003 341 4068 s
355 4002 451 4052 XXIII.
461 4003 546 4050 Front.
556 4003 628 4048 strat.
638 4002 676 4058 ll,
687 4002 712 4059 5,
721 4003 763 4048 to.
773 4029 808 4038 -··
817 4001 926 4066 Appian.
934 4027 969 4038 -
978 4001 1043 4050 l‘lut.
1050 4029 1086 4038 -
1096 3999 1215 4066 §XXIV
1228 3997 1304 4081 rmus,
1312 4007 1340 4018 ‘⁴

291 4091 356 4140 Plut.
367 4111 402 4123 -
414 4084 522 4149 Appian.
532 4111 568 4120 -—
579 4085 707 4132 Memnon.
724 4113 758 4121 -
775 4085 872 4134 Sallust.
888 4112 923 4121 -
935 4083 951 4148 S
962 4085 1046 4134 XXV.
1058 4086 1185 4133 Memnon.
1200 4106 1232 4118 -
1245 4078 1340 4138 Appffifl·

290 4199 325 4212 -
339 4170 436 4220 Sallust.
447 4167 513 4217 utu.
523 4169 568 4229 IV,
582 4168 607 4216 io
621 4169 693 4234 epist.
703 4168 817 4218 Mithrid.
829 4169 894 4218 Edit.
907 4180 971 4218 nost.
985 4185 1011 4234 p.
1027 4176 1086 4224 tra.
1102 4170 1148 4216 Ilo.
