2875 4900
285 356 340 425 m
370 355 482 425 too.
511 358 607 427 Lm.
634 360 730 428 cm
760 360 977 432 mvrsnt.
1101 322 1196 451 465¹

95 482 291 545 Interamnae
308 475 448 563 sefio'sse
460 479 643 569 pugnabat,
652 503 722 571 ,qua
735 481 787 544 die
800 482 964 546 r'rrcestasse
976 506 1069 547 sacra
1085 485 1172 550 dice·

95 598 192 646 retur.
209 579 274 645 Sed
291 580 407 643 Cicero
425 602 501 643 vere
515 581 668 668 quidem,
684 580 742 645 sed
758 582 937 671 impulsus,
953 600 992 649 ut
1004 602 1139 674 putant,
1154 610 1173 651 a

95 682 265 765 Terentia,
283 698 323 747 ut
339 705 414 746 eum
429 682 619 747 testimonio
633 682 781 764 laederet,
800 683 910 753 Ilomoe
924 684 1015 774 apud
1028 684 1173 775 scsuisse

92 786 224 867 juravit.
238 784 336 849 Multi
346 798 499 872 praeterea
510 786 716 873 principuus,
731 785 872 874 perjuria
883 787 969 869 ejus,
984 804 1174 854 testamenta
1272 828 1275 835 ·

95 885 282 975 supposita,
296 884 487 949 Nisibenam
499 884 711 969 seditionem,
722 887 874 951 homines
883 891 1097 971 centuriatos,
1110 906 1176 955 stu·

95 1011 155 1077 pra
180 1004 406 1051 matronarum
429 1002 527 1074 atque
555 988 737 1079 virginum,
762 988 831 1053 suis
854 991 1047 1055 testimoniis
1071 1014 1173 1081 expo·

96 1106 248 1155 suerunt.

140 1192 284 1257 XXXII.
308 1192 462 1255 Lucullus
486 1191 584 1255 etiam
605 1192 736 1257 ancillas
759 1190 934 1280 produxit,
958 1193 1175 1259 numeratam

93 1318 117 1356 a
139 1293 253 1359 Clodio
265 1314 402 1357 sororem
413 1315 601 1381 germanam
616 1314 694 1373 esse,
713 1314 812 1379 quam
827 1291 870 1355 de
886 1291 990 1355 tribus
1009 1291 1175 1357 minimam

95 1394 185 1459 idern
211 1396 367 1459 Lucullus
392 1395 426 1458 in
449 1393 659 1459 matrimonio
680 1392 851 1458 habuerat.
873 1392 1054 1458 Putabatur
1077 1394 1175 1459 etiam
1225 1401 1228 1407 '

95 1520 177 1561 cum
199 1495 329 1561 duabus
351 1495 485 1583 reliquis
506 1495 674 1559 sororibus
693 1494 760 1558 suis
779 1494 1053 1559 consuetudinem
1072 1498 1177 1585 stupri

96 1595 238 1677 habere,
256 1618 395 1684 quarum
413 1596 523 1659 Tertia
539 1597 581 1677 Q.
593 1596 717 1659 Marcio
732 1597 813 1684 Regi
831 1611 933 1685 nupta
946 1612 1032 1678 erat,
1052 1598 1094 1678 Q.
1105 1598 1177 1662 Me·

97 1700 175 1763 tello
196 1698 300 1763 Celeri
323 1696 426 1776 major
450 1696 579 1778 Clodia,
603 1697 858 1787 profligatissimi
878 1697 1015 1787 pudoris
1035 1700 1174 1784 femina,

95 1824 197 1887 quam
211 1800 328 1889 vulgus
347 1798 624 1887 Quadrantariam
643 1798 913 1889 cognominabat,
939 1798 1031 1886 quod
1048 1801 1079 1863 ei
1098 1802 1173 1889 qui·
1191 1856 1205 1871 .

95 1902 174 1967 dam
186 1900 362 1989 aliquando
378 1901 544 1987 moechus,
562 1925 666 1989 quum
687 1924 804 1965 aureos
821 1900 898 1965 dare
916 1918 1107 1989 putaretur,
1126 1905 1176 1969 lo-

99 2003 193 2068 culos
215 2002 453 2091 quadrantibus
477 2003 676 2090 impleverat.
700 2003 858 2067 Famdern
879 2019 911 2067 et
928 2003 1056 2068 Catullo
1073 2020 1177 2091 poetae

97 2104 161 2169 sub
183 2103 306 2167 Lesbiae
330 2104 465 2167 nomine
490 2103 591 2167 fuisse
613 2102 814 2184 adamatam,
837 2104 974 2191 Apuleio
997 2104 1174 2191 prodente,

96 2206 327 2296 cognovimus.
552 2264 556 2275 .

142 2309 300 2398 XXXIII.
313 2309 403 2373 Inter
416 2308 486 2371 haec
503 2306 706 2388 testimonia,
722 2306 827 2372 Cesar
837 2331 973 2396 quoque
988 2308 1106 2373 citatus
1118 2332 1175 2373 ne·

95 2410 203 2500 gavit,
219 2432 254 2472 se
271 2407 451 2497 quidquam
468 2407 681 2496 comperisse;
696 2410 844 2496 quamvis
862 2425 895 2474 et
915 2412 1174 2495 materAurelia,

94 2529 130 2577 et
147 2535 244 2578 soror
254 2512 354 2593 Iulia,
367 2510 454 2600 apud
468 2509 600 2574 eosdem
614 2509 758 2592 judices,
777 2512 889 2575 omnia
902 2534 940 2576 ex
958 2510 1022 2578 lide
1040 2515 1171 2580 retulis-

96 2631 171 2679 sent
183 2638 191 2678 :
203 2615 503 2703 interrogatusque,
517 2635 576 2676 cnr·
584 2615 682 2700 igitur·
691 2612 884 2700 repudiasset
892 2616 1050 2678 uxorem?
1060 2645 1074 2670 α
1085 2617 1175 2697 Quo-

95 2748 108 2769 «
119 2717 226 2796 niam,
239 2713 366 2801 inquit,
378 2735 468 2778 meos
482 2729 549 2777 tam
565 2713 768 2803 suspicione,
781 2736 880 2800 quam
893 2715 1049 2796 crimine,
1057 2715 1173 2795 judico

96 2851 109 2874 ι
120 2840 231 2883 carere
248 2833 410 2904 oportere.
420 2847 433 2874 ι
449 2819 493 2882 At
504 2815 647 2898 judices,
666 2837 771 2903 quum
782 2816 876 2880 initio
888 2815 1027 2881 sevaldo
1042 2840 1172 2884 severos

97 2919 324 2984 exhibuissent
339 2941 415 2999 reo,
431 2916 684 3006 praesidiumque
699 2917 740 2980 ab
759 2933 894 2998 senatu,
911 2939 979 2980 non
1000 2919 1062 2982 nisi
1078 2919 1171 2985 dam·

97 3023 223 3086 naturis
243 3020 479 3100 necessarium,
502 3019 741 3108 postulassent3
767 3018 813 3080 M.
835 3019 952 3082 Crasso
977 3019 1174 3108 suscipiente

96 3123 289 3212 negotium,
305 3143 379 3210 pars
398 3119 502 3200 major
519 3121 563 3184 ita
577 3120 716 3208 turpiter
731 3133 810 3182 sunt
823 3118 987 3206 corrupti,
1003 3136 1042 3184 ut
1057 3138 1173 3208 proeter

96 3226 271 3316 pecualem
294 3240 406 3288 noctes
425 3223 522 3288 etiam
543 3237 707 3286 certarum
730 3221 924 3302 mulierum,
944 3237 1043 3308 atque
1060 3223 1173 3289 adole.

95 3328 325 3392 scentulorum
342 3325 502 3389 nobilium
523 3323 808 3402 introductiones,
825 3321 993 3386 nonnullis
1006 3322 1172 3403 judicibus

96 3454 158 3518 pro
174 3427 334 3494 mercedis
350 3428 486 3492 cumulo
505 3425 620 3507 fuisse,
638 3426 755 3489 Cicero
770 3423 944 3512 scripserit.

141 3531 298 3596 XXXIV.
308 3530 413 3619 Igitur
421 3529 463 3610 Q.
475 3529 621 3610 Catulus,
630 3549 734 3615 quum
744 3525 878 3590 vidisset
889 3547 1006 3590 eorum
1016 3526 1171 3613 aliquem,

96 3631 213 3718 «Quid
228 3622 316 3713 ¹vos,
334 3631 458 3718 inquit,
482 3627 669 3717 praesidium
692 3650 709 3690 a
733 3625 828 3690 nobis
850 3623 1035 3714 petebatis?
1051 3649 1111 3709 an,
1129 3651 1173 3694 ne

129 3885 147 3950 s
161 3885 262 3934 ml.
273 3883 330 3931 Dio.
348 3909 382 3918 -
398 3882 484 3930 Senac.
494 3897 533 3945 ep.
544 3893 587 3942 97.
608 3905 641 3916 -
653 3879 704 3928 cic.
715 3894 762 3944 pro
774 3878 863 3937 domo,
877 3892 932 3943 cap.
942 3885 985 3933 to.
999 3903 1035 3912 —
1048 3877 1173 3931 Plutarch.

94 3971 121 4016 in
135 3967 189 4016 Cic.
203 3993 240 4004 -
249 3965 266 4031 s
277 3967 388 4014 mn.
398 3965 474 4031 Apul.
484 3963 592 4029 Apolog.
605 3989 640 4000 -
651 3961 667 4028 S
680 3963 806 4011 mm.
818 3961 877 4010 Dio.
890 3987 926 3996 —
940 3959 1064 4010 Plutarch.
1074 3961 1100 4010 in
1109 3963 1172 4015 Coes.

93 4065 119 4101 et
141 4051 195 4100 Cle.
218 4077 254 4087 -
273 4050 384 4116 Appiam
401 4049 456 4099 Cir.
473 4047 517 4098 lib.
536 4050 570 4096 11.
585 4075 620 4086 -
634 4048 737 4096 Sueton.
755 4045 783 4092 in
801 4045 863 4095 Cu.
884 4059 939 4108 cap.
959 4051 1002 4102 74.
1021 4070 1055 4080 —
1073 4045 1125 4094 (tc.
1141 4047 1174 4099 ad

94 4136 175 4184 Attic.
190 4136 215 4192 1,
232 4134 273 4182 1⁶.

220 4229 263 4299 X.
959 4223 1004 4296 30
