2875 4900
29 96 36 225 l

23 381 27 508 p
264 391 318 464 us
349 387 755 458 eoeneum
782 388 1000 456 nivraur.
1120 384 1165 482 75

22 518 24 583 l
112 509 256 574 exstincta
264 525 324 591 est,
333 509 485 597 quumiu
496 508 606 574 locunt
615 507 686 588 ejus
696 528 794 570 nemo
802 507 907 572 factus
915 505 1034 572 damen
1042 525 1167 598 septem

113 626 141 672 et
154 611 353 700 septuaginta
368 610 463 676 annis
476 609 666 699 reperiatur.

21 637 25 786 l
150 712 243 778 XLV.
257 712 343 778 Nam
358 714 397 778 C.
408 712 533 789 Caesar,
548 733 673 776 annum
687 733 786 800 egem
799 711 976 799 septimum
989 709 1169 795 decimum,

112 813 245 878 alliario
264 814 434 902 Cinnaque
454 811 652 894 destinatus,
678 812 814 877 victoria
834 811 931 876 Sulla
951 810 1169 876 sacerdotium

111 915 219 980 amisit.
231 915 297 980 Pro
310 915 428 981 Cautio
443 913 607 1003 deprecati
620 913 762 980 Marium
778 914 966 994 necessarii,
983 935 1026 978 ne
1043 914 1171 979 incolu-

21 1011 22 1028 ³
112 1017 250 1082 mitatem
264 1016 410 1106 quidem,
421 1015 480 1082 sed
493 1017 641 1082 exsilium
654 1033 796 1098 orantes,
808 1016 932 1080 nullam
942 1015 984 1078 ab
997 1016 1172 1081 sevissimo

112 1119 291 1184 mortalium
307 1119 487 1208 exprimere
501 1141 614 1182 vooem
634 1133 829 1208 potnerunt,
849 1132 966 1206 praeter
981 1115 1066 1180 hanc
1085 1139 1171 1205 sepe

111 1220 292 1306 repetitam,
311 1222 474 1286 owrrausr.
493 1219 599 1308 igitur
613 1219 759 1284 inclusus
773 1217 865 1298 looo,
883 1218 941 1306 qui
961 1240 1067 1306 nuper
1084 1219 1172 1284 coloe

112 1319 209 1385 luerat
223 1321 366 1403 oblitus,
384 1321 525 1386 multum
538 1320 652 1386 inferri
669 1320 779 1408 ignem
792 1319 907 1399 iussit,
926 1333 1024 1406 atque
1039 1320 1085 1384 ita
1102 1322 1173 1384 suf·

112 1421 212 1486 sato
228 1422 365 1510 spiritu,
380 1422 557 1488 exstinctus
573 1437 632 1486 est.
652 1421 744 1486 lnter
757 1422 828 1487 luae
842 1420 992 1484 misertus
1008 1421 1118 1510 patria
1139 1439 1174 1487 et

113 1522 224 1588 civium
247 1525 291 1604 Q.
308 1523 491 1604 Sertorius,
517 1523 574 1611 qui
596 1523 685 1588 solus
705 1523 792 1586 inter
810 1537 1003 1585 ceterorum
1026 1521 1172 1586 fitrorem

20 1685 21 1718 ,
113 1626 196 1690 omni
217 1623 377 1690 maleficio
396 1624 589 1690 abstinuisse
610 1625 729 1705 fertrrr,
749 1621 900 1687 mannate
919 1622 1015 1686 Marii
1035 1624 1173 1705 sevitia,

113 1725 256 1812 privatim
272 1726 442 1816 appellarit
454 1726 613 1808 Cinnam,
629 1741 663 1788 et
676 1724 880 1790 miseriarum
888 1724 988 1788 Urbis
999 1724 1175 1811 postulavit

114 1826 264 1910 modum
281 1851 457 1915 senosque
475 1828 653 1908 marianos,
671 1849 776 1914 quum
791 1848 812 1890 a
826 1825 932 1889 Cinna
946 1825 1062 1913 saepius
1080 1827 1173 1890 cohi-

21 1921 22 1942 .
114 1927 184 2010 biti,
202 1930 288 1994 nihil
306 1928 348 1994 de
366 1927 540 2008 sceleribus
556 1928 776 2010 remitterent,
791 1926 932 2014 aoeeptis
950 1925 992 1988 ab
1011 1947 1052 1989 eo
1064 1927 1173 1992 Gallo·

116 2049 182 2094 rum
198 2030 346 2112 auxiliis,
359 2027 475 2098 eodem
495 2030 569 2094 loeo
587 2044 689 2094 eastra
702 2028 859 2115 habentes
876 2042 978 2092 noctu
994 2027 1176 2092 circumde-

21 2141 22 2156 ’
116 2127 175 2212 dit,
188 2149 221 2196 et
236 2131 281 2196 ad
294 2153 399 2196 unum
415 2130 736 2214 omues,'hominum
753 2151 822 2195 non
835 2129 944 2194 minus
962 2145 1038 2193 octo
1057 2129 1174 2213 inillis,

116 2231 236 2298 delevit.

154 2335 271 2400 XLVI.
292 2333 345 2400 Sic
367 2356 455 2399 anno
472 2334 676 2423 magistratus
697 2348 829 2413 exacto,
847 2332 952 2396 Cinna
971 2332 1123 2396 eonsules
1139 2333 1176 2396 in

117 2458 233 2501 annum
251 2453 461 2525 sequentem,
478 2459 512 2501 se
527 2435 665 2517 iterum,
682 2436 718 2501 C.
729 2433 870 2499 Marium
884 2432 1079 2523 septimum,
1097 2434 1177 2501 cina
1306 2462 1313 2488 ·

119 2538 176 2601 ulla
186 2538 321 2603 comitia
330 2538 528 2603 renuntiavit
538 2560 547 2601 ε
557 2538 626 2626 spei
637 2536 679 2602 de
690 2552 813 2625 septem
825 2536 1047 2601 eonstdatibus
1058 2554 1178 2602 eventu

118 2639 263 2721 meliore,
281 2660 380 2727 quam
400 2638 550 2727 sperandi
568 2660 664 2704 eausa
683 2639 797 2702 suerat.
815 2636 920 2718 llujus
941 2639 1019 2702 anni
1038 2638 1128 2703 triste
1145 2656 1178 2703 et

119 2741 220 2805 mutar
241 2738 432 2822 exordium,
449 2756 563 2803 caetera
582 2740 680 2828 paulo
699 2739 858 2827 quietiora
874 2756 1019 2829 tempora
1042 2762 1179 2828 excepe-

118 2856 200 2903 runt.
215 2839 283 2905 Sed
299 2839 415 2905 eodem
436 2840 506 2923 die,
528 2862 596 2928 quo
619 2840 696 2905 novi
714 2841 865 2907 eonsules
886 2840 1051 2920 inierunt,
1074 2862 1179 2928 quum

120 2942 251 3005 maxime
269 2963 357 3005 saera
366 2941 401 3005 iu
415 2942 559 3030 auspicio
574 2942 652 3005 anni
667 2957 701 3006 et
713 2942 960 3031 magistratuum
969 2941 1075 3027 patrio
1087 2963 1183 3005 more

121 3038 246 3125 fierent,
274 3044 311 3107 C.
325 3041 446 3107 Marius
465 3041 548 3105 filius
568 3042 777 3107 tribunorum
799 3042 903 3129 plebis
927 3039 1101 3127 quemdam
1120 3065 1183 3108 sua

122 3164 214 3208 mauu
226 3142 367 3223 oocidit,
382 3158 544 3231 caputque
556 3144 747 3207 oonsulibus
762 3136 870 3207 misit:
886 3141 1015 3206 duobus
1030 3144 1183 3231 praetori-

122 3243 177 3309 bus
192 3246 263 3335 igni
282 3261 316 3310 et
332 3267 417 3332 aqua
429 3242 638 3311 interdictum
655 3260 704 3309 est
721 3267 731 3333 t
746 3243 818 3308 Sex.
832 3241 975 3307 Licinius
992 3259 1123 3309 senator
1137 3243 1179 3309 de

123 3366 193 3409 saxo
207 3346 349 3433 Tarpeio
364 3344 506 3412 consulis
520 3344 616 3411 Marii
628 3344 724 3425 jussu
738 3343 965 3433 precipitatus.

163 3447 294 3511 XLVll.
309 3444 372 3509 Sed
393 3446 525 3511 efferam
542 3444 684 3510 hominis
697 3444 931 3509 immanitatem
944 3444 1018 3511 idus
1026 3446 1181 3527 januarias

125 3543 287 3612 finierunt.
296 3546 475 3611 laboribus
487 3562 520 3611 et
533 3548 624 3611 senio
635 3546 845 3628 exhaustum,
859 3547 1035 3635 praesertim
1044 3549 1130 3615 lama
1141 3550 1183 3615 de
1202 3618 1205 3623 ,

125 3648 206 3711 Sulla
224 3649 418 3713 exterruisse
439 3647 577 3729 dicium,
595 3670 710 3735 quarm
728 3646 821 3712 linito
839 3649 925 3714 bello
945 3649 1183 3733 mithridatico,
1223 3696 1229 3706 ·

158 3818 339 3884 §ulmal
352 3820 421 3869 Max.
434 3820 484 3881 IX,
499 3834 540 3869 ra.
549 3846 584 3857 -
597 3818 664 3867 Flor-
676 3846 712 3855 -
721 3819 786 3868 vsu
798 3846 833 3857 -
844 3820 1184 3880 Dio,Lsv‚11.-1turtd.

128 3904 151 3950 in
167 3904 289 3953 Plutarchi
304 3901 434 3953 Animadv.
447 3905 487 3954 rs.
503 3930 538 3941 -
547 3904 606 3951 Tac.
619 3902 709 3951 Annal.
726 3904 778 3962 111,
791 3904 833 3952 58.
848 3930 884 3940 -
895 3902 912 3967 5
925 3902 1111 3951 XLV.sneton.
1121 3903 1184 3953 Cass.

128 4004 177 4051 sap.
188 4004 208 4038 r.
216 3988 361 4045 -Vellll,
372 3990 414 4043 43.
423 3988 518 4037 -cie.
529 3988 602 4035 '1¹nso.
612 3984 804 4049 Quest.V,19,
814 3998 839 4034 et
850 3986 881 4033 de
889 3986 958 4033 Orat.
968 3986 1020 4044 111,
1031 3986 1055 4033 3.
1063 4012 1098 4021 -
1106 3986 1183 4037 Diod.

129 4070 206 4135 [ὼς.
215 4072 260 4122 lib.
276 4072 424 4120 xxxvm.
441 4098 476 4109 -
491 4070 613 4121 Plutarch.
625 4071 652 4120 in
665 4074 756 4121 sertor.
770 4086 826 4135 esp.
839 4084 864 4130 7,
876 4078 902 4116 et
912 4067 939 4116 in
949 4068 1013 4115 Mar.
1029 4092 1065 4105 -··
1076 4068 1184 4133 Appias.

130 4178 162 4191 ·-
173 4158 244 4205 oros.
251 4157 284 4217 V,
299 4172 340 4220 19·
349 4182 385 4194 —
394 4154 447 4205 niv.
459 4154 524 4221 llpit.
