2875 4900
302 370 356 437 IN
387 369 499 436 LOC.
526 367 621 435 ΠΒ.
648 368 743 436 CIII
774 368 988 437 LIVIANI.
1110 365 1180 450 485

102 486 343 577 probarentur,
360 486 413 551 alii
432 508 565 575 quoque
588 487 697 550 minus
719 485 931 551 tetenderunt
953 486 987 550 in
1006 510 1041 551 re
1057 488 1182 576 populo

103 588 307 681 gratissima,
323 588 441 675 hisque
455 587 585 652 duobus
599 604 821 668 accesserunt,
838 590 895 677 qui
913 602 945 651 et
960 588 1041 651 boni
1055 588 1131 669 viri,
1151 604 1184 653 et

104 690 229 753 Caesari
246 712 315 753 non
333 689 517 753 amicissimi
533 689 753 777 putabantur;
778 688 886 753 adhuc
909 690 995 753 enim
1015 688 1182 777 conspira-

103 790 236 853 tionem
252 813 345 855 suam
361 790 578 854 occultabant.

152 891 350 956 LXXXVII.
375 890 439 955 Sed
454 906 634 978 eruperunt
649 891 747 978 paulo
763 906 838 978 post
858 890 926 969 ejus
947 890 993 955 rei
1015 888 1183 954 manifesta

103 991 250 1074 indicia,
265 1014 369 1081 quum
383 993 490 1056 Caesar
504 991 622 1075 filiam,
637 992 781 1081 cepioni
793 992 946 1074 Servilio,
959 992 1013 1056 cui
1024 989 1185 1079 desponsa

103 1094 235 1176 suerat,
252 1094 413 1181 cujusque
434 1094 597 1181 praecipua
622 1116 718 1183 opera
744 1092 896 1157 Bibulum
920 1090 1182 1181 impugnaverat,

103 1195 296 1284 ademptam
309 1195 469 1283 Pompeio
487 1196 672 1276 collocarit3
684 1195 833 1282 Pompeii
843 1194 943 1259 filiam
959 1194 1104 1281 Caepioni
1115 1194 1186 1281 pol-

103 1298 237 1380 licitus,
251 1319 439 1385 quanquam
453 1311 487 1360 et
499 1296 552 1359 illa
565 1317 724 1383 sponsum
736 1293 871 1359 haberet
884 1297 1040 1359 Faustum
1051 1295 1183 1360 Sullam.

104 1401 189 1463 Haec
205 1398 357 1479 faciebat,
373 1398 573 1486 provinciam
589 1397 755 1484 cogitans3
773 1396 889 1477 simul,
908 1418 970 1479 ne,
986 1420 1020 1462 se
1034 1397 1184 1481 absente,

105 1502 288 1589 Pompeius
305 1499 427 1588 aliquid
444 1515 580 1564 novaret
599 1521 659 1586 per
678 1496 855 1562 Gabinium
875 1497 1087 1564 foedissimum
1103 1497 1186 1564 adu·

104 1604 249 1667 latorem
265 1624 378 1684 suum,
398 1601 455 1689 qui
471 1600 586 1664 consul
603 1600 638 1662 in
657 1614 847 1687 sequentem
863 1622 988 1664 annum
1005 1599 1186 1666 destinaba-

105 1720 187 1767 tur:
204 1704 274 1793 ipse
295 1703 501 1793 Calpurniam
520 1699 631 1782 duxit,
655 1716 693 1764 ut
716 1716 840 1788 patrem
864 1700 932 1781 ejus
956 1701 990 1764 L.
1012 1702 1185 1789 Pisonem,

106 1827 213 1894 quem
232 1806 370 1869 alterum
387 1804 505 1868 facturi
519 1804 688 1867 consulem
701 1808 812 1884 erant,
829 1803 890 1867 hac
903 1802 1059 1868 affinitate
1070 1806 1187 1895 pigno·

104 1924 221 1972 ratum
245 1906 396 1987 haberet3
420 1929 488 1969 non
511 1904 734 1969 dissimulante
757 1906 896 1986 Catone,
920 1904 1038 1969 talibus
1062 1906 1185 1995 nuptiis

105 2008 225 2073 dotem
241 2031 258 2070 a
274 2007 439 2096 republica
457 1999 631 2095 imperium
645 2021 679 2069 et
692 2006 852 2070 exercitus
869 2006 948 2070 dari.

154 2109 370 2173 LXXXVIII.
384 2109 464 2173 Post
477 2108 563 2172 hanc
576 2106 785 2190 affinitatem,
800 2110 906 2173 Caesar
917 2108 952 2172 in
965 2126 1080 2174 senatu
1090 2110 1187 2175 Pom·

106 2212 224 2302 peium
238 2210 383 2299 primum
396 2210 590 2274 seutentiam
604 2232 717 2299 rogare
732 2209 843 2297 coepit,
856 2232 958 2296 quum
972 2210 1017 2274 M.
1032 2212 1185 2276 Crassum

107 2315 249 2395 soleret;
266 2312 359 2391 cujus
370 2313 417 2375 rei
432 2312 591 2375 rationem
605 2311 732 2374 senatui
745 2309 945 2375 reddendam
958 2312 1098 2400 putavit,
1110 2314 1186 2400 quia

108 2416 215 2480 moris
231 2430 316 2495 erat,
332 2428 389 2495 ut,
408 2435 508 2502 quem
524 2412 598 2500 quis
618 2410 754 2502 rogandi
779 2412 953 2477 sententias
972 2411 1117 2478 kalendis
1134 2414 1185 2496 ja-

108 2517 235 2582 nuariis
257 2516 450 2581 instituisset
470 2514 642 2597 ordinem,
668 2537 745 2577 eum
769 2529 840 2578 toto
863 2537 950 2579 anno
972 2533 1133 2583 servaret:
1152 2519 1187 2583 id

110 2641 250 2707 quoque
270 2641 356 2683 novo
379 2640 489 2699 more,
505 2639 609 2704 quum
626 2616 723 2697 olim,
744 2617 799 2703 qui
816 2616 965 2706 princeps
985 2618 1018 2680 in
1036 2634 1186 2684 senatum

110 2736 199 2786 esset
216 2721 339 2801 lectus,
354 2721 451 2785 etiam
463 2718 631 2782 sententie
645 2714 790 2781 dicendae
806 2733 890 2780 esset
905 2719 1067 2806 princeps.
1079 2719 1110 2783 N
1111 2741 1129 2782 e
1141 2720 1187 2784 sic

110 2821 248 2911 quidem
264 2822 405 2885 mutavit
418 2820 612 2884 sententiam
626 2819 781 2899 Bibulus,
799 2819 879 2905 quin
892 2841 955 2906 ope
968 2820 1068 2883 trium
1085 2820 1188 2884 tribu·

111 2946 236 2990 norum
257 2923 381 3012 plebis,
397 2923 458 2986 Cn.
480 2921 635 3001 Domitii,
657 2919 699 3002 Q.
717 2919 891 2999 Ancharii,
908 2920 945 2983 C.
965 2920 1099 3000 Fannii,
1116 2920 1187 2984 sul·

111 3027 238 3107 fultus,
257 3025 361 3113 legem
385 3021 558 3110 impediret
576 3036 665 3084 tanta
686 3019 881 3108 pervicacia,
906 3035 961 3100 ut,
982 3022 1186 3109 consumptis

112 3127 271 3193 omnibus
285 3147 384 3190 morae
400 3122 523 3203 causis,
536 3122 578 3187 ad
592 3138 775 3186 extremum
791 3121 824 3184 in
840 3121 985 3209 singulos
998 3121 1187 3188 consulatus

112 3233 165 3295 sui
184 3229 329 3316 reliquos
341 3227 409 3291 dies
420 3225 515 3299 ferias
525 3222 703 3305 indiceret3
721 3244 763 3286 ne
773 3222 859 3286 enlm
874 3219 960 3286 feriis
975 3222 1076 3288 coiret
1085 3245 1189 3314 popu·

111 3334 181 3413 Ius,
195 3330 323 3419 legibus
339 3328 518 3393 vetabatur.

156 3431 341 3502 LXXXIX.
365 3428 428 3500 Sed
447 3430 565 3508 Caesar,
582 3441 692 3516 spreto
710 3427 845 3507 Bibulo,
867 3425 1081 3491 nihilominus
1101 3450 1188 3516 prae·

114 3533 198 3619 dixit
214 3530 371 3613 comitiis,
389 3530 468 3618 legis
482 3528 622 3593 ferendae
636 3551 749 3610 causa,
766 3527 852 3592 diem
864 3551 873 3610 ;
891 3529 991 3617 inque
1004 3527 1092 3594 idem
1105 3546 1190 3596 tem·

116 3659 178 3724 pus
200 3633 400 3722 Pompeius,
423 3630 489 3711 jam
520 3629 617 3695 ducta
642 3629 746 3711 Iulia,
776 3630 907 3694 Caesaris
933 3653 1033 3719 gener
1058 3632 1188 3695 armatis

116 3736 241 3801 Urbem
257 3732 486 3822 compleverat.
503 3730 617 3797 Adfuit
629 3747 662 3795 et
671 3731 824 3814 Bibulus,
840 3731 1068 3820 instigantibus
1086 3730 1190 3794 Patri·

151 3945 168 4010 s
181 3945 323 3993 LXXXVI.
331 3943 397 3992 I'lnt.
408 3946 434 3990 ln
443 3943 507 3991 Caes.
518 3952 543 3989 et
554 3942 642 4005 Pomp.
653 3967 687 3978 -
697 3941 755 3988 Dio.
766 3967 802 3976 -
812 3937 828 4003 s
838 3937 995 3986 LXXXVII.
1005 3937 1060 3985 cic.
1070 3935 1101 3984 ad
1112 3937 1190 3986 attic.
1201 3993 1213 4020 ,

117 4032 156 4087 II,
172 4044 211 4090 17.
225 4055 261 4066 ·-
275 4031 378 4079 Sueton.
395 4027 421 4076 in
435 4026 497 4075 Caes.
514 4045 535 4074 c.
551 4041 595 4074 ao.
612 4051 647 4062 -
664 4026 771 4090 Appiam
791 4050 826 4061 -
840 4022 899 4070 Dio.
919 4019 1026 4068 -velt
1041 4021 1078 4080 ll,
1099 4028 1141 4076 44.
1155 4049 1191 4058 -

118 4113 135 4176 s
147 4113 317 4161 LXXXVIII.
330 4111 409 4176 agell.
424 4112 469 4171 IV,
484 4125 531 4170 ro,
545 4121 570 4191 et
580 4110 653 4167 XIV,
665 4125 689 4169 7.
700 4135 736 4148 -
745 4108 802 4156 Dio.
817 4133 851 4146 -·
860 4106 912 4156 Cic.
923 4120 969 4169 pro
982 4106 1049 4153 Sext.
1060 4120 1082 4152 c.
1094 4105 1136 4154 53.
