2875 4900
317 348 384 447 176
481 348 549 418 JO.
576 346 910 418 FREINSHEMII
943 348 1185 416 SUPPLEM.

312 492 416 558 nuper
434 466 660 556 Hispaniarum
679 481 831 553 praetores
850 467 1037 531 consulibus
1054 467 1172 531 auxilio
1191 466 1361 529 miserant:

311 594 387 635 curn
409 569 460 633 his
484 566 696 657 praecursores
721 566 816 631 Sullae
838 582 1004 631 contracto
1028 566 1069 631 ad
1086 566 1210 631 Clanim
1232 562 1362 629 flurium

311 670 452 759 equestri
464 668 589 757 praelio,
604 668 731 732 circiter
742 668 973 757 quinquaginta
988 668 1193 747 occiderunt3
1208 666 1363 731 ducentos

311 770 513 861 septuaginta
533 792 600 832 non
621 784 749 856 captos,
770 766 827 833 sed
842 784 958 858 sponte
975 785 1203 859 transgressos,
1223 766 1364 831 deduxe-

310 888 389 937 runt
397 870 438 935 ad
451 870 687 957 imperatorem.
698 868 820 950 Carbo,
832 870 1019 957 recognita,
1033 870 1178 935 infensus
1187 868 1363 945 Celtiberis,

311 989 344 1037 et
356 994 465 1061 parem
485 971 687 1060 reliquorum
704 968 872 1057 perfidiam
890 986 1055 1051 metuens,
1077 967 1292 1034 circumdatos
1310 990 1363 1031 va·

310 1072 375 1137 lida
389 1092 489 1135 manu
504 1092 616 1135 omnes
631 1069 812 1135 trucidavit.
825 1070 949 1135 Eodem
963 1086 1108 1159 tempore
1120 1070 1206 1135 Sulla
1218 1091 1293 1133 curn
1306 1070 1365 1133 alia

310 1188 401 1261 parte
415 1172 581 1261 copiarum
595 1172 630 1234 io
644 1194 722 1261 agro
738 1171 900 1236 caletrano
917 1172 1000 1237 circa
1011 1172 1192 1237 Saturniam
1205 1170 1364 1234 coloniam

309 1271 477 1360 oppositos
488 1271 549 1335 sibi
558 1270 668 1335 hostes
677 1271 772 1353 ricit3
784 1288 817 1335 et
829 1272 992 1355 Metellus,
1004 1274 1189 1335 Ravennam
1202 1270 1364 1359 navigans,

309 1373 475 1436 untanum
487 1391 601 1460 agrum
614 1362 747 1460 planum
762 1388 795 1435 et
809 1374 964 1437 frumenti
978 1375 1114 1437 feracem
1128 1373 1161 1435 in
1175 1386 1364 1460 potestatem

308 1472 444 1561 redegit.
1072 1480 1074 1487 “

353 1574 474 1639 XVIII.
493 1575 571 1639 Alie
592 1596 725 1663 quoque
748 1575 878 1639 sullanae
900 1574 1001 1664 copiae
1022 1573 1056 1638 in
1078 1573 1364 1661 Neapolitanorum

308 1674 465 1764 oppidum
481 1690 583 1739 noctu
596 1674 800 1763 proditorum
818 1698 915 1764 opera
931 1676 1065 1763 recepti,
1080 1674 1262 1763 promiscua
1279 1672 1364 1738 erede

309 1776 554 1864 compleverunt
585 1776 715 1858 omnia,
748 1777 956 1864 triremesque
986 1777 1121 1841 civitatis
1148 1774 1364 1841 abduxerunt.

307 1876 430 1958 Etiam,
446 1892 484 1941 ut
501 1877 624 1964 ubique
642 1877 754 1942 eadem
776 1878 916 1965 partium
939 1881 1068 1942 fortuna
1090 1890 1186 1956 esset,
1205 1875 1239 1939 in
1258 1875 1364 1962 spole-

306 1978 383 2043 tinis
396 1978 517 2066 eampis
530 1977 705 2065 Pompeius
721 1980 920 2067 Crassusque
931 1978 1209 2043 Carbonianorum
1226 1975 1285 2039 tria
1297 1975 1364 2038 mil·

305 2077 347 2142 lia
365 2077 597 2158 conciderunt,
612 2078 837 2167 Carinatisque
851 2094 953 2143 castra
971 2075 1259 2143 circumsederunt.
1274 2074 1365 2137 Inter

306 2177 375 2244 hec
391 2178 479 2242 Sulla
497 2177 685 2265 Carboque,
703 2179 806 2267 capita
822 2179 1020 2260 factionum,
1039 2176 1126 2265 apud
1142 2175 1305 2255 Clusium,
1323 2174 1364 2238 ab

306 2279 431 2341 oriente
450 2276 502 2341 die
520 2276 561 2342 ad
581 2277 784 2342 occidentem
801 2280 973 2343 commisso
993 2279 1120 2368 praelio,
1139 2292 1256 2341 neutro
1271 2276 1365 2340 incli-

307 2394 404 2442 nante
413 2378 563 2460 victoria,
578 2379 783 2443 tenebrarum
793 2395 988 2468 superventu
1003 2376 1152 2467 dirempti
1162 2390 1247 2440 sunt.
1258 2376 1364 2440 Carbo

307 2477 425 2542 deinde
440 2479 547 2566 copias
564 2501 695 2568 magnas
710 2480 752 2544 ad
768 2479 975 2544 eximendum
992 2479 1161 2544 obsidione
1181 2477 1363 2542 Carinatem

307 2578 412 2661 misit;
429 2578 549 2665 quibus
565 2579 718 2643 insidiaea
736 2581 822 2644 Sulla
839 2581 969 2669 positae,
988 2595 1020 2643 et
1038 2579 1080 2643 ad
1103 2578 1169 2642 duo
1192 2577 1290 2641 millia
1312 2579 1365 2640 in-

306 2679 456 2766 terempti
473 2695 559 2743 sunt.
583 2681 731 2762 Carinas,
749 2680 865 2746 loedam
889 2680 1030 2746 tenebris
1052 2694 1085 2743 et
1105 2679 1212 2766 pluvia
1233 2693 1365 2742 noctem

305 2797 437 2860 nactus,
450 2802 490 2843 ex
504 2780 583 2844 locis
596 2781 715 2868 iniquis
729 2783 903 2846 exercitum
915 2781 956 2845 ad
968 2781 1087 2845 tutiora
1101 2777 1250 2860 deduxit3
1264 2779 1366 2866 magis

306 2879 601 2964 dissimulantibus,
622 2905 719 2968 quam
743 2883 860 2971 ignaris
879 2881 1045 2962 hostibus,
1064 2878 1154 2967 quod
1176 2879 1261 2942 inter
1282 2901 1366 2944 oseca

306 2981 514 3046 tenebrarum
543 2999 576 3046 et
606 2983 801 3072 tempestatis
828 2981 869 3046 ad
894 2981 995 3071 proelii
1022 2981 1164 3044 laborem
1197 2979 1367 3067 aleamque

305 3079 436 3169 prodire
455 3081 595 3170 pigebat.

349 3181 438 3244 XIX.
452 3181 531 3246 Post
545 3181 615 3246 haec
626 3182 733 3246 Carbo
746 3183 788 3247 ad
797 3181 1000 3247 liberandum
1010 3181 1185 3261 Praeneste,
1199 3179 1256 3243 ubi
1271 3182 1368 3246 colle-

306 3302 378 3367 gam
391 3282 475 3344 farne
487 3284 591 3369 premi
603 3299 819 3372 compererat,
833 3283 989 3346 Marcium
1004 3302 1078 3345 cum
1093 3297 1168 3344 octo
1179 3279 1367 3367 legionibus

307 3381 405 3444 misit.
420 3382 482 3444 Eas
494 3384 638 3471 angustis
649 3385 728 3448 locis
740 3383 862 3450 insidiae
872 3382 1016 3471 Pompeii
1031 3403 1133 3469 quum
1146 3380 1366 3467 excepissent,

306 3481 382 3568 fuga
397 3495 582 3570 stragesque
599 3483 683 3548 facta
698 3501 765 3566 est,
784 3502 817 3550 et
832 3486 867 3549 in
886 3484 1050 3548 tumulum
1067 3481 1258 3570 quemdam,
1273 3485 1367 3570 quod

306 3595 464 3661 evaserat,
490 3583 656 3660 rejectum.
681 3585 838 3666 Marcius,
863 3607 929 3648 non
955 3583 1118 3647 exstinctis
1144 3581 1294 3670 ignibus,
1325 3607 1369 3648 ne

306 3679 477 3744 consilium
495 3681 705 3770 proderetur,
722 3684 762 3748 ad
783 3685 983 3765 Carbonem,
1004 3699 1092 3746 utre
1109 3680 1292 3768 desperata,
1314 3707 1368 3746 re-

305 3780 468 3871 fugiebat3
487 3781 543 3846 sed
559 3784 685 3871 prodita
705 3809 757 3868 re,
777 3786 934 3851 seditiosis
954 3785 1091 3848 militum
1109 3783 1242 3847 vocibus
1264 3785 1369 3872 agita·

307 3899 377 3964 tus,
402 3899 581 3971 auctorque
603 3883 809 3969 insidiarum,
832 3911 911 3976 quas
934 3902 1040 3950 essent
1062 3885 1162 3974 passi,
1186 3885 1368 3974 appellatus

343 4089 451 4153 garn.
464 4091 571 4156 appan.
583 4091 655 4142 caesi.
664 4095 707 4144 ru.
718 4098 738 4144 1.
748 4123 781 4134 -
794 4096 846 4144 uv.
855 4095 982 4154 xxxix,
994 4075 1034 4142 si.
