2875 4900
249 415 1025 489 ttttoc..mss.xcv111Ltvllttt.
1103 415 1171 514 327
1267 491 1269 502 ,

95 533 266 623 apparuit,
284 534 481 600 creditorem
504 534 538 597 in
563 535 653 600 bona
676 535 808 600 obserati
827 537 990 600 hactenus
1013 537 1120 622 misit,
1138 557 1175 604 ut

95 652 242 725 quartana
269 636 436 700 redituum
462 653 589 724 partem
614 637 819 726 perciperet:
843 637 887 700 ita
912 659 1019 725 neque
1044 635 1174 704 debitor

94 741 226 829 egebat3
245 740 493 814 etfoenerator‚
513 738 604 804 haud
627 740 728 829 longo
755 755 921 829 tempore,
939 739 1116 829 quoderat
1131 741 1172 806 ab

93 845 160 928 ipso
172 843 383 930 profectum,
400 863 478 906 cum
492 841 601 906 usuris
618 839 659 905 ad
675 839 900 928 praescriptum
914 863 933 904 a
949 842 1086 906 Lucullo
1103 865 1173 906 mo-

94 943 169 1010 dum
188 943 418 1032 recuperabat.

133 1047 188 1110 tv.
216 1045 322 1130 Quod
339 1046 366 1109 si
382 1045 456 1134 quis
473 1067 590 1110 usuras
603 1045 813 1133 applicuisset
828 1045 928 1126 sorti,
946 1061 980 1110 et
999 1060 1120 1110 sortem
1139 1065 1172 1111 et

94 1170 204 1214 usuras
220 1148 407 1214 amittebat.
426 1148 496 1212 Hac
511 1147 664 1235 :equitate
684 1166 754 1209 rem
772 1145 870 1236 paulo
885 1162 961 1210 ante
977 1143 1171 1234 desperatis-

93 1249 202 1313 simam
218 1249 383 1330 confecit,
400 1261 439 1312 ut
452 1248 538 1312 intra
551 1246 805 1335 quadriennium
822 1248 913 1312 omni
927 1246 1040 1312 debito
1057 1249 1171 1314 libere·

93 1366 178 1414 retur
191 1353 291 1434 Asia,
308 1368 342 1416 et
354 1353 597 1441 possessiones,
609 1348 809 1438 obligatione
822 1349 954 1430 solutae,
970 1349 1012 1414 ad
1025 1372 1100 1433 eos,
1114 1353 1170 1440 qui

92 1467 181 1516 antea
204 1467 407 1532 tenuerant,
428 1465 681 1515 reverterentur.
708 1449 780 1512 Hoc
800 1464 895 1538 paeto
920 1449 1058 1538 duplum
1081 1453 1170 1535 ejus,

92 1551 179 1638 quod
200 1553 384 1635 dederant,
406 1553 518 1642 paucis
540 1551 635 1616 annis
655 1550 822 1638 assequuti
848 1549 1081 1635 soenerstores,
1100 1578 1167 1620 non

92 1652 163 1717 ideo
178 1655 416 1742 quiescebant:
433 1676 530 1736 narn,
547 1668 586 1717 nt
602 1651 663 1742 ipsi
675 1648 900 1716 subduxerant
911 1652 1090 1736 calculum,
1102 1677 1170 1720 non

93 1755 306 1846 qaudraginta
332 1756 432 1845 ipsis,
464 1754 524 1822 sed
550 1769 683 1820 centum
712 1753 826 1846 viginti
851 1753 1047 1820 talentorum
1072 1757 1171 1823 millia

93 1854 308 1925 debebantur.
331 1863 492 1925 Caetemm
513 1859 548 1924 in
571 1858 739 1947 provincia
763 1879 884 1922 novare
904 1857 986 1922 nihil
1006 1875 1167 1948 poterant.

94 1958 227 2025 Romam
244 1961 451 2051 scripserunt
463 1960 506 2026 ad
523 1983 621 2041 suos,
639 1959 857 2046 tribunosque
875 1958 1000 2047 plebis,
1025 1983 1170 2026 commo·

94 2058 168 2124 dum
190 2062 365 2151 pristinam
385 2063 497 2128 omnia
517 2060 673 2128 turbandi
689 2061 851 2128 licentiam
867 2060 1022 2150 adeptos,
1037 2066 1169 2128 mercati

95 2179 185 2244 sunt,
203 2181 243 2228 ut
259 2165 595 2252 actis¹desideriisque
610 2163 737 2229 Luculli
753 2162 989 2251 obstreperent

134 2264 172 2328 V.
191 2269 236 2330 At
247 2268 304 2332 ille
318 2290 455 2356 magua,
469 2290 544 2334 non
554 2265 644 2355 apud
657 2288 751 2330 suam
762 2263 864 2330 modo
879 2265 1099 2352 provinciam,
1114 2263 1170 2330 sed

95 2365 281 2451 universos,
299 2369 401 2459 gloria
419 2368 543 2457 (justos
557 2368 645 2432 enim
662 2367 888 2457 magistratus,
906 2366 1003 2434 rebus
1020 2366 1098 2455 ipsis
1114 2389 1169 2431 co·

95 2460 260 2553 gentibus,
279 2493 486 2560 unaquaeque
499 2470 611 2535 civitas
625 2468 755 2555 laudat)
773 2468 894 2556 Ephesi
905 2468 1049 2535 residens
1061 2470 1167 2535 Asiam

97 2572 312 2638 constituebat
332 2574 477 2663 legibus,
499 2572 687 2639 cumulabat
710 2570 775 2635 lide
798 2571 907 2661 pacis,
928 2571 1023 2637 bonis
1042 2591 1169 2661 specta-

96 2669 170 2735 culis
178 2675 294 2757 etiam,
305 2673 458 2763 ludisque
470 2673 722 2762 triumphalibus
734 2695 835 2761 seque
844 2688 877 2737 et
888 2673 975 2737 illam
985 2675 1167 2739 recreabat:

96 2768 228 2840 vicissim
246 2777 282 2841 in
298 2777 459 2840 honorem
474 2776 544 2855 ejus
558 2775 690 2840 Asiatici
704 2771 921 2838 instituerunt
932 2774 1104 2856 Lucullos,
1122 2800 1171 2839 ce·

98 2868 336 2965 lebraruntque.
359 2875 460 2942 Dedit
478 2874 598 2941 deinde
615 2879 679 2963 Ap.
697 2874 834 2940 Claudio
851 2896 1004 2963 operam,
1026 2874 1069 2939 de
1085 2876 1170 2963 lega-

100 2970 179 3040 tione
193 3002 255 3044 sua
270 2980 424 3043 referenti
442 3002 450 3043 :
467 3000 544 3043 eum
554 2978 633 3066 regii
644 2978 771 3041 riamrn
783 2974 903 3057 duces,
920 2975 1019 3064 longo
1033 2976 1170 3041 circum·

99 3071 159 3157 ltu,
182 3097 215 3144 et
236 3080 381 3149 sinuosis
407 3081 565 3145 itinerum
592 3078 792 3143 anfractibus
811 3075 1040 3157 detinuerant,
1063 3077 1168 3143 donec

100 3195 217 3245 sservo
231 3183 371 3264 doctus,
385 3204 486 3269 quern
500 3182 634 3245 natione
652 3181 773 3267 Syrum
794 3198 906 3243 secum
928 3176 1088 3259 habebat,
1107 3177 1168 3244 illis

100 3278 194 3347 valere
213 3284 333 3366 jussis,
354 3285 466 3374 paucis
485 3283 601 3348 diebus
619 3279 661 3346 ad
684 3279 903 3369 Euphratem,
925 3296 977 3359 et,
994 3301 1090 3345 amne
1111 3304 1167 3347 su-

101 3395 220 3468 perato,
237 3385 446 3449 Antiochiam
462 3383 622 3474 pervenit.
1169 3451 1172 3461 ,

99 3544 104 3550 .
138 3479 190 3549 Vl.
206 3488 329 3552 Aberat
342 3488 516 3577 Tigranes,
531 3501 583 3567 et,
599 3483 801 3549 Ptolemaide
814 3498 922 3571 capta,
937 3482 990 3546 eui
1007 3505 1042 3547 se
1056 3484 1167 3573 regina

102 3577 190 3665 Syriae
203 3590 375 3676 Cleopatra
388 3588 582 3669 incluserat,
597 3587 738 3675 reliquas
750 3584 920 3651 Phoenices
933 3584 1032 3649 urbes
1045 3585 1167 3651 obibat.

102 3675 216 3751 Idcirco
228 3689 372 3777 Appius,
381 3688 462 3753 dum
475 3690 568 3753 illum
581 3687 771 3776 opperitur,
786 3688 964 3752 nonnullos
979 3686 1167 3776 regulorum

104 3773 345 3879 hatttlt'quaquam
362 3813 457 3878 atquo
473 3792 584 3857 animo
599 3788 751 3878 Tigranis
768 3810 848 3878 opes
869 3788 990 3854 intueri
1012 3811 1168 3873 cernens,

105 3877 224 3956 illorum
241 3895 369 3958 animos
383 3894 538 3958 Romanis
552 3892 766 3957 conciliabat:
788 3914 930 3980 quorum
945 3908 978 3955 et
989 3890 1168 3955 Zerbienus

105 3982 172 4066 luit,
191 3994 443 4083 Gordyenomm
467 4019 541 4076 rex,
567 4018 665 4083 quarn
683 4010 814 4084 gentem
836 3992 965 4079 Gordys
983 3990 1168 4057 condidisse

135 4172 485 4249 §happens-rueret.
