2875 4900
285 413 331 484 70
460 391 531 459 Jo.
558 389 895 460 rnsrusnnmr
926 343 1173 460 sueretu.

329 509 436 574 XXX.
453 539 466 564 ι
475 511 491 574 J
493 531 545 573 am
560 510 639 574 olim
653 511 688 574 in
703 511 831 576 civitate
846 527 959 576 nostra
971 510 1046 576 dute
1057 511 1148 574 velut
1163 526 1271 599 partes
1284 511 1360 575 fue-

285 641 298 666 «
309 625 388 674 runt
404 631 413 674 ε
434 611 533 674 altera
548 610 700 694 Petrum,
723 613 780 700 qni
795 613 907 678 nescio
921 634 982 676 cur
997 615 1160 700 optrirrates
1175 626 1356 691 vocentnr3

284 713 404 775 «altera
427 710 603 792 libertatis,
626 733 718 799 qun,
744 715 822 802 quia
848 713 1052 778 multitudini
1076 712 1239 800 precipue
1265 729 1357 801 grata

285 833 378 876 nesse
390 811 521 894 debuit,
538 834 606 876 non
618 814 675 878 abs
687 837 723 878 re
730 814 898 904 popuhni
910 830 960 879 est
973 814 1150 878 nominata.
1162 812 1279 900 Neque
1293 835 1357 876 nos

285 914 406 994 «hujus
427 913 596 978 discordie
612 932 761 981 auctores
775 939 906 999 sumus,
921 915 997 996 sed,
1013 915 1111 979 simul
1123 929 1222 1001 atque
1237 937 1355 1002 regum

287 1037 349 1078 «ex
361 1015 450 1079 Urbe
467 1015 620 1080 submota
635 1035 776 1105 potestas
791 1034 857 1100 est,
876 1035 1007 1082 senatus
1018 1017 1092 1098 jura
1106 1017 1193 1104 regia
1207 1015 1269 1079 sibi
1282 1017 1357 1080 vin-

255 1145 257 1151 ’
284 1114 414 1180 «dicare
428 1118 554 1182 voluit:
574 1117 684 1205 plebs,
705 1141 804 1206 quarn
819 1120 854 1182 in
872 1118 1003 1208 regibus
1020 1139 1089 1181 non
1103 1117 1230 1180 tulisset
1244 1115 1357 1180 domi·

286 1216 492 1299 «nationem,
511 1239 582 1282 eam
600 1219 641 1282 ab
658 1220 728 1284 aliis
742 1220 867 1284 civibus
881 1219 970 1308 pati,
982 1217 1158 1306 indignum
1175 1216 1357 1280 intoleran-

286 1316 455 1405 «dumque
468 1317 632 1398 judicavit.
650 1321 700 1388 Ab
715 1343 757 1386 eo
773 1337 937 1409 tempore,
952 1317 1114 1408 quidquid
1126 1339 1186 1406 per
1198 1317 1285 1406 leges
1298 1334 1359 1380 eut

288 1437 447 1486 «armatas
463 1421 663 1510 quandoque
674 1421 852 1488 discordias
866 1439 976 1486 actum
993 1435 1058 1502 est,
1075 1418 1111 1483 id
1126 1441 1225 1483 omne
1236 1441 1362 1507 coper-

288 1522 427 1603 atinuit,
443 1537 482 1586 ut
494 1523 545 1587 vel
563 1524 598 1586 in
619 1523 864 1588 multitudinem
882 1522 1044 1588 dominari
1059 1521 1155 1609 pauci
1176 1537 1358 1608 cuperent,

289 1623 361 1686 «vel
385 1622 538 1688 adversus
570 1623 780 1712 cupiditatem
805 1644 986 1712 paucorum
1007 1621 1061 1702 jus
1091 1641 1189 1684 suum
1212 1620 1359 1707 populus

289 1739 475 1788 ·assereret.

333 1821 455 1888 XXXI.
471 1853 484 1879 ι
494 1823 584 1888 Inter
597 1824 666 1889 baec
681 1824 880 1913 quandoque
893 1841 1081 1913 praestantes
1095 1824 1217 1887 virtute
1233 1845 1272 1886 ac
1286 1845 1359 1886 me·

289 1925 381 1989 «ritis
398 1925 457 1988 viri
475 1927 680 2006 exstiterunt,
698 1927 812 2014 quiex
828 1943 923 2014 aequo
939 1925 1093 1990 invidiam
1113 1924 1309 2006 nobilitatis,
1326 1941 1361 1988 et

292 2024 475 2088 alevitatem
494 2026 607 2114 populi
625 2025 771 2092 odissent
789 2048 798 2091 ε
819 2027 862 2109 ἰὶ,
880 2043 1035 2114 tanquam
1056 2024 1183 2090 solliciti
1206 2025 1361 2112 cautique

291 2125 557 2215 ⁴·gubernatores,
569 2127 655 2190 inter
664 2144 847 2217 pugnantes
856 2144 972 2193 ventos
981 2128 1025 2190 ita
1034 2126 1222 2191 direxerunt
1230 2125 1313 2207 vela,
1322 2143 1361 2189 ut

291 2255 304 2282 ι
315 2225 413 2312 quam
429 2227 564 2290 minima
573 2227 746 2306 jactatione
759 2244 791 2292 et
802 2229 938 2310 offensa,
950 2251 989 2292 ac
1000 2226 1068 2291 fieri
1079 2249 1138 2314 per
1145 2242 1292 2312 tempora
1298 2227 1364 2288 ‹rei-

261 2393 264 2404 ,
292 2357 305 2382 ι
315 2327 452 2414 publice.
464 2345 590 2415 posset,
603 2328 844 2416 tranquillitatis
855 2347 953 2417 etque
965 2327 1145 2393 securitatis
1155 2330 1290 2415 portum
1302 2327 1363 2390 ob·

292 2428 468 2496 itinerent.
483 2429 591 2495 Sedet
604 2431 665 2521 ipsi
679 2431 743 2513 illi,
758 2433 886 2521 quoties
901 2430 1084 2512 destinatis,
1099 2452 1164 2517 qne
1175 2427 1363 2493 institerant

293 2530 382 2610 «via,
397 2531 494 2618 potiri
503 2554 598 2619 posse
607 2530 839 2620 desperarunt,
852 2532 1077 2621 indignatione
1088 2547 1121 2594 et
1131 2528 1209 2594 odio
1219 2529 1363 2611 efferati,

294 2629 408 2718 «quod
429 2631 512 2695 effici
528 2634 737 2720 persuasione
754 2656 793 2699 ac
807 2634 956 2698 moribus
972 2632 1145 2721 nequibat,
1162 2631 1196 2695 ri
1213 2647 1247 2693 et
1262 2631 1364 2695 armis

295 2763 308 2787 ι
317 2733 444 2819 assequi
458 2748 673 2797 tentaverunt.
979 2750 982 2755 ·

339 2834 479 2899 XXXII.
496 2864 512 2889 ι
522 2833 572 2898 Ab
589 2834 638 2898 bis
654 2835 745 2898 velut
759 2835 922 2915 fontibus,
938 2849 1028 2897 tanta
1038 2833 1105 2913 jam
1118 2846 1227 2913 aetate,
1243 2852 1367 2919 proru-

297 2934 367 3023 upit
381 2934 541 2999 immensa
553 2935 601 2999 vis
613 2935 778 3000 undarum
794 2953 891 3023 atque
907 2933 1084 3016 fluctuum,
1099 2953 1171 3022 quae
1185 2933 1368 3021 rempubli-

295 3056 406 3118 «cam,
425 3034 521 3099 toties
541 3034 772 3101 crudelissimis
789 3037 1033 3125 tempestatibus
1048 3047 1214 3110 vexatam,
1232 3035 1267 3097 in
1285 3057 1367 3098 eum

295 3150 438 3202 «statum
465 3136 679 3226 redegerunt,
707 3160 805 3225 quem
832 3138 926 3202 inviti
949 3154 1182 3227 gementesque
1201 3135 1368 3201 videmus.

298 3236 385 3301 «sed
410 3238 586 3319 nimirum,
610 3238 891 3326 quemadmodum
914 3239 950 3302 in
975 3239 1126 3301 humanis
1149 3236 1370 3325 corporibus,

299 3368 312 3395 ι
322 3338 449 3424 quoties
462 3354 584 3401 tentate
599 3341 716 3403 morbo
737 3354 833 3420 sunt,
854 3356 965 3429 optare
982 3338 1143 3426 quidlibet
1162 3338 1254 3418 licet,
1273 3337 1369 3421 fieri,
1426 3401 1427 3408 χ

298 3466 311 3493 «
321 3439 384 3501 nisi
402 3438 492 3526 quod
512 3456 626 3503 natura
642 3442 799 3528 patiatur,
817 3463 885 3504 non
904 3456 1037 3529 potest:
1053 3440 1097 3503 ita
1113 3440 1148 3501 in
1167 3439 1228 3503 bac
1241 3440 1369 3527 gravis·

301 3539 403 3601 «sima
424 3538 558 3603 civitatis
581 3540 791 3627 egritudine,
816 3564 885 3605 non
907 3541 1056 3629 qualibus
1079 3542 1152 3628 quis
1171 3541 1280 3621 malit,
1305 3543 1370 3607 sed

299 3661 394 3726 aquae
406 3656 482 3703 sunt
494 3640 535 3703 ad
547 3658 739 3729 presentem
753 3664 850 3710 usum
862 3642 1193 3710 accommodatissima
1205 3642 1370 3728 remedia,

302 3738 363 3803 uiis
376 3738 538 3803 utendum
554 3756 613 3808 est.

321 3902 323 3911 ,
345 3841 498 3906 XXXIII.
516 3844 642 3907 :Etiam
656 3845 774 3910 medici
786 3845 937 3924 devenire
948 3844 991 3915 'ad
1005 3847 1129 3909 ferrum
1143 3860 1175 3908 et
1188 3845 1298 3933 ignem
1316 3870 1374 3910 so-

300 3942 405 4024 «lent,
420 3943 478 4006 ubi
491 3944 613 4011 leniora
628 3945 772 4014 remedia
787 3948 936 4034 pertinax
955 3946 1089 4013 morbus
1105 3945 1230 4033 respuit
1242 3968 1373 4034 :neque

327 4138 351 4207 s
363 4138 447 4188 XXX.
459 4142 553 4201 Varro,
564 4139 596 4189 dc
607 4140 656 4191 viu
668 4155 730 4208 pop.
739 4156 801 4190 roan.
811 4138 857 4191 lib.
867 4141 911 4193 IV·
