2875 4900
281 374 346 457 144
454 373 525 442 JO.
552 374 892 446 FIlEINSllEMIl
924 377 1168 449 SUPPLIIM.

274 514 364 555 venre
375 489 538 580 perpetuis
551 493 642 557 velut
652 492 806 559 fluctibus
817 496 1023 563 evolvuntur.
1038 500 1126 563 Eum
1141 500 1241 590 igitur
1251 503 1345 595 Saty-

275 616 364 676 nrm,
376 593 487 657 multis
497 592 649 658 adhibitis
658 595 819 661 variarum
832 597 979 685 gentium
988 598 1240 688 interpretibus,
1252 606 1343 669 unde

274 712 331 759 aut
347 695 498 783 quisnam
522 710 607 759 esset
628 695 880 785 interrogatum,
902 719 1007 784 quum
1026 699 1204 764 humanam
1225 724 1340 768 vocem

273 797 415 877 nullam,
435 794 492 861 sed
509 797 600 860 velut
618 818 657 860 ex
676 796 786 861 balatu
803 796 1002 886 hinnituque
1021 799 1195 865 confusum
1219 824 1341 867 sonum

272 896 441 978 edidisset,
466 896 554 961 Sulla
571 918 632 984 pro
653 913 802 962 monstro
821 914 984 964 aversatus
1007 922 1078 965 esse
1100 900 1249 969 traditur.
1271 905 1341 969 Nec

272 1000 357 1061 ultra
378 998 523 1085 reperio,
545 997 665 1063 dimitti
684 998 832 1081 jusserit,
856 1022 897 1063 an
920 1022 999 1065 vero
1021 1000 1144 1083 occidi,
1165 1018 1224 1069 aut
1247 1007 1340 1092 quod

273 1098 410 1163 ommno
422 1098 465 1162 sit
479 1120 520 1162 eo
536 1097 669 1163 factum.
683 1097 748 1163 Sed
759 1114 932 1187 postquam
947 1100 981 1163 in
996 1101 1187 1190 Satyrorum
1202 1106 1343 1170 mentio-

272 1222 348 1263 nem
367 1198 561 1281 incidimus,
575 1199 740 1265 neminem
757 1200 1034 1288 reprehensorum
1051 1216 1152 1291 puto,
1164 1204 1193 1269 si
1208 1228 1283 1293 quae
1297 1207 1341 1272 de

271 1301 322 1363 his
338 1300 419 1365 mihi
441 1301 539 1383 lecta,
555 1316 613 1365 out
627 1300 749 1365 credita
767 1316 862 1383 sunt,
875 1302 986 1390 paucis
1001 1324 1171 1391 aperuero.

314 1401 407 1464 XIII.
421 1400 634 1488 lamprimum
651 1415 688 1465 ut
700 1400 761 1465 alia
771 1404 889 1489 passim
906 1420 1087 1468 occurrunt
1098 1404 1133 1469 in
1148 1422 1264 1471 natura
1277 1430 1339 1497 pa-

269 1524 344 1567 rum
360 1502 586 1567 convenientia
603 1502 745 1591 legibus,
768 1524 849 1589 quas
865 1502 1017 1567 humanae
1032 1503 1204 1591 opiniones
1219 1506 1338 1597 imagi-

270 1618 410 1685 nantur,
425 1603 470 1667 ita
480 1603 595 1667 mixtas
613 1603 840 1667 hominumue
854 1602 1036 1667 belluarum
1048 1605 1170 1669 formas
1181 1607 1340 1672 exsistere

269 1724 382 1791 posse,
395 1702 512 1767 rationi
527 1704 661 1767 minime
674 1718 846 1792 repugnat.
861 1702 925 1767 Sed
940 1726 980 1767 ex
994 1702 1107 1769 eadem
1122 1706 1248 1771 ratione
1263 1730 1338 1772 ma-

269 1805 422 1869 nilcstum
439 1820 504 1885 est,
526 1826 594 1869 non
616 1803 691 1868 ideo
709 1804 819 1867 statim
838 1806 1006 1885 exsistere,
1024 1804 1187 1894 quidquid
1203 1823 1339 1895 potest,

268 1922 302 1969 et
312 1904 352 1970 de
362 1904 769 1987 omnireextraonlinaria,
777 1906 839 1969 nisi
847 1905 944 1969 bonis
954 1906 1101 1987 testibus,
1108 1908 1218 1997 inepte
1227 1909 1338 1977 credi:

269 2029 331 2072 nec
343 2008 403 2072 illis
414 2023 524 2071 tamen
539 2006 622 2070 ultra
636 2005 856 2087 credendum,
871 2028 969 2094 quam
986 2006 1096 2095 quoad
1109 2005 1220 2073 idonei
1235 2024 1338 2075 testes

268 2130 338 2178 esse
346 2088 493 2197 possunt
503 2107 608 2197 Igitur
617 2108 651 2171 in
661 2107 812 2196 praesenti
820 2108 964 2197 negotio,
974 2125 1162 2198 wnspectas
1171 2109 1337 2189 ejusmodi

267 2209 388 2274 formas
402 2210 671 2297 semicaprorum,
684 2230 760 2273 cum
775 2208 900 2273 lascivis
915 2208 1075 2297 foedisque
1088 2211 1247 2299 gestibus,
1262 2234 1336 2279 uon

267 2311 470 2401 negaverim3
487 2310 522 2374 id
541 2309 629 2374 enim
649 2332 668 2373 a
685 2309 796 2375 multis
816 2326 866 2375 est
888 2309 1057 2399 proditum
1074 2335 1083 2377 ι
1100 2312 1338 2379 animaliumne

266 2412 388 2478 suerint
400 2434 438 2478 ea
450 2434 603 2502 corpora,
619 2434 661 2478 an
677 2434 756 2478 vero
768 2410 957 2477 demonum
976 2411 1125 2497 fraudes,
1140 2412 1174 2478 id
1191 2414 1237 2478 illi
1253 2415 1337 2502 qui-

267 2513 341 2578 dem
359 2513 558 2603 distinguere
571 2512 825 2602 haudquaquam
839 2529 1029 2603 potuerunt.

310 2615 398 2680 xlv.
423 2616 571 2680 Montem
593 2617 776 2698 Atlantem,
804 2637 869 2703 qua
894 2631 1018 2705 spectet
1039 2615 1196 2698 Africam,
1218 2616 1335 2683 laetum

265 2735 496 2803 amoenumque
513 2715 701 2802 spontaneis
717 2713 895 2798 fructibus,
912 2715 1056 2782 interdiu
1068 2739 1207 2782 vacuum
1220 2722 1336 2803 cerni;

265 2816 418 2882 eumdem
434 2814 587 2879 noctibus
601 2815 719 2880 micare
731 2817 852 2880 crebris
865 2816 1015 2904 ignibus,
1027 2816 1225 2906 AEgipanm
1237 2820 1335 2909 Saty-

264 2939 443 3006 rorumque
459 2915 586 2980 lascivia
602 2916 748 3004 impleri,
762 2916 915 2983 tibiarum
928 2940 968 2983 ac
985 2917 1099 2983 listulae
1113 2935 1228 3001 cantu,
1244 2936 1337 3008 tym-

265 3038 493 3106 panorumque
505 3031 539 3081 et
552 3016 776 3104 cymbalorum
788 3019 899 3083 sonitu
910 3019 1083 3108 plusquam
1093 3021 1238 3084 humano
1248 3038 1336 3086 stre-

263 3141 357 3206 pere,
380 3117 531 3184 celebrati
555 3134 703 3183 auctores
726 3118 954 3208 prodiderunt.
975 3120 1083 3186 Etiam
1101 3121 1136 3185 in
1159 3120 1335 3212 AEtbiopia

260 3221 352 3298 juxta
366 3222 458 3286 silvas
474 3220 587 3304 ebeni,
607 3237 820 3310 montemque
832 3221 960 3288 aeternis
977 3222 1108 3312 ignibus
1122 3221 1333 3312 flagrantem,

263 3321 410 3386 modicos
424 3322 521 3386 colles
533 3343 666 3386 amoenae
678 3322 861 3410 opacitatis,
875 3345 950 3388 cum
962 3321 1177 3412 AEgipanibus
1191 3340 1225 3388 et
1232 3325 1334 3415 Saty-

262 3420 306 3482 ris
317 3419 450 3507 quidam
461 3438 654 3508 posuerunt.
668 3424 718 3487 De
734 3421 785 3486 bis
799 3422 842 3488 ita
858 3424 983 3506 sentio,
999 3447 1104 3512 quum
1115 3425 1222 3492 Africa
1230 3447 1334 3492 mon-

262 3521 335 3585 stris
346 3519 507 3603 abundet,
523 3521 756 3588 solitudinibus
766 3523 1001 3606 horreat,'Iieri
1015 3527 1177 3615 potuisse,
1190 3543 1228 3590 ut
1244 3531 1333 3594 emi·

261 3645 324 3687 nus
341 3637 512 3712 conspecta
529 3624 678 3688 animalia
697 3623 794 3688 fidem
813 3628 1153 3716 praetemavigantfflus
1171 3629 1332 3715 iecerint,

261 3724 489 3814 superstitione
499 3723 564 3820 jam
586 3726 767 3812 occupatis,
783 3726 901 3792 deinde
916 3727 1010 3792 solita
1022 3728 1127 3817 longis
1141 3730 1331 3819 peregrina-

260 3826 405 3892 tionibus
415 3825 536 3890 vanitas
554 3828 738 3908 accesserit,
756 3851 840 3893 nova
857 3845 890 3894 et
905 3828 986 3894 mira
1004 3828 1165 3894 narrandi.

293 4046 310 4112 S
327 4047 386 4094 m.
400 4045 463 4094 l’lut.
480 4071 515 4082 -
530 4045 556 4092 b.
567 4044 664 4110 Ampel.
678 4071 713 4080 -
726 4044 743 4110 S
756 4045 1036 4106 xlv.rltn.V,1;v1,
1058 4049 1105 4106 Io,
1120 4060 1145 4097 et
1154 4049 1228 4108 VIII,
1237 4051 1282 4106 54.
1291 4079 1330 4090 ..-

259 4133 335 4181 Solin.
345 4149 398 4198 cap.
410 4145 451 4190 ²7·
463 4157 497 4165 —
509 4129 595 4192 Pomp.
605 4127 682 4185 Mela,
691 4130 742 4187 Ill,
756 4144 795 4178 ro.
