2875 4900
264 415 320 483 IN
352 412 472 482 LOC.
498 414 594 482 LIB.
621 415 795 484 XCVIII
824 415 1032 486 LIVIANI.
1117 415 1182 504 341

108 537 286 617 miserant,
301 535 422 623 partim
441 557 478 599 ea
501 537 678 624 opinione,
692 535 785 625 quod
799 534 840 599 ad
857 533 1078 624 diripiendum
1094 540 1189 606 nobi·

107 637 271 701 lissimnm
296 637 336 702 iis
357 637 424 701 oris
449 638 563 700 fanum
585 638 727 703 Romani
752 637 1020 702 existimabantur
1040 639 1190 722 venisse,

107 738 221 800 omnia
243 737 333 826 apud
358 737 515 802 Barbaros
538 737 673 803 audacia
698 739 862 826 minisque
884 761 1059 826 personare
1082 764 1189 830 coepe-

105 853 206 904 runt:
224 859 333 927 neque
350 839 384 902 in
403 839 560 904 conviviis
574 841 680 928 regis,
697 863 806 929 neque
821 840 856 906 iu
873 840 1029 923 consilio,
1041 841 1110 906 aliis
1122 857 1190 906 erat

108 942 320 1005 sermonibus
336 941 439 1005 locus.

151 1044 258 1107 XLII.
273 1043 421 1123 Taxiles,
434 1043 511 1130 quia
524 1058 597 1107 tum
611 1065 747 1132 quoque
758 1065 904 1133 pugnam
917 1043 1050 1130 oblique
1065 1043 1190 1108 dissua-

107 1145 229 1226 debat,
252 1146 288 1208 in
312 1145 500 1233 periculum
522 1145 595 1210 ritae
617 1144 780 1210 adductus
805 1160 875 1226 est3
900 1144 1106 1210 Mithridates
1130 1169 1191 1234 pro

108 1247 230 1310 amulo
254 1245 450 1327 traductus,
479 1246 537 1334 qui
563 1262 686 1312 tantam
712 1247 848 1335 gloriam
876 1268 996 1335 genero
1021 1245 1190 1312 invideret.

109 1349 217 1436 Igitur
241 1371 312 1411 nou
337 1363 521 1436 exspectato
538 1349 614 1431 illo,
630 1371 673 1412 ne
688 1348 816 1411 veniret
837 1347 872 1414 in
894 1348 1035 1412 victoriae
1055 1341 1192 1414 societa-

109 1464 194 1530 tem,
213 1448 371 1538 'ligranes
393 1463 465 1513 toto
483 1471 560 1513 cnm
577 1449 723 1512 exercitu
743 1450 867 1530 movit,
888 1449 969 1514 nihil
987 1474 1079 1538 aeque
1103 1451 1194 1541 apud

108 1552 252 1630 amicos,
268 1564 307 1613 ut
321 1551 507 1632 ferebatur,
521 1565 675 1638 questus,
688 1571 788 1636 quam
801 1551 973 1638 quodcum
988 1569 1192 1618 unctantem

111 1651 262 1732 lucullo,
280 1675 321 1715 ac
333 1675 399 1714 non
416 1652 514 1716 sirnul
524 1651 669 1715 omnibus
685 1652 813 1714 romani
820 1651 936 1739 populi
950 1653 1079 1718 dswibus
1095 1655 1191 1720 dimi·

107 1756 196 1818 catio
212 1756 346 1818 uastaret
357 1777 370 1817 .·
388 1768 422 1817 et
442 1769 536 1820 erant
557 1775 603 1819 eae
625 1753 728 1835 vires,
751 1775 824 1840 qua
846 1751 1076 1820 modestiorem
1093 1758 1190 1834 etiam

106 1857 259 1921 arsimum
281 1855 402 1922 efferre
421 1855 629 1943 potuissent:
646 1853 830 1918 funditores
852 1869 885 1920 et
902 1855 1056 1942 sagittarii
1077 1858 1192 1946 viginti

107 1957 209 2022 millia
225 1957 454 2045 expleverant,
467 1957 593 2044 equites
607 1956 708 2023 millia
725 1956 874 2044 quinque
888 1973 922 2020 et
938 1958 1189 2048 quinquaginta;

107 2081 278 2148 quorum,
302 2073 342 2123 ut
364 2057 406 2125 ad
431 2073 583 2127 senatum
607 2058 736 2146 scripsit
759 2057 938 2140 Lucullus,
956 2059 1189 2146 septemdecim
1287 2078 1289 2082 ’

106 2163 209 2226 millia
223 2160 422 2249 cataphracti
437 2175 550 2241 eraut,
566 2161 670 2225 ferrea
691 2159 784 2226 omni
804 2159 921 2248 specie.
945 2159 1003 2226 His
1017 2162 1121 2252 gravis
1135 2185 1189 2225 ar·

107 2279 248 2328 maturae
275 2263 393 2330 milites
418 2277 554 2328 centum
579 2260 817 2350 quinquaginta
841 2260 941 2324 millia
968 2279 1187 2329 accesserant:

106 2366 264 2430 calonum
285 2385 421 2454 quoque
439 2379 472 2427 et
492 2363 696 2430 munitorum
711 2360 753 2426 ad
769 2377 887 2451 pontes
905 2363 1120 2448 sternendos,
1133 2389 1190 2430 cta·

107 2466 321 2554 dendamque
333 2464 502 2531 materiem
516 2481 550 2529 et
563 2464 684 2534 similes
700 2486 783 2533 usus.
793 2514 804 2548 ,
816 2464 950 2555 triginta
962 2466 1110 2557 quinque
1122 2470 1190 2535 mil·

106 2570 148 2633 lia
161 2566 398 2656 sequebantur.

107 2682 112 2691 '
149 2671 274 2737 XLIII.
297 2672 374 2737 Hoc
381 2684 512 2734 tantum
525 2692 662 2759 agarem
675 2668 735 2732 ubi
750 2669 894 2757 primum
910 2687 1062 2757 superato
1077 2672 1188 2739 Tauro

106 2772 255 2860 conspici
274 2794 293 2834 a
311 2771 552 2860 Tigranocertis
571 2771 699 2860 potuit,
716 2770 839 2835 obsessi
859 2794 899 2835 ex
917 2788 1008 2835 metu
1031 2774 1063 2835 in
1085 2774 1187 2840 auda-

105 2875 190 2939 ciam
216 2872 321 2953 versi,
340 2874 506 2937 Romanos
525 2873 692 2962 respicere
712 2872 934 2939 minitabundi
952 2873 1123 2954 jubebant.
1144 2882 1188 2942 At

105 2979 141 3040 in
161 2975 334 3064 principiis
356 2976 502 3041 romanis
527 2974 662 3039 diversae
687 2974 856 3039 sententiae
882 2973 1094 3057 dicebantur;
1111 2978 1187 3064 qui·

104 3076 248 3143 busdam
265 3074 508 3141 occsurendum
524 3077 613 3165 regi,
632 3077 701 3139 aliis
722 3097 789 3138 uon
810 3096 879 3138 esse
895 3073 1107 3139 deserendam
1125 3078 1188 3141 oh-

105 3178 272 3245 sidionem
288 3175 536 3241 affirmantibus.
553 3178 727 3258 Lucidius,
747 3191 905 3263 utrosque
920 3192 1009 3241 recte
1024 3180 1188 3245 censuisse

103 3281 242 3361 dicens,
256 3294 290 3343 ot
303 3295 458 3361 neutros,
473 3278 583 3343 divisit
595 3280 723 3367 copias,
740 3279 952 3365 Muraenaque
967 3301 1043 3343 curn
1060 3302 1116 3347 sex
1129 3304 1187 3370 pe·

102 3382 215 3447 ditum
232 3379 376 3445 millibus
394 3380 429 3443 in
447 3381 561 3446 castris
576 3381 710 3461 relicto,
727 3395 869 3469 quatuor
885 3397 917 3444 et
932 3382 1046 3471 viginti
1066 3384 1186 3449 cohor·

103 3503 175 3566 tes,
188 3486 224 3549 in
239 3483 360 3571 quibus
373 3482 463 3547 haud
474 3501 567 3549 erant
578 3484 717 3573 amplius
731 3482 844 3548 decem
857 3500 1057 3548 armatorum
1069 3488 1186 3571 millia,

102 3610 182 3651 cum
200 3586 296 3650 omni
310 3585 478 3673 equitatu,
496 3602 530 3649 et
545 3584 755 3651 funditorum
778 3584 1083 3676 sagittariorumque
1099 3591 1186 3657 mille

103 3688 198 3753 ducit
215 3688 251 3750 in
268 3687 452 3754 Armenios.

149 3788 268 3853 XLIV.
292 3786 343 3851 Illi
361 3802 492 3875 patente
507 3788 542 3851 in
557 3810 675 3876 campo
683 3788 778 3867 juxta
793 3786 915 3855 flumen
936 3807 1039 3855 castra
1057 3809 1184 3858 metan-

46 3972 52 3989 .
104 3906 172 3953 tem
188 3889 388 3977 conspicati,
408 3904 596 3977 contempta
615 3890 795 3978 paucitate,
812 3887 929 3959 ludum
943 3890 1121 3981 jocumque
1137 3896 1183 3959 la·

136 4106 154 4169 ς
166 4106 237 4153 XLI.
248 4104 301 4154 Cic.
313 4104 427 4169 prolege
436 4105 524 4157 stanit
536 4120 591 4171 cap.
606 4122 632 4169 ⁹·
645 4133 681 4143 -
694 4104 821 4154 Plutarch.
836 4129 871 4140 —-
885 4100 901 4167 5
914 4104 992 4151 nnn.
1005 4104 1102 4153 Sallust.
1117 4104 1182 4154 llist.

104 4191 148 4248 IV,
161 4205 187 4252 9.
203 4214 241 4226 -
253 4186 379 4238 Plutarch.
