2875 4900
284 396 353 477 add
450 393 518 459 JO.
546 388 882 458 FREINSHEMlI
914 386 1160 454 SUPPLEM.

248 521 251 530 ’
324 513 380 575 Vl.
401 512 493 574 lianc
510 508 563 573 ille
584 508 696 573 Duum
715 508 841 571 donum
862 528 932 571 esse
952 504 1110 593 lingebat,
1134 518 1166 569 et
1184 504 1329 591 supersti-

279 616 369 680 tiosae
379 612 468 701 genti
486 608 646 697 quidlibet
665 607 878 696 persuadebat
893 606 934 671 ab
950 606 1011 671 bac
1025 628 1083 693 per
1101 606 1240 693 quietem
1255 603 1328 669 edo·

279 714 343 779 ceri
363 736 371 777 ι
390 712 455 777 sire
473 710 581 774 hostes
598 709 703 796 aliqua
719 709 902 796 irrupturos
923 722 1142 795 compererat,
1166 707 1206 771 ab
1225 706 1282 770 bac
1299 728 1330 769 se

278 813 406 881 ‹boebat
422 812 647 889 admonitum
669 811 735 875 sire
753 832 803 873 res
822 833 841 873 a
860 810 926 875 suis
944 810 1028 873 bene
1048 824 1145 898 gestas
1161 822 1266 887 eraut,
1280 828 1331 871 oc·

278 915 425 995 cultatis,
450 912 507 999 qui
532 912 727 991 retulerant,
753 932 878 973 cervam
904 908 1105 998 producebat
1130 909 1174 973 ob
1197 908 1331 973 faustum

280 1016 435 1081 nuntium
449 1026 653 1091 coronatam,
665 1011 865 1098 jubebatque
877 1012 1035 1075 honorem
1052 1010 1170 1075 babere
1184 1009 1259 1089 diis,
1273 1010 1333 1073 cito

278 1120 388 1183 lutum
408 1112 532 1200 aliquid
553 1128 747 1200 gratumque
769 1110 949 1177 audituros.
969 1111 1131 1175 Sertorius
1149 1110 1331 1199 igiturnon

278 1237 419 1295 comam,
433 1212 508 1292 scd,
523 1235 621 1299 quam
636 1213 687 1276 ilb
702 1212 909 1292 conciliabat,
924 1211 1096 1275 utilitatem
1115 1213 1254 1300 perisse,
1271 1232 1335 1275 mo-

277 1320 356 1383 leste
366 1314 499 1380 ferebat.
516 1313 644 1377 Idcirco
657 1336 762 1400 quum
774 1328 870 1377 nocte
882 1311 1015 1399 quidam
1029 1328 1171 1379 errantes
1183 1336 1223 1377 ex
1232 1312 1334 1379 colore

277 1417 419 1506 agnitam
434 1413 775 1501 comprehendissent,
792 1414 992 1499 scirentque,
1008 1435 1158 1501 magnam
1175 1436 1210 1477 se
1226 1412 1288 1477 ab
1281 1434 1336 1475 ιιιι-

277 1533 423 1607 peratore
440 1516 574 1603 gratiam
591 1514 655 1579 boc
672 1514 782 1578 lacto
775 1516 934 1595 inituros,
951 1514 1120 1604 diligenter
1136 1515 1335 1579 nuntiarum.

277 1619 334 1685 Ille
350 1615 465 1707 grandi
479 1615 637 1702 promissa
651 1616 805 1702 pecunia,
822 1617 849 1679 si
864 1638 933 1679 rem
950 1632 1113 1715 tegerent,
1127 1632 1161 1681 et
1177 1638 1205 1679 st
1196 1603 1337 1703 'ridges-¹

278 1733 364 1798 scut,
377 1715 594 1804 supplicium
585 1715 813 1781 interminatus
821 1717 1010 1804 ,procepiu
1028 1730 1063 1783 ut
1074 1740 1145 1783 eam
1150 1730 1278 1805 postem
1290 1714 1337 1779 die

278 1819 441 1906 reparastis
451 1836 522 1879 ιιιιιι
535 1815 649 1896 boum,
663 1816 775 1903 ubijus
785 1816 912 1883 reddere
922 1832 991 1883 crat
1001 1816 1145 1899 saluus
1131 1820 1337 1883 immutarem.

321 1920 395 1983 Vll.
409 1918 484 2004 lpse
502 1918 597 1981 vultu
614 1915 765 1979 hilariore
784 1918 818 1979 in
838 1917 1005 2004 publicum
1026 1940 1235 2007 progressus,
1252 1916 1336 2003 prin·

278 2020 404 2108 cipibus
422 2018 659 2105 Hispanorum,
677 2018 735 2103 qui
752 2034 821 2081 turn
840 2016 989 2099 aderant,
1006 2016 1101 2099 dixit,
1115 2022 1150 2081 ἰιι
1164 2019 1271 2105 qur'ete
1288 2015 1341 2079 sibi

278 2125 380 2187 visum
395 2142 456 2184 csse
463 2167 473 2197 ,
491 2142 630 2198 cervam,
648 2141 722 2205 quoe
732 2121 889 2207 perierat,
906 2120 954 2183 ad
966 2142 998 2183 se
1012 2122 1123 2183 reverti
1129 2144 1143 2200 ‚·
1160 2134 1194 2183 et
1206 2120 1338 2206 pristino

278 2245 363 2287 more
370 2268 380 2300 ,
396 2219 577 2309 qus'dfocto
589 2232 665 2285 esset
676 2243 751 2308 opus
758 2268 768 2300 ,
780 2220 966 2308 prrediccrs.
977 2221 1067 2285 Inter
1078 2222 1147 2287 baec
1159 2220 1294 2285 dimisae
1305 2238 1339 2281 es

278 2323 462 2411 composito
476 2344 586 2401 cervo,
597 2321 656 2384 ubi
666 2321 845 2387 Sertorium
860 2322 1043 2409 conspexit,
1056 2321 1136 2385 laetis
1150 2320 1287 2385 saltibus
1302 2315 1339 2381 ad

277 2425 420 2496 tribuual
442 2424 560 2504 fertur,
579 2439 612 2486 et
633 2423 770 2512 genibus
789 2424 857 2503 ejus
881 2424 985 2511 capite
1005 2423 1177 2510 imposito,
1197 2421 1339 2504 dextram

277 2512 418 2590 sedentis
442 2524 535 2609 (nam
554 2527 741 2610 frequenter
762 2525 791 2588 ei
810 2541 937 2612 gratum
961 2525 1103 2611 aliquem
1125 2525 1239 2589 cibum
1263 2524 1340 2588 clam

277 2625 456 2713 obmlerat)
471 2649 530 2688 ore
545 2626 715 2713 contingit.
732 2626 862 2690 Clamor
875 2625 952 2690 inde
966 2627 1136 2707 factumst
1152 2643 1227 2692 orta
1243 2623 1342 2690 admi·
1398 2690 1400 2699 Α

277 2729 360 2792 ratio
374 2744 438 2806 est,
455 2742 648 2813 tantumque
660 2731 697 2790 eri
710 2727 895 2813 persuasio,
910 2725 971 2789 diis
986 2747 1098 2790 carum
1117 2725 1211 2790 hunc
1228 2724 1341 2789 ducem

278 2851 364 2909 esse,
380 2829 415 2890 in
428 2828 543 2892 animis
557 2827 845 2891 mobilissimorum
864 2828 939 2890 alias
960 2829 1132 2892 bominum
1148 2827 1273 2908 valuit,
1289 2841 1343 2902 ut,

277 2953 317 2994 ex
329 2929 368 2992 iis
384 2927 569 2992 nationibus
588 2929 751 2993 neminem
771 2951 916 3014 uuquam
930 2929 971 2994 ab
990 2953 1029 2992 eo
1046 2929 1220 3010 defecisse,
1242 2947 1343 3016 quum

278 3048 361 3096 esset
378 3032 488 3094 multis
504 3031 621 3117 praeliis
636 3046 823 3118 superatus,
842 3032 1004 3096 memoriae
1021 3031 1190 3120 proditum
1211 3031 1264 3096 sit.
1283 3027 1344 3094 Sed

278 3151 348 3201 tum
373 3133 513 3196 marimo
533 3131 708 3220 hominum
728 3153 910 3213 concursu,
937 3134 1028 3196 laetus
1050 3154 1205 3195 successu
1228 3130 1347 3196 fabule

277 3234 455 3314 Sertorius,
481 3249 514 3296 et
534 3233 660 3296 animos
680 3247 796 3320 sponte
818 3233 852 3294 in
876 3233 1141 3347 superstitionem
1163 3233 1346 3321 puecipites

277 3336 378 3447 magis
393 3334 610 3446 impuburus,
632 3334 728 3397 vultu
747 3357 783 3397 ac
800 3356 881 3398 voce
896 3334 931 3396 in
950 3333 1089 3421 speciem
1112 3333 1305 3493 religione'
1297 3353 1347 3396 ιιι-

277 3434 366 3499 censi
380 3433 568 3520 composito.

319 3533 408 3597 Vlll.
422 3533 761 3620 Sunt,inquit,dii:
777 3535 1050 3614 neosuutmodo
1064 3536 1236 3600 sedetiam
1250 3534 1349 3600 uobis

276 3634 420 3698 «events
435 3633 543 3696 Misus
555 3655 634 3698 saue
643 3635 747 3696 lloma
760 3634 931 3724 Pompeios
945 3659 1038 3716 suos,
1054 3637 1160 3700 mittat
1170 3635 1345 3700 Metellos!

276 3735 429 3799 «Utinam
447 3750 480 3797 et
495 3755 608 3821 regum
624 3734 677 3797 ille
693 3734 852 3818 domitor,
875 3754 981 3800 terror
1002 3737 1151 3802 omnium
1171 3740 1348 3824 gentium,

275 3857 439 3901 «romane
457 3834 612 3898 libertatis
633 3856 806 3923 oppressor
825 3837 911 3900 Sulla
928 3839 1149 3916 revivisceret,
1168 3851 1207 3898 ut
1223 3835 1346 3914 majora

275 3938 430 4002 «nomina
442 3936 662 4002 vinceremus!
679 3959 754 3998 nam
768 3953 806 4001 ut
817 3937 866 4002 hae
878 3937 1012 4025 quidem
1023 3959 1073 4002 res
1084 3952 1181 4015 eunt,
1197 3936 1347 4000 brorum

309 4132 326 4196 ς
337 4135 382 4180 v1.
393 4132 472 4197 Agell.
478 4134 537 4191 Π,
546 4149 589 4181 22.
604 4161 638 4172 -
650 4136 734 4180 Front.
752 4161 787 4171 -
799 4135 862 4184 Plct.
876 4163 908 4172 -
924 4135 940 4200 s
952 4137 1010 4184 vn.
1022 4137 1086 4185 Plut.
1096 4161 1131 4174 -
1142 4133 1234 4197 Apella
