2875 4900
255 373 308 441 m
337 369 450 439 coc.
476 369 570 437 ms.
596 367 746 435 xcvu
776 367 989 438 mvmm.
1090 371 1161 470 319

107 495 173 558 dem
187 495 319 573 Crasso,
334 491 411 578 quia
426 489 601 578 probibere
615 487 791 574 nequibat3
811 488 868 552 sed
882 489 1058 578 Pompeius
1073 495 1161 558 solus

106 592 320 681 pertenderet,
342 613 404 656 nec
423 590 485 654 sibi
508 590 668 679 glorioso,
688 611 750 653 nec
773 590 808 652 in
833 591 1067 678 rempublicam
1090 597 1161 662 utili

105 696 252 775 facinore,
264 715 338 784 qnae
348 694 467 756 iterum
478 691 520 754 ab
534 711 575 754 eo
586 689 748 778 principio
761 689 936 754 tribunitiis
949 690 1162 760 seditionibus

104 797 273 883 periculose
285 810 398 858 vexata
411 810 477 874 est,
496 791 604 856 donec
615 791 678 855 bac
689 813 824 879 quoque
840 815 909 856 non
921 793 1036 858 ultima
1052 796 1164 886 impel-

103 899 182 962 lente
196 920 292 961 oeusa
304 895 502 960 concideret.

140 999 323 1064 XXXVIII.
337 997 521 1062 Tribunitia
535 1010 677 1083 potestas
691 993 858 1075 restituta,
874 995 969 1058 traxit
984 1013 1017 1060 et
1025 997 1163 1077 judicio-

102 1120 167 1160 rum
182 1098 349 1174 ordinem,
363 1097 454 1185 quod
466 1118 582 1161 eorum
598 1095 709 1160 levitas
719 1087 1079 1184 flagitandae‘potestatis
1093 1101 1162 1181 ejus

100 1221 307 1290 permagnum
332 1198 529 1264 desiderium
556 1198 685 1261 fecerat.
709 1193 814 1283 Igitur
838 1197 873 1260 L.
892 1199 1044 1264 Aurelius
1068 1203 1163 1268 Cotta

101 1319 225 1386 praetor,
244 1303 374 1366 favente
395 1316 429 1364 et
447 1299 616 1363 annitente
637 1296 815 1384 Pompeio,
833 1295 954 1376 judicia
975 1299 1162 1388 adequitat

101 1406 275 1486 transtulit,
292 1426 361 1468 non
377 1417 417 1466 ut
434 1402 565 1490 penitus
586 1397 836 1463 excluderentur
851 1415 1034 1482 senatores,
1050 1402 1108 1468 sed
1125 1423 1163 1470 ut

101 1508 195 1585 maior
211 1523 298 1571 esset
316 1506 465 1594 equitum
480 1503 643 1592 potentia,
660 1501 910 1571 communicatis
926 1501 1012 1568 inter
1026 1521 1090 1569 tres
1108 1529 1164 1570 or.

100 1605 184 1671 (lines
198 1607 346 1691 judiciis,
365 1620 532 1686 senatum,
553 1604 696 1692 equites,
719 1617 753 1667 et
774 1602 923 1666 tribunos
941 1607 1087 1690 aerarios,
1105 1610 1163 1696 qui
1193 1599 1199 1612 ⁸

101 1707 194 1771 ferme
217 1724 312 1772 erant
334 1729 374 1772 ex
399 1707 575 1795 equitibus.
598 1704 719 1770 lisdem
748 1703 938 1768 consulibus
963 1705 999 1770 P.
1009 1709 1163 1798 Virgilius

100 1807 184 1873 hlaro
211 1827 309 1875 natus
334 1810 546 1898 perhibetur,
571 1806 681 1871 idibus
705 1805 868 1886 octobris;
893 1821 931 1870 ut
955 1807 1161 1894 publicorum

100 1926 224 1974 actuum
243 1911 470 1976 monumentis
492 1909 607 1973 natalis
622 1909 693 1989 ejus
710 1909 925 1988 insereretur,
944 1908 1065 1997 ingenii
1083 1935 1162 2000 ope-

102 2033 232 2100 mmque
254 2013 440 2102 praestantia
468 2012 613 2074 meritus.
637 2010 765 2072 Interea
788 2008 943 2072 Lucullus
968 2009 1161 2078 Cabirorum

99 2114 276 2194 castellum,
290 2136 367 2177 mun
383 2113 452 2175 aliis
466 2112 595 2192 multis,
612 2109 776 2175 custodias
793 2109 1021 2174 thesaurorum
1037 2114 1162 2180 vincto·

100 2233 248 2300 rumque,
266 2214 302 2276 in
324 2213 525 2277 deditionem
546 2211 687 2298 accepit,
704 2210 822 2299 passim
841 2210 883 2274 ad
903 2212 1060 2277 victorem
1079 2239 1161 2304 prte-

100 2311 183 2378 lectis
201 2315 301 2406 regiis
324 2313 568 2396 deficientibus,
591 2335 734 2401 quorum
755 2335 793 2375 ex
815 2335 954 2377 numero
976 2315 1161 2403 Strabonis,

100 2414 177 2499 ejus,
193 2419 250 2506 qui
268 2416 475 2509 geographiae
490 2415 749 2505 pulcherrimum
763 2435 847 2504 opus
862 2413 986 2498 edidit,
1000 2440 1079 2483 avus
1096 2425 1170 2487 ma-'

101 2532 220 2601 temus,
237 2518 430 2607 quindecim
445 2518 589 2597 castella,
605 2517 669 2581 fide
684 2532 831 2603 accepta,
848 2516 1034 2584 tradiderat.
1191 2522 1195 2530 '

140 2622 297 2687 XXXIX.
318 2621 446 2709 Magnae
466 2620 500 2682 iu
520 2619 560 2682 iis
581 2642 676 2707 opes,
696 2619 770 2681 tetri
791 2641 923 2705 quoque
945 2642 1087 2687 carceres
1109 2648 1160 2689 rc·

100 2722 188 2806 perti,
204 2722 329 2810 quibus
344 2720 446 2785 Graeci
459 2721 655 2807 Barbarique
672 2720 766 2783 multi
784 2720 862 2783 olim
878 2720 1046 2811 desperata
1059 2726 1161 2789 salute

101 2822 323 2888 attinebantur.
346 2824 438 2887 Inter
459 2823 521 2885 hos
544 2838 578 2885 et
600 2822 689 2909 Nysa
704 2821 836 2884 liberata
860 2837 926 2903 est,
945 2846 1039 2886 soror
1058 2826 1160 2915 regis,

102 2925 269 3014 eademque
284 2924 330 2989 ob
345 2923 578 3004 Nicomedem,
596 2924 650 2987 cui
672 2938 774 3009 nupta
792 2924 913 3007 luerat,
934 2924 1047 2989 hostis.
1067 2929 1159 2991 Hanc

101 3025 189 3111 igitur
206 3027 292 3092 nihil
311 3025 372 3090 nisi
387 3043 530 3090 extrema
546 3039 804 3112 exspectantem,
819 3025 985 3113 inopinata
1004 3028 1088 3091 salus
1108 3052 1160 3093 re-

102 3129 193 3212 spexit
209 3153 218 3194 :
235 3146 269 3194 at
289 3128 365 3191 alias
382 3128 534 3191 mulieres
551 3126 671 3216 regias,
695 3148 800 3213 quum
821 3128 934 3213 procul
954 3130 1046 3192 omni
1069 3149 1160 3195 metu

101 3228 200 3294 abesse
213 3229 422 3310 riderentur,
445 3230 537 3292 triste
556 3230 658 3291 fatum
678 3226 938 3314 comprehendit.
955 3230 1160 3298 Mithridates

102 3331 191 3412 enim,
209 3330 438 3419 desperatione
453 3349 564 3393 rerum
580 3351 714 3392 suarum
735 3328 842 3393 Ponto
856 3329 1034 3419 profugus,
1055 3358 1159 3421 quum

39 3417 40 3422 ἵ
100 3431 227 3495 venisset
240 3432 276 3494 in
291 3430 494 3509 Armeniam,
514 3452 575 3494 nec
587 3429 715 3493 admitti
729 3452 764 3493 se
774 3431 810 3493 in
827 3448 1039 3519 conspectum
1049 3436 1162 3525 Tigra-

101 3529 143 3591 nis
155 3530 298 3611 videret3
310 3531 446 3594 immani
455 3531 584 3595 tristitia
595 3546 628 3594 et
636 3553 774 3594 moerore
786 3552 958 3618 percussus
968 3536 1160 3603 Bacchidem

39 3609 40 3635 ¹
100 3634 281 3697 eunuchum
297 3634 401 3714 misit,
420 3649 458 3696 ut
475 3624 603 3697 sorores
622 3649 825 3719 uxoresque,
843 3649 876 3697 et
892 3636 1091 3703 concubinas
1108 3664 1160 3704 re-

39 3801 40 3836 i
129 3812 294 3874 §xxxvii
310 3814 433 3862 Plutarch.
448 3816 475 3861 in
493 3816 579 3877 Pomp.
596 3840 631 3849 —-
647 3816 741 3861 Ascon.
761 3812 786 3859 In
806 3811 890 3859 Diviu.
908 3814 971 3861 etin
984 3816 1053 3864 Verr.
1071 3819 1104 3863 11.
1124 3845 1159 3854 —

100 3891 187 3941 Sallust.
210 3897 312 3945 Catilio.
333 3913 388 3960 cap.
412 3898 454 3944 38.
476 3924 511 3932 —
532 3898 586 3944 Liv.
608 3896 674 3960 Epit.
696 3924 730 3931 —
757 3894 810 3943 Cic.
836 3894 867 3943 de
888 3898 960 3961 Legg.
985 3900 1036 3957 ΙΙΙ,
1069 3916 1095 3963 9.
1125 3930 1159 3937 —

39 4033 40 4036 Ἰ
100 3972 272 4035 sumu.
288 3979 340 4027 cte.
355 3980 382 4027 in
398 3979 483 4027 Dirin.
503 3996 556 4043 cap.
574 3980 601 4036 3,
623 3990 647 4027 tt
664 3996 712 4043 pro
730 3978 827 4027 Cluent.
841 3996 895 4043 cap.
911 3988 953 4039 ‘'07-
970 4009 1005 4017 —
1024 3982 1077 4030 Lis.
1092 3986 1158 4049 Epir.

101 4080 129 4091 -
140 4060 201 4110 rtur.
218 4090 255 4099 -
271 4066 364 4112 Asson.
380 4064 406 4110 in
423 4062 522 4113 Comei.
535 4074 560 4111 et
573 4064 655 4112 Pison.
672 4090 708 4099 -
724 4062 833 4125 Phlegon
842 4061 909 4126 apud
921 4062 994 4111 Phot.
1012 4092 1047 4101 -
1060 4067 1158 4115 Sallust.

101 4138 155 4189 utu.
166 4146 209 4205 tv,
222 4162 247 4205 ις
262 4146 330 4195 Edit.
340 4158 405 4195 nost.
416 4164 442 4211 p.
453 4155 513 4203 tra.
523 4150 569 4196 En.
580 4170 616 4185 -·
627 4149 687 4196 Ant.
698 4148 802 4210 August.
813 4146 843 4193 de
855 4146 936 4209 Legib.
946 4174 981 4185 —-
991 4149 1119 4203 Memnon.
