2875 4900
188 372 245 441 IN
271 372 393 461 LOC,
414 372 508 439 LIB.
534 370 780 439 LXXXVIII
811 372 1025 443 LIVIANI.
1075 376 1141 447 183

86 494 138 558 «de
155 494 305 557 Fortuna
325 504 484 578 quantum
505 488 586 577 mibi
601 488 774 577 pollicear,
791 491 975 579 quibusque
990 492 1142 561 inductus

85 594 295 674 mationibus,
310 592 401 657 baud
410 590 511 657 semel
521 590 697 656 audivistis.
708 591 784 672 Illa,
797 592 866 673 illa,
880 592 975 657 sicuti
986 610 1143 683 perpetuo

84 696 291 777 «consuerit,
305 716 395 759 nunc
410 714 543 781 quoque
558 693 712 780 reperiet,
727 709 784 757 aut
796 692 891 757 saciet
906 711 1023 767 nostre
1040 695 1143 760 victo·

84 798 152 861 oie
167 796 266 860 riam
285 795 353 859 Nec
365 793 447 859 adeo
464 810 586 859 temere
600 810 743 883 coeptum
759 795 840 859 mibi
855 796 1025 861 consilium
1041 798 1145 861 existi·

84 898 264 963 ·mareritis
274 920 283 960 t
295 896 421 961 animos
432 896 591 959 exercitus
605 894 718 983 magis,
731 918 829 982 quam
841 918 977 983 corpora
990 896 1143 984 respicio:

83 997 259 1087 quamdiu
281 998 326 1061 illi
348 998 474 1086 vigent,
494 1020 562 1059 non
581 994 720 1061 deerunt
737 997 833 1061 etiam
849 996 940 1061 fessis
956 998 1080 1063 lacertis
1095 1000 1144 1061 vi·

83 1120 169 1178 «res3
181 1114 216 1161 et
228 1114 338 1163 nmen
351 1098 492 1185 spatium
507 1097 569 1161 erit
582 1096 656 1161 cibo
669 1120 708 1161 ac
721 1097 848 1163 modico
862 1100 970 1185 quiete
981 1098 1146 1163 reficiendi

83 1198 259 1263 «membra.
276 1200 342 1261 Vos
354 1220 432 1287 ergo
448 1198 587 1278 alacres,
606 1198 759 1285 beneque
777 1220 835 1287 spe
851 1199 958 1287 pleni,
972 1199 1014 1263 ad
1030 1222 1145 1263 curan-

34 1329 35 1368 i
84 1300 184 1365 ·dnm
194 1316 318 1365 vernas
329 1314 436 1388 partes
447 1298 617 1381 discedite3
632 1298 852 1387 militemque,
864 1315 902 1363 ut
912 1299 1037 1365 sobtam
1051 1300 1145 1363 nobis

34 1373 35 1430 l
84 1401 257 1467 «virtutem
276 1414 423 1488 prestet,
439 1400 596 1465 excitate:
613 1422 688 1463 nam
706 1422 789 1487 ego,
807 1400 897 1487 quod
919 1401 1016 1482 mibi,
1037 1402 1146 1488 reipu-

83 1502 211 1584 -blicoe,
230 1516 265 1565 et
280 1500 433 1565 exercitui
450 1501 534 1565 bene
553 1515 677 1581 vertat,
694 1500 826 1589 signum
843 1524 960 1590 pugnae
977 1502 1146 1567 confestim

123 1704 201 1769 XII.
217 1704 269 1769 lta
288 1702 434 1768 kalendis
454 1703 686 1769 novembribus
701 1719 781 1791 post
803 1724 923 1767 nonam
947 1702 1011 1767 diei
1032 1702 1146 1767 boram

84 1804 219 1869 summis
234 1804 358 1869 viribus
374 1826 589 1887 concursum
614 1827 721 1892 neque
744 1825 891 1891 unquam
911 1804 1044 1890 propior
1061 1804 1147 1867 victo

84 1906 189 1987 Sulla,
207 1922 266 1969 aut
287 1906 322 1969 in
345 1906 467 1988 majore
490 1906 636 1994 periculo
657 1907 762 1969 Rome
783 1904 855 1969 suit.
881 1906 1038 1971 Dextrum
1053 1904 1148 1967 suttae

32 1995 33 2030 ³
85 2028 205 2087 cornu,
221 2006 275 2069 cui
291 2004 338 2069 bb
356 2008 490 2071 Crassus
502 2023 653 2093 praeerat,
667 2006 794 2095 egregie
810 2004 903 2089 vicit3
915 2020 1149 2091 persequutus-

32 2129 33 2134 *
86 2130 146 2194 que
162 2108 329 2196 firgientes
344 2109 478 2171 Crassus
496 2123 601 2173 certos
618 2108 769 2174 homines
785 2106 892 2187 misit,
909 2105 967 2192 qui
984 2128 1053 2169 rem
1066 2105 1149 2169 bene

32 2169 33 2230 l
86 2225 206 2295 gesem
222 2209 413 2273 mearent
430 2209 544 2290 sunae,
560 2226 595 2275 et
613 2208 732 2273 citas«
753 2208 846 2273 mite
861 2222 1054 2297 poscerent:
1075 2228 1149 2269 nam

87 2306 209 2373 delatus
230 2310 425 2373 Antemnam
444 2330 568 2395 usque,
592 2324 696 2375 eastra
716 2309 763 2375 ibi
784 2316 946 2413 posud'tp.
969 2306 1032 2373 Sed
1055 2322 1150 2372 nocte

85 2406 145 2486 jam
161 2407 296 2491 adulta,
314 2409 372 2497 qui
386 2410 515 2477 fuerant
530 2410 638 2492 missi,
655 2409 697 2474 ud
710 2409 831 2478 Sullam
848 2424 1083 2498 pervenerunt,
1099 2408 1152 2474 de·

88 2509 238 2576 bortum
256 2510 461 2592 discrimine,
480 2513 535 2576 cui
552 2529 624 2575 tum
649 2510 837 2599 gravissimo
857 2533 895 2574 ac
916 2509 1150 2576 formidolosis·

31 2596 32 2613 ¹
88 2612 168 2676 simo
191 2612 378 2677 subirerat:
396 2635 473 2696 nam
494 2614 643 2695 interim,
661 2611 743 2676 dum
766 2613 934 2701 oppositos
957 2612 1019 2676 sibi
1041 2611 1151 2675 hostes

89 2713 220 2778 Crassm
234 2711 346 2776 fundit
360 2714 536 2802 fugatque,
552 2714 669 2778 lterum
681 2713 776 2777 salle
795 2735 899 2778 cornu
916 2712 1008 2778 valde
1025 2712 1151 2776 labora·

89 2828 154 2894 rat,
173 2835 364 2900 quanquam
380 2836 421 2879 eo
437 2812 480 2878 ad
494 2813 669 2894 sistendam
692 2834 828 2878 suorum
849 2815 959 2901 fugam
980 2812 1067 2876 Sulla
1083 2811 1152 2896 ipse

92 2935 122 2976 se
136 2913 341 2981 contulisset.
869 2970 873 2981 .

130 3014 226 3079 Xlll.
242 3013 384 3095 Ferunt,
398 3015 473 3080 albo
487 3030 521 3078 et
533 3015 656 3103 pernici
671 3037 757 3102 equo
770 3014 984 3092 insidentem,
999 3028 1032 3076 et
1045 3033 1063 3074 a
1076 3009 1155 3074 duo-

94 3111 151 3176 bus
165 3113 314 3178 bostium
326 3115 491 3202 equitibus
500 3113 577 3181 iude
590 3115 755 3204 cgnitum,
767 3115 865 3178 butis
882 3112 1005 3178 emissis
1017 3112 1154 3200 petitum

96 3210 208 3294 [υἱῆες
226 3236 287 3278 nec
302 3214 527 3280 arsimadverso
540 3216 706 3303 periculo,
726 3214 783 3280 sed
800 3235 937 3304 agosone
954 3235 1075 3300 equum
1093 3215 1155 3279 im·

96 3313 251 3396 pellente,
276 3315 434 3381 bactemu
458 3333 824 3404 οιωρτωῑοτνωῐυω,
850 3333 888 3384 ut
910 3339 997 3405 pone
1021 3315 1155 3382 cendam

99 3415 169 3498 equi
185 3416 285 3480 haste
304 3417 339 3480 in
365 3432 456 3482 terra·
469 3417 696 3507 deligerentur.
718 3419 798 3484 Erat
817 3418 881 3484 hoc
897 3441 1026 3484 morum
1042 3418 1156 3498 Sullas,

101 3527 136 3574 nt
154 3514 320 3582 modicum
338 3517 479 3605 sigillum
501 3519 677 3606 Apollinis,
695 3519 786 3608 quod
809 3543 848 3584 ex
868 3520 989 3608 templo
1006 3517 1157 3608 delphico

103 3616 282 3698 sunderat,
299 3617 333 3680 in
351 3633 530 3706 conspectu
547 3621 707 3702 exereitus
722 3620 885 3703 adoraret,
900 3621 1159 3709 promissamque

104 3711 261 3780 victoriam
281 3719 435 3782 maturari
453 3737 596 3809 peteret:
614 3720 648 3785 id
664 3736 736 3786 tum
753 3722 850 3786 etiam
868 3720 979 3786 eduxit
995 3721 1086 3800 sinu,
1105 3742 1168 3783 ex·-

107 3815 341 3906 osenlatusque,
358 3819 460 3902 fusis,
485 3845 564 3909 quas
587 3845 726 3910 praesens
749 3823 920 3911 trepidatio
939 3834 1159 3910 suggesserat,

137 4026 151 4090 S
166 4034 220 4082 tut.
231 4033 295 4082 vett.
310 4035 348 4092 11,
359 4036 401 4084 28.
412 4061 445 4072 -
455 4039 528 4086 Oros.
542 4063 577 4074 -
589 4037 777 4096 elusissent,
793 4053 817 4086 c.
830 4036 878 4096 59,
899 4042 923 4082 et
937 4034 964 4080 in
976 4033 1076 4088 Crasso,
1086 4045 1108 4078 c.
1122 4045 1163 4076 ιο.

111 4135 139 4148 —
151 4116 251 4182 Appius.
263 4117 318 4167 civ.
328 4119 372 4166 lib.
384 4121 405 4166 1.
