2875 4900
245 371 300 439 IN
331 370 446 438 LOC.
472 371 568 441 LIB.
595 373 782 442 LXXVII
812 377 1024 450 LIVIANI.
1133 406 1177 478 19

98 511 197 577 pnam
220 491 391 573 exercitu,
415 490 553 556 coloniis
578 513 637 582 per
663 493 791 560 ltaliam
818 495 1020 565 deducendis
1044 525 1176 592 operam

99 590 201 658 dedit.

141 694 380 761 xtvltt.1sed
405 693 539 761 adversa
562 697 681 782 factio,
702 699 763 763 ubi
785 721 910 766 cessare
926 719 1053 769 metum
1070 729 1179 772 armo·

97 817 171 860 rum
195 794 308 879 videt,
332 795 376 861 ad
401 797 578 886 pristinum
602 799 777 866 consilium
804 803 973 887 revoluta,
998 807 1177 896 locupletes

95 897 298 984 prasertim,
321 915 355 964 et
376 896 507 964 semine
530 899 680 988 quasdam
705 901 908 990 predivites,
924 906 1008 970 nihil
1029 931 1122 992 non,
1138 928 1178 976 ut

97 998 224 1062 exsules
251 999 483 1084 restituerent,
507 1001 738 1068 moliebantur.
766 1003 873 1069 Etiam
900 1009 1076 1092 considum
1102 1012 1177 1078 vitas

95 1097 292 1164 dicebantur
315 1100 441 1166 insidiae
466 1100 557 1184 lieri,
581 1102 673 1191 quod
694 1103 789 1170 iisse
813 1107 929 1190 salvis,
950 1125 1063 1176 tenere
1079 1135 1178 1202 posse

95 1201 303 1288 propositum
323 1202 449 1268 inimici
473 1225 541 1268 non
560 1204 731 1293 putabant
746 1205 811 1270 Sed
828 1207 935 1291 Sulla,
951 1209 1029 1276 belli
1049 1213 1178 1279 mithri-

96 1301 195 1366 datici
210 1301 344 1368 decreto
357 1305 514 1394 imperio,
531 1305 635 1384 tutior
651 1305 694 1370 ab
706 1305 868 1386 ejusmodi
883 1310 1030 1398 periculo
1044 1311 1177 1380 rideba-

95 1421 177 1470 tur:
198 1403 241 1487 Q.
261 1405 410 1495 Pompeii
427 1406 592 1472 miseratio
613 1407 747 1474 subibat
770 1409 911 1494 animis,
935 1413 1027 1501 quod
1048 1415 1076 1480 is
1093 1417 1178 1483 nihil

94 1505 137 1570 ad
153 1505 341 1596 prevalidas
356 1507 579 1596 reprimendas
593 1509 779 1575 inimicitias
793 1511 913 1576 virium
930 1513 1080 1583 babebat
1096 1517 1177 1584 ldeo

95 1609 265 1697 provincia
281 1608 311 1674 ei
326 1609 419 1674 Italia
436 1633 513 1674 cum
527 1611 691 1693 exercitu,
704 1611 763 1699 qui
778 1626 850 1676 tum
864 1613 928 1678 sub
942 1616 1004 1681 Cn.
1015 1616 1176 1710 Pompeio

96 1713 294 1800 proconsule
308 1711 471 1795 merebat,
490 1712 604 1802 populi
616 1713 710 1792 jussu
727 1711 834 1779 datur.

140 1814 259 1879 XLIX.
270 1812 421 1878 Offendit
437 1836 476 1878 ea
486 1837 538 1879 res
551 1815 705 1900 Cnaeum,
724 1832 773 1898 et,
787 1832 828 1880 nt
838 1839 926 1882 novo
938 1841 1000 1885 nec
1008 1837 1103 1888 antea
1113 1847 1175 1889 au·

96 1915 166 1980 dito
178 1915 291 1981 sceleri
302 1916 462 2006 preberet
470 1917 672 2006 exemplum,
683 1918 847 1984 incitavit:
857 1919 922 1984 hoc
930 1923 1019 1986 enim
1029 1925 1174 2014 primum

96 2040 184 2082 anno
203 2017 347 2084 consulis
367 2018 495 2084 romani
514 2019 673 2108 sanguine
689 2019 814 2108 polluta
832 2037 957 2105 castra,
973 2023 1175 2114 imbutasque

96 2120 238 2186 militum
251 2141 368 2185 mantas
380 2135 468 2185 sunt.
483 2119 615 2210 Quippe
626 2121 744 2186 consul
754 2121 948 2211 Pompeius,
960 2121 1002 2188 ad
1013 2125 1175 2214 accipien-

96 2221 175 2286 dum
195 2223 374 2287 exercitum
386 2221 572 2313 profectus,
593 2239 626 2288 et
642 2222 729 2287 intra
746 2221 868 2287 vallum
879 2239 1051 2313 acceptus,
1067 2250 1173 2316 quum

95 2323 252 2412 postridie
269 2325 463 2390 concionem
484 2323 641 2407 haberet,
660 2323 799 2389 cedente
818 2325 853 2388 in
871 2326 1012 2414 speciem
1028 2350 1173 2416 procon-

95 2426 185 2509 sule,
202 2425 277 2491 satis
289 2425 362 2491 laeta
374 2425 496 2491 babere
507 2425 600 2491 initia
614 2425 741 2515 imperii
754 2425 843 2491 visus
854 2443 924 2512 est,
941 2428 1000 2495 sed
1011 2453 1089 2497 mox
1099 2455 1171 2499 ma·

91 2529 162 2609 jore
178 2528 276 2595 turba
294 2529 387 2617 quasi
406 2527 521 2593 audire
536 2529 787 2594 concionantem
807 2530 1013 2618 cupientium
1028 2556 1172 2599 concur·

94 2646 204 2712 rente,
218 2630 259 2695 ab
269 2631 325 2711 iis,
336 2652 421 2719 quos
433 2629 476 2695 ad
486 2627 607 2695 cedem
616 2631 795 2718 proconsul
803 2630 1053 2717 subornaverat,
1064 2658 1169 2723 quum

95 2731 736 2820 sacrificarejaminciperet,interfectus
747 2749 807 2797 est.
1153 2784 1156 2792 .

138 2835 173 2899 L.
197 2834 396 2915 Proconsul,
417 2831 784 2923 diffugiente'consulis
806 2836 984 2919 comitatu,
1013 2852 1169 2925 tanquam
1247 2904 1252 2914 ,

95 2936 222 3001 nescius
235 2935 386 3001 omnium
399 2934 474 2998 tulit
486 2957 521 2999 se
531 2934 679 3017 obviam,
691 2950 741 3015 et,
755 2956 792 2998 re
804 2934 926 3000 scilicet
937 2938 1086 3026 cognita,
1098 2960 1170 3029 gra.

94 3038 174 3103 viter
186 3038 350 3127 increpuit
362 3036 443 3101 tanti
460 3036 589 3101 sceleris
605 3052 756 3101 auctores
768 3058 776 3100 :
788 3034 847 3099 sed
859 3036 969 3100 statim
982 3036 1080 3102 rediit
1091 3061 1169 3105 cum

94 3139 130 3203 iis
144 3139 180 3203 in
191 3138 328 3229 gratiam
338 3153 554 3226 ,receptoque
568 3136 726 3227 imperio,
736 3158 805 3200 non
819 3153 870 3201 est
878 3158 992 3225 passus
1005 3138 1168 3227 dubitari,

93 3241 184 3321 cnjus
199 3262 264 3330 ope
279 3238 483 3327 consilioque
496 3238 696 3327 interceptus
706 3238 823 3302 consul
832 3236 929 3304 foret.
943 3238 1061 3328 Neque
1072 3265 1168 3309 sena·

93 3358 145 3407 tus
155 3341 350 3423 vindicavit3
366 3340 488 3421 majore
500 3340 619 3405 talibus
631 3338 836 3428 temporibus
851 3357 1051 3426 castrorum,
1066 3368 1165 3434 quam

16 3494 17 3505 ,
92 3443 205 3526 curiae,
219 3443 378 3532 potentia.
395 3442 463 3506 llac
474 3464 510 3506 re
521 3456 706 3530 comperta,
723 3442 840 3506 consul
856 3442 945 3508 Sulla
955 3444 1166 3514 intentiorem

92 3546 237 3635 corporis
255 3546 307 3609 sui
325 3542 496 3609 custodem
515 3543 600 3632 egit,
612 3564 784 3630 nunquam
800 3565 868 3607 non
883 3542 949 3609 fido
960 3562 1072 3635 septus
1082 3552 1164 3615 ami.

90 3670 224 3730 corum,
238 3649 336 3713 etiam
353 3668 413 3736 per
432 3660 581 3727 noctem,
599 3643 773 3734 presidio:
796 3668 904 3733 neque
921 3646 980 3711 diu
997 3666 1162 3734 moratus,

90 3750 232 3839 Capuam
247 3746 288 3813 ad
303 3747 482 3813 exercitum
495 3746 679 3836 profectus,
694 3745 852 3811 militibus
867 3767 1119 3839 commeatuque
1130 3771 1164 3819 et
1221 3754 1225 3761 ’

89 3850 211 3915 caeteris
227 3849 315 3913 bello
332 3848 520 3913 necessariis
537 3848 572 3915 in
589 3848 725 3913 classem
739 3846 916 3940 impositis,
936 3850 978 3917 ad
995 3852 1178 3921 mithrida·‘

89 3952 190 4017 ticum
208 3952 333 4017 bellum
348 3949 520 4041 navigavit.

16 4170 17 4173 =
123 4139 138 4207 5
153 4141 248 4191 tux.
260 4138 326 4189 vett.
338 4136 377 4197 11,
391 4154 432 4187 ao.
446 4166 478 4179 -
491 4138 545 4189 biv.
556 4138 623 4205 Epir.
633 4164 669 4179 -
678 4139 787 4204 Appiae.
796 4164 832 4179 -
841 4137 896 4186 Val.
909 4137 980 4187 trax.
995 4140 1047 4200 lx,
1060 4154 1084 4200 7.

946 4260 965 4305 2
976 4288 983 4303 .
