<?xml version="1.0" encoding="UTF-8"?>
<!DOCTYPE html PUBLIC "-//W3C//DTD XHTML 1.0 Transitional//EN"
    "http://www.w3.org/TR/xhtml1/DTD/xhtml1-transitional.dtd">
<html xmlns="http://www.w3.org/1999/xhtml" xml:lang="en" lang="en">
 <head>
  <title>
</title>
<meta http-equiv="Content-Type" content="text/html;charset=utf-8" />
  <meta name='ocr-system' content='tesseract 3.04.00' />
  <meta name='ocr-capabilities' content='ocr_page ocr_carea ocr_par ocr_line ocrx_word'/>
</head>
<body>
  <div class='ocr_page' id='page_1' title='image "bibliothecaclas116lemagoog_0255.png"; bbox 0 0 2875 4900; ppageno 0'>
   <div class='ocr_carea' id='block_1_1' title="bbox 116 338 1167 553">
    <p class='ocr_par' dir='ltr' id='par_1_1' title="bbox 116 338 1167 553">
     <span class='ocr_line' id='line_1_1' title="bbox 281 338 1167 431; baseline 0.014 -26"><span class='ocrx_word' id='word_1_1' title='bbox 281 338 335 405; x_wconf 85' lang='lat' dir='ltr'><strong>IN</strong></span> <span class='ocrx_word' id='word_1_2' title='bbox 365 338 481 405; x_wconf 87' lang='lat' dir='ltr'><strong>LOC.</strong></span> <span class='ocrx_word' id='word_1_3' title='bbox 508 338 603 405; x_wconf 87' lang='lat' dir='ltr'><strong>LlB.</strong></span> <span class='ocrx_word' id='word_1_4' title='bbox 631 340 738 405; x_wconf 86' lang='lat' dir='ltr'><strong>XCll</strong></span> <span class='ocrx_word' id='word_1_5' title='bbox 774 340 986 409; x_wconf 76' lang='lat' dir='ltr'><strong>LlVlANI.</strong></span> <span class='ocrx_word' id='word_1_6' title='bbox 1100 349 1167 431; x_wconf 71' lang='lat'><strong>243</strong></span> 
     </span>
     <span class='ocr_line' id='line_1_2' title="bbox 116 459 1166 553; baseline 0.007 -28"><span class='ocrx_word' id='word_1_7' title='bbox 116 486 170 549; x_wconf 87' lang='lat' dir='ltr'><strong>que</strong></span> <span class='ocrx_word' id='word_1_8' title='bbox 187 462 322 551; x_wconf 85' lang='lat' dir='ltr'><strong>singulis</strong></span> <span class='ocrx_word' id='word_1_9' title='bbox 336 459 508 541; x_wconf 87' lang='lat' dir='ltr'><strong>cornibus,</strong></span> <span class='ocrx_word' id='word_1_10' title='bbox 527 459 648 524; x_wconf 84' lang='lat' dir='ltr'><strong>damno</strong></span> <span class='ocrx_word' id='word_1_11' title='bbox 668 482 803 547; x_wconf 87' lang='lat' dir='ltr'><strong>quoque</strong></span> <span class='ocrx_word' id='word_1_12' title='bbox 817 484 885 524; x_wconf 87' lang='lat' dir='ltr'><strong>non</strong></span> <span class='ocrx_word' id='word_1_13' title='bbox 904 462 995 525; x_wconf 88' lang='lat' dir='ltr'><strong>valde</strong></span> <span class='ocrx_word' id='word_1_14' title='bbox 1018 464 1166 553; x_wconf 81' lang='lat' dir='ltr'><strong>inaequali</strong></span> 
     </span>
    </p>
   </div>
   <div class='ocr_carea' id='block_1_2' title="bbox 48 561 1167 650">
    <p class='ocr_par' dir='ltr' id='par_1_2' title="bbox 48 561 1167 650">
     <span class='ocr_line' id='line_1_3' title="bbox 48 561 1167 650; baseline 0.005 -24"><span class='ocrx_word' id='word_1_15' title='bbox 48 631 49 650; x_wconf 13' lang='grc' dir='ltr'>χ</span> <span class='ocrx_word' id='word_1_16' title='bbox 115 563 238 650; x_wconf 67' lang='lat' dir='ltr'><strong>[decem</strong></span> <span class='ocrx_word' id='word_1_17' title='bbox 252 561 351 626; x_wconf 85' lang='lat' dir='ltr'><strong>millia</strong></span> <span class='ocrx_word' id='word_1_18' title='bbox 366 562 558 649; x_wconf 85' lang='lat' dir='ltr'><strong>Pompeius,</strong></span> <span class='ocrx_word' id='word_1_19' title='bbox 574 561 663 625; x_wconf 89' lang='lat' dir='ltr'><strong>baud</strong></span> <span class='ocrx_word' id='word_1_20' title='bbox 683 562 788 625; x_wconf 90' lang='lat' dir='ltr'><strong>multo</strong></span> <span class='ocrx_word' id='word_1_21' title='bbox 805 563 971 649; x_wconf 79' lang='lat' dir='ltr'>pauciores</span> <span class='ocrx_word' id='word_1_22' title='bbox 989 564 1167 647; x_wconf 85' lang='lat' dir='ltr'><strong>Sertorius,</strong></span> 
     </span>
    </p>
   </div>
   <div class='ocr_carea' id='block_1_3' title="bbox 47 705 49 744">
    <p class='ocr_par' dir='ltr' id='par_1_3' title="bbox 47 705 49 744">
     <span class='ocr_line' id='line_1_4' title="bbox 47 705 49 744; baseline 0 0"><span class='ocrx_word' id='word_1_23' title='bbox 47 705 49 744; x_wconf 85' lang='lat' dir='ltr'><strong>l</strong></span> 
     </span>
    </p>
   </div>
   <div class='ocr_carea' id='block_1_4' title="bbox 43 937 48 976">
    <p class='ocr_par' dir='ltr' id='par_1_4' title="bbox 43 937 48 976">
     <span class='ocr_line' id='line_1_5' title="bbox 43 937 48 976; baseline 0 0"><span class='ocrx_word' id='word_1_24' title='bbox 43 937 48 976; x_wconf 83' lang='lat' dir='ltr'><strong>l</strong></span> 
     </span>
    </p>
   </div>
   <div class='ocr_carea' id='block_1_5' title="bbox 111 662 1169 856">
    <p class='ocr_par' dir='ltr' id='par_1_5' title="bbox 111 662 1169 856">
     <span class='ocr_line' id='line_1_6' title="bbox 112 662 1167 752; baseline 0.003 -23"><span class='ocrx_word' id='word_1_25' title='bbox 112 663 400 750; x_wconf 85' lang='lat' dir='ltr'><strong>desideraverant),</strong></span> <span class='ocrx_word' id='word_1_26' title='bbox 419 663 460 727; x_wconf 87' lang='lat' dir='ltr'><strong>de</strong></span> <span class='ocrx_word' id='word_1_27' title='bbox 474 662 608 728; x_wconf 81' lang='lat' dir='ltr'><strong>victoria</strong></span> <span class='ocrx_word' id='word_1_28' title='bbox 625 662 732 726; x_wconf 86' lang='lat' dir='ltr'><strong>neutri</strong></span> <span class='ocrx_word' id='word_1_29' title='bbox 750 662 982 745; x_wconf 81' lang='lat' dir='ltr'><strong>concederent3</strong></span> <span class='ocrx_word' id='word_1_30' title='bbox 996 666 1167 752; x_wconf 82' lang='lat' dir='ltr'><strong>postridie,</strong></span> 
     </span>
     <span class='ocr_line' id='line_1_7' title="bbox 111 764 1169 856; baseline 0.005 -27"><span class='ocrx_word' id='word_1_31' title='bbox 111 767 199 829; x_wconf 75' lang='lat' dir='ltr'><strong>nmul</strong></span> <span class='ocrx_word' id='word_1_32' title='bbox 209 766 332 845; x_wconf 83' lang='lat' dir='ltr'><strong>illuxit,</strong></span> <span class='ocrx_word' id='word_1_33' title='bbox 343 766 461 829; x_wconf 88' lang='lat' dir='ltr'><strong>iterum</strong></span> <span class='ocrx_word' id='word_1_34' title='bbox 475 764 585 829; x_wconf 87' lang='lat' dir='ltr'><strong>educti</strong></span> <span class='ocrx_word' id='word_1_35' title='bbox 597 782 675 828; x_wconf 86' lang='lat' dir='ltr'><strong>sunt</strong></span> <span class='ocrx_word' id='word_1_36' title='bbox 687 766 863 845; x_wconf 87' lang='lat' dir='ltr'><strong>exercitus,</strong></span> <span class='ocrx_word' id='word_1_37' title='bbox 877 766 1087 853; x_wconf 82' lang='lat' dir='ltr'><strong>praeliumque</strong></span> <span class='ocrx_word' id='word_1_38' title='bbox 1098 790 1169 856; x_wconf 87' lang='lat' dir='ltr'><strong>spe-</strong></span> 
     </span>
    </p>
   </div>
   <div class='ocr_carea' id='block_1_6' title="bbox 111 867 235 930">
    <p class='ocr_par' dir='ltr' id='par_1_6' title="bbox 111 867 235 930">
     <span class='ocr_line' id='line_1_8' title="bbox 111 867 235 930; baseline 0 0"><span class='ocrx_word' id='word_1_39' title='bbox 111 867 235 930; x_wconf 70' lang='lat' dir='ltr'><strong>rebatur</strong></span> 
     </span>
    </p>
   </div>
   <div class='ocr_carea' id='block_1_7' title="bbox 43 965 1164 1055">
    <p class='ocr_par' dir='ltr' id='par_1_7' title="bbox 43 915 1164 1055">
     <span class='ocr_line' id='line_1_9' title="bbox 43 965 1164 1055; baseline 0.005 -25"><span class='ocrx_word' id='word_1_40' title='bbox 43 983 45 1030; x_wconf 68' lang='lat' dir='ltr'><strong><em>f</em></strong></span> <span class='ocrx_word' id='word_1_41' title='bbox 147 970 200 1032; x_wconf 90' lang='lat' dir='ltr'><strong>IV.</strong></span> <span class='ocrx_word' id='word_1_42' title='bbox 226 966 292 1031; x_wconf 85' lang='lat' dir='ltr'><strong>Sed</strong></span> <span class='ocrx_word' id='word_1_43' title='bbox 313 968 553 1055; x_wconf 71' lang='lat' dir='ltr'><strong>propinquante</strong></span> <span class='ocrx_word' id='word_1_44' title='bbox 568 966 717 1047; x_wconf 85' lang='lat' dir='ltr'><strong>Metello,</strong></span> <span class='ocrx_word' id='word_1_45' title='bbox 734 966 895 1031; x_wconf 85' lang='lat' dir='ltr'><strong>Sertorius</strong></span> <span class='ocrx_word' id='word_1_46' title='bbox 911 965 1028 1031; x_wconf 77' lang='lat' dir='ltr'>dixisse</span> <span class='ocrx_word' id='word_1_47' title='bbox 1043 971 1164 1035; x_wconf 84' lang='lat' dir='ltr'><strong>fertur:</strong></span> 
     </span>
    </p>
   </div>
   <div class='ocr_carea' id='block_1_8' title="bbox 43 1067 1166 1156">
    <p class='ocr_par' dir='ltr' id='par_1_8' title="bbox 43 1067 1166 1156">
     <span class='ocr_line' id='line_1_10' title="bbox 43 1067 1166 1156; baseline 0.004 -24"><span class='ocrx_word' id='word_1_48' title='bbox 43 1067 44 1074; x_wconf 61' lang='lat'><em>&#39;</em></span> <span class='ocrx_word' id='word_1_49' title='bbox 110 1071 193 1133; x_wconf 84' lang='lat' dir='ltr'><strong>·llisi</strong></span> <span class='ocrx_word' id='word_1_50' title='bbox 206 1092 292 1133; x_wconf 83' lang='lat' dir='ltr'><strong>anus</strong></span> <span class='ocrx_word' id='word_1_51' title='bbox 308 1070 366 1132; x_wconf 86' lang='lat' dir='ltr'><strong>ista</strong></span> <span class='ocrx_word' id='word_1_52' title='bbox 382 1068 635 1156; x_wconf 79' lang='lat' dir='ltr'><strong>supervenisset,</strong></span> <span class='ocrx_word' id='word_1_53' title='bbox 649 1090 709 1156; x_wconf 82' lang='lat' dir='ltr'><strong>ego</strong></span> <span class='ocrx_word' id='word_1_54' title='bbox 724 1068 815 1131; x_wconf 87' lang='lat' dir='ltr'><strong>hune</strong></span> <span class='ocrx_word' id='word_1_55' title='bbox 828 1089 967 1154; x_wconf 89' lang='lat' dir='ltr'><strong>puerum</strong></span> <span class='ocrx_word' id='word_1_56' title='bbox 979 1070 1166 1136; x_wconf 89' lang='lat' dir='ltr'><strong>verberibus</strong></span> 
     </span>
    </p>
   </div>
   <div class='ocr_carea' id='block_1_9' title="bbox 107 1166 1273 1359">
    <p class='ocr_par' dir='ltr' id='par_1_9' title="bbox 107 1166 1273 1359">
     <span class='ocr_line' id='line_1_11' title="bbox 107 1166 1273 1259; baseline -0.002 -23"><span class='ocrx_word' id='word_1_57' title='bbox 107 1172 314 1259; x_wconf 78' lang='lat' dir='ltr'><strong>«castigatum</strong></span> <span class='ocrx_word' id='word_1_58' title='bbox 328 1172 465 1234; x_wconf 86' lang='lat' dir='ltr'><strong>Romam</strong></span> <span class='ocrx_word' id='word_1_59' title='bbox 477 1168 670 1231; x_wconf 82' lang='lat' dir='ltr'><strong>dimisissem</strong></span> <span class='ocrx_word' id='word_1_60' title='bbox 681 1200 704 1233; x_wconf 84' lang='lat'><strong>·.</strong></span> <span class='ocrx_word' id='word_1_61' title='bbox 721 1166 846 1233; x_wconf 85' lang='lat' dir='ltr'><strong>Idcirco</strong></span> <span class='ocrx_word' id='word_1_62' title='bbox 859 1190 933 1231; x_wconf 90' lang='lat' dir='ltr'><strong>cum</strong></span> <span class='ocrx_word' id='word_1_63' title='bbox 947 1168 1077 1234; x_wconf 77' lang='lat' dir='ltr'><strong>duobus</strong></span> <span class='ocrx_word' id='word_1_64' title='bbox 1090 1194 1168 1236; x_wconf 89' lang='lat' dir='ltr'><strong>con·</strong></span> <span class='ocrx_word' id='word_1_65' title='bbox 1270 1166 1273 1179; x_wconf 86' lang='lat'>&#39;</span> 
     </span>
     <span class='ocr_line' id='line_1_12' title="bbox 108 1268 1168 1359; baseline 0 -23"><span class='ocrx_word' id='word_1_66' title='bbox 108 1272 190 1359; x_wconf 80' lang='lat' dir='ltr'><strong>gredi</strong></span> <span class='ocrx_word' id='word_1_67' title='bbox 204 1273 337 1352; x_wconf 88' lang='lat' dir='ltr'><strong>nolens,</strong></span> <span class='ocrx_word' id='word_1_68' title='bbox 348 1271 469 1334; x_wconf 87' lang='lat' dir='ltr'><strong>dimisit</strong></span> <span class='ocrx_word' id='word_1_69' title='bbox 481 1292 573 1350; x_wconf 88' lang='lat' dir='ltr'><strong>suos,</strong></span> <span class='ocrx_word' id='word_1_70' title='bbox 589 1268 792 1348; x_wconf 90' lang='lat' dir='ltr'><strong>admonitos,</strong></span> <span class='ocrx_word' id='word_1_71' title='bbox 810 1290 908 1355; x_wconf 88' lang='lat' dir='ltr'><strong>quem</strong></span> <span class='ocrx_word' id='word_1_72' title='bbox 921 1269 956 1331; x_wconf 88' lang='lat' dir='ltr'><strong>in</strong></span> <span class='ocrx_word' id='word_1_73' title='bbox 970 1271 1078 1335; x_wconf 86' lang='lat' dir='ltr'><strong>locum</strong></span> <span class='ocrx_word' id='word_1_74' title='bbox 1092 1294 1168 1336; x_wconf 84' lang='lat' dir='ltr'><strong>con·</strong></span> 
     </span>
    </p>
   </div>
   <div class='ocr_carea' id='block_1_10' title="bbox 106 1368 1267 1449">
    <p class='ocr_par' dir='ltr' id='par_1_10' title="bbox 106 1368 1267 1449">
     <span class='ocr_line' id='line_1_13' title="bbox 106 1368 1267 1449; baseline 0.008 -18"><span class='ocrx_word' id='word_1_75' title='bbox 106 1370 210 1432; x_wconf 88' lang='lat' dir='ltr'><strong>venire</strong></span> <span class='ocrx_word' id='word_1_76' title='bbox 224 1370 341 1433; x_wconf 90' lang='lat' dir='ltr'><strong>vellet:</strong></span> <span class='ocrx_word' id='word_1_77' title='bbox 358 1392 414 1433; x_wconf 90' lang='lat' dir='ltr'><strong>eos</strong></span> <span class='ocrx_word' id='word_1_78' title='bbox 426 1370 514 1433; x_wconf 89' lang='lat' dir='ltr'><strong>euim</strong></span> <span class='ocrx_word' id='word_1_79' title='bbox 527 1370 570 1433; x_wconf 90' lang='lat' dir='ltr'><strong>ita</strong></span> <span class='ocrx_word' id='word_1_80' title='bbox 582 1368 709 1433; x_wconf 82' lang='lat' dir='ltr'><strong>dudum</strong></span> <span class='ocrx_word' id='word_1_81' title='bbox 725 1369 952 1449; x_wconf 78' lang='lat' dir='ltr'><strong>assuefecerat,</strong></span> <span class='ocrx_word' id='word_1_82' title='bbox 971 1388 1009 1435; x_wconf 92' lang='lat' dir='ltr'><strong>ut</strong></span> <span class='ocrx_word' id='word_1_83' title='bbox 1021 1372 1061 1436; x_wconf 86' lang='lat' dir='ltr'><strong>acl</strong></span> <span class='ocrx_word' id='word_1_84' title='bbox 1075 1373 1166 1439; x_wconf 86' lang='lat' dir='ltr'><strong>ducis</strong></span> <span class='ocrx_word' id='word_1_85' title='bbox 1265 1374 1267 1381; x_wconf 73' lang='grc'>’</span> 
     </span>
    </p>
   </div>
   <div class='ocr_carea' id='block_1_11' title="bbox 102 1468 1168 2467">
    <p class='ocr_par' dir='ltr' id='par_1_11' title="bbox 102 1468 1168 2467">
     <span class='ocr_line' id='line_1_14' title="bbox 106 1468 1166 1559; baseline 0.008 -27"><span class='ocrx_word' id='word_1_86' title='bbox 106 1469 276 1559; x_wconf 85' lang='lat' dir='ltr'><strong>imperium</strong></span> <span class='ocrx_word' id='word_1_87' title='bbox 291 1468 496 1549; x_wconf 82' lang='lat' dir='ltr'><strong>diffluerent,</strong></span> <span class='ocrx_word' id='word_1_88' title='bbox 512 1486 569 1535; x_wconf 88' lang='lat' dir='ltr'><strong>aut</strong></span> <span class='ocrx_word' id='word_1_89' title='bbox 583 1471 830 1559; x_wconf 75' lang='lat' dir='ltr'><strong>colligerentur3</strong></span> <span class='ocrx_word' id='word_1_90' title='bbox 847 1486 879 1532; x_wconf 92' lang='lat' dir='ltr'><strong>et</strong></span> <span class='ocrx_word' id='word_1_91' title='bbox 894 1471 963 1557; x_wconf 86' lang='lat' dir='ltr'><strong>ipse</strong></span> <span class='ocrx_word' id='word_1_92' title='bbox 978 1495 1067 1537; x_wconf 88' lang='lat' dir='ltr'><strong>nunc</strong></span> <span class='ocrx_word' id='word_1_93' title='bbox 1078 1477 1166 1539; x_wconf 88' lang='lat' dir='ltr'><strong>solus</strong></span> 
     </span>
     <span class='ocr_line' id='line_1_15' title="bbox 105 1557 1165 1661; baseline 0.007 -27"><span class='ocrx_word' id='word_1_94' title='bbox 105 1557 159 1658; x_wconf 79' lang='lat' dir='ltr'><strong>per</strong></span> <span class='ocrx_word' id='word_1_95' title='bbox 172 1572 262 1653; x_wconf 78' lang='lat' dir='ltr'><strong>lom,</strong></span> <span class='ocrx_word' id='word_1_96' title='bbox 282 1594 354 1658; x_wconf 73' lang='lat' dir='ltr'><strong>quae</strong></span> <span class='ocrx_word' id='word_1_97' title='bbox 373 1570 521 1659; x_wconf 86' lang='lat' dir='ltr'><strong>vagando</strong></span> <span class='ocrx_word' id='word_1_98' title='bbox 535 1571 751 1658; x_wconf 89' lang='lat' dir='ltr'><strong>venandoque</strong></span> <span class='ocrx_word' id='word_1_99' title='bbox 773 1570 814 1633; x_wconf 87' lang='lat' dir='ltr'><strong>de</strong></span> <span class='ocrx_word' id='word_1_100' title='bbox 830 1570 987 1635; x_wconf 89' lang='lat' dir='ltr'><strong>industria</strong></span> <span class='ocrx_word' id='word_1_101' title='bbox 1002 1594 1165 1661; x_wconf 83' lang='lat' dir='ltr'><strong>pererrare</strong></span> 
     </span>
     <span class='ocr_line' id='line_1_16' title="bbox 105 1672 1164 1760; baseline 0.003 -23"><span class='ocrx_word' id='word_1_102' title='bbox 105 1689 330 1753; x_wconf 86' lang='lat' dir='ltr'><strong>consueverat,</strong></span> <span class='ocrx_word' id='word_1_103' title='bbox 341 1674 518 1760; x_wconf 69' lang='lat' dir='ltr'><strong>palatuar,</strong></span> <span class='ocrx_word' id='word_1_104' title='bbox 531 1694 621 1736; x_wconf 90' lang='lat' dir='ltr'><strong>nunc</strong></span> <span class='ocrx_word' id='word_1_105' title='bbox 632 1688 763 1735; x_wconf 87' lang='lat' dir='ltr'><strong>centum</strong></span> <span class='ocrx_word' id='word_1_106' title='bbox 778 1672 1011 1760; x_wconf 86' lang='lat' dir='ltr'><strong>quinquaginta</strong></span> <span class='ocrx_word' id='word_1_107' title='bbox 1024 1676 1164 1749; x_wconf 76' lang='lat' dir='ltr'><strong>millibus</strong></span> 
     </span>
     <span class='ocr_line' id='line_1_17' title="bbox 104 1772 1166 1861; baseline 0.005 -25"><span class='ocrx_word' id='word_1_108' title='bbox 104 1790 301 1837; x_wconf 85' lang='lat' dir='ltr'><strong>armatorum</strong></span> <span class='ocrx_word' id='word_1_109' title='bbox 311 1773 448 1861; x_wconf 87' lang='lat' dir='ltr'><strong>stipatus</strong></span> <span class='ocrx_word' id='word_1_110' title='bbox 458 1772 632 1837; x_wconf 83' lang='lat' dir='ltr'><strong>incederet.</strong></span> <span class='ocrx_word' id='word_1_111' title='bbox 643 1775 687 1837; x_wconf 80' lang='lat' dir='ltr'><strong>At</strong></span> <span class='ocrx_word' id='word_1_112' title='bbox 695 1773 870 1860; x_wconf 88' lang='lat' dir='ltr'><strong>Pompeius</strong></span> <span class='ocrx_word' id='word_1_113' title='bbox 881 1772 1012 1839; x_wconf 88' lang='lat' dir='ltr'><strong>Metello</strong></span> <span class='ocrx_word' id='word_1_114' title='bbox 1024 1778 1166 1843; x_wconf 81' lang='lat' dir='ltr'><strong>venienti</strong></span> 
     </span>
     <span class='ocr_line' id='line_1_18' title="bbox 103 1871 1168 1961; baseline 0.007 -25"><span class='ocrx_word' id='word_1_115' title='bbox 103 1871 235 1937; x_wconf 89' lang='lat' dir='ltr'><strong>honoris</strong></span> <span class='ocrx_word' id='word_1_116' title='bbox 247 1896 346 1937; x_wconf 74' lang='lat' dir='ltr'><strong>causa</strong></span> <span class='ocrx_word' id='word_1_117' title='bbox 365 1874 495 1937; x_wconf 89' lang='lat' dir='ltr'><strong>obviam</strong></span> <span class='ocrx_word' id='word_1_118' title='bbox 514 1896 671 1961; x_wconf 83' lang='lat' dir='ltr'><strong>pergens,</strong></span> <span class='ocrx_word' id='word_1_119' title='bbox 686 1874 745 1937; x_wconf 90' lang='lat' dir='ltr'><strong>ubi</strong></span> <span class='ocrx_word' id='word_1_120' title='bbox 759 1874 792 1937; x_wconf 92' lang='lat' dir='ltr'><strong>in</strong></span> <span class='ocrx_word' id='word_1_121' title='bbox 806 1888 983 1960; x_wconf 88' lang='lat' dir='ltr'><strong>conspectu</strong></span> <span class='ocrx_word' id='word_1_122' title='bbox 997 1876 1077 1957; x_wconf 87' lang='lat' dir='ltr'><strong>luit,</strong></span> <span class='ocrx_word' id='word_1_123' title='bbox 1092 1881 1168 1943; x_wconf 87' lang='lat' dir='ltr'><strong>sub·</strong></span> 
     </span>
     <span class='ocr_line' id='line_1_19' title="bbox 104 1974 1163 2062; baseline 0.009 -27"><span class='ocrx_word' id='word_1_124' title='bbox 104 1974 183 2035; x_wconf 87' lang='lat' dir='ltr'><strong>mitti</strong></span> <span class='ocrx_word' id='word_1_125' title='bbox 198 1974 302 2037; x_wconf 85' lang='lat' dir='ltr'><strong>fasces</strong></span> <span class='ocrx_word' id='word_1_126' title='bbox 318 1996 337 2036; x_wconf 89' lang='lat' dir='ltr'><strong>a</strong></span> <span class='ocrx_word' id='word_1_127' title='bbox 352 1974 519 2037; x_wconf 86' lang='lat' dir='ltr'><strong>lictoribus</strong></span> <span class='ocrx_word' id='word_1_128' title='bbox 538 1976 624 2053; x_wconf 88' lang='lat' dir='ltr'><strong>suis,</strong></span> <span class='ocrx_word' id='word_1_129' title='bbox 641 1990 680 2037; x_wconf 87' lang='lat' dir='ltr'><strong>ut</strong></span> <span class='ocrx_word' id='word_1_130' title='bbox 697 1974 853 2062; x_wconf 81' lang='lat' dir='ltr'><strong>dignitate</strong></span> <span class='ocrx_word' id='word_1_131' title='bbox 869 1975 1045 2062; x_wconf 87' lang='lat' dir='ltr'><strong>superiori,</strong></span> <span class='ocrx_word' id='word_1_132' title='bbox 1058 1978 1163 2056; x_wconf 85' lang='lat' dir='ltr'><strong>jussit.</strong></span> 
     </span>
     <span class='ocr_line' id='line_1_20' title="bbox 103 2073 1165 2164; baseline 0.006 -27"><span class='ocrx_word' id='word_1_133' title='bbox 103 2073 251 2138; x_wconf 83' lang='lat' dir='ltr'><strong>Metellus</strong></span> <span class='ocrx_word' id='word_1_134' title='bbox 269 2096 378 2161; x_wconf 88' lang='lat' dir='ltr'><strong>neque</strong></span> <span class='ocrx_word' id='word_1_135' title='bbox 395 2074 429 2137; x_wconf 91' lang='lat' dir='ltr'><strong>id</strong></span> <span class='ocrx_word' id='word_1_136' title='bbox 449 2096 562 2164; x_wconf 87' lang='lat' dir='ltr'><strong>passus</strong></span> <span class='ocrx_word' id='word_1_137' title='bbox 584 2090 634 2137; x_wconf 89' lang='lat' dir='ltr'><strong>est</strong></span> <span class='ocrx_word' id='word_1_138' title='bbox 653 2073 742 2149; x_wconf 88' lang='lat' dir='ltr'><strong>fieri,</strong></span> <span class='ocrx_word' id='word_1_139' title='bbox 761 2096 868 2161; x_wconf 88' lang='lat' dir='ltr'><strong>neque</strong></span> <span class='ocrx_word' id='word_1_140' title='bbox 884 2074 949 2137; x_wconf 87' lang='lat' dir='ltr'><strong>ulla</strong></span> <span class='ocrx_word' id='word_1_141' title='bbox 965 2076 997 2138; x_wconf 92' lang='lat' dir='ltr'><strong>in</strong></span> <span class='ocrx_word' id='word_1_142' title='bbox 1017 2097 1052 2139; x_wconf 91' lang='lat' dir='ltr'><strong>re</strong></span> <span class='ocrx_word' id='word_1_143' title='bbox 1069 2078 1165 2164; x_wconf 86' lang='lat' dir='ltr'><strong>quid·</strong></span> 
     </span>
     <span class='ocr_line' id='line_1_21' title="bbox 103 2175 1166 2264; baseline 0.007 -26"><span class='ocrx_word' id='word_1_144' title='bbox 103 2196 197 2260; x_wconf 84' lang='lat' dir='ltr'><strong>quam</strong></span> <span class='ocrx_word' id='word_1_145' title='bbox 220 2175 389 2263; x_wconf 81' lang='lat' dir='ltr'><strong>usurpavit</strong></span> <span class='ocrx_word' id='word_1_146' title='bbox 410 2176 584 2264; x_wconf 71' lang='lat' dir='ltr'><strong>praecipui,</strong></span> <span class='ocrx_word' id='word_1_147' title='bbox 605 2176 667 2238; x_wconf 86' lang='lat' dir='ltr'><strong>nisi</strong></span> <span class='ocrx_word' id='word_1_148' title='bbox 691 2175 799 2262; x_wconf 90' lang='lat' dir='ltr'><strong>quod,</strong></span> <span class='ocrx_word' id='word_1_149' title='bbox 818 2177 945 2263; x_wconf 90' lang='lat' dir='ltr'><strong>quoties</strong></span> <span class='ocrx_word' id='word_1_150' title='bbox 966 2200 1031 2241; x_wconf 90' lang='lat' dir='ltr'><strong>una</strong></span> <span class='ocrx_word' id='word_1_151' title='bbox 1052 2180 1166 2245; x_wconf 88' lang='lat' dir='ltr'><strong>tende·</strong></span> 
     </span>
     <span class='ocr_line' id='line_1_22' title="bbox 102 2274 1125 2365; baseline 0.005 -26"><span class='ocrx_word' id='word_1_152' title='bbox 102 2274 195 2357; x_wconf 87' lang='lat' dir='ltr'><strong>baut,</strong></span> <span class='ocrx_word' id='word_1_153' title='bbox 213 2277 367 2341; x_wconf 89' lang='lat' dir='ltr'><strong>universo</strong></span> <span class='ocrx_word' id='word_1_154' title='bbox 382 2278 537 2341; x_wconf 81' lang='lat' dir='ltr'><strong>exercitui</strong></span> <span class='ocrx_word' id='word_1_155' title='bbox 552 2277 683 2365; x_wconf 88' lang='lat' dir='ltr'><strong>signum</strong></span> <span class='ocrx_word' id='word_1_156' title='bbox 696 2277 737 2339; x_wconf 82' lang='lat' dir='ltr'><strong>ab</strong></span> <span class='ocrx_word' id='word_1_157' title='bbox 752 2298 819 2339; x_wconf 89' lang='lat' dir='ltr'><strong>uno</strong></span> <span class='ocrx_word' id='word_1_158' title='bbox 833 2276 965 2341; x_wconf 87' lang='lat' dir='ltr'><strong>Metello</strong></span> <span class='ocrx_word' id='word_1_159' title='bbox 979 2277 1125 2344; x_wconf 84' lang='lat' dir='ltr'><strong>dabamr.</strong></span> 
     </span>
     <span class='ocr_line' id='line_1_23' title="bbox 144 2376 1166 2467; baseline 0.005 -26"><span class='ocrx_word' id='word_1_160' title='bbox 144 2377 182 2441; x_wconf 90' lang='lat' dir='ltr'><strong>V.</strong></span> <span class='ocrx_word' id='word_1_161' title='bbox 203 2378 351 2441; x_wconf 89' lang='lat' dir='ltr'><strong>Consilio</strong></span> <span class='ocrx_word' id='word_1_162' title='bbox 363 2394 470 2441; x_wconf 86' lang='lat' dir='ltr'><strong>tamen</strong></span> <span class='ocrx_word' id='word_1_163' title='bbox 489 2376 575 2441; x_wconf 87' lang='lat' dir='ltr'><strong>senis</strong></span> <span class='ocrx_word' id='word_1_164' title='bbox 587 2378 779 2466; x_wconf 89' lang='lat' dir='ltr'><strong>plerumque</strong></span> <span class='ocrx_word' id='word_1_165' title='bbox 792 2377 970 2466; x_wconf 89' lang='lat' dir='ltr'><strong>Pompeius</strong></span> <span class='ocrx_word' id='word_1_166' title='bbox 982 2380 1166 2467; x_wconf 87' lang='lat' dir='ltr'><strong>acquiesce-</strong></span> 
     </span>
    </p>
   </div>
   <div class='ocr_carea' id='block_1_12' title="bbox 25 2460 1165 2568">
    <p class='ocr_par' dir='ltr' id='par_1_12' title="bbox 25 2460 1165 2568">
     <span class='ocr_line' id='line_1_24' title="bbox 25 2460 1165 2568; baseline 0.004 -26"><span class='ocrx_word' id='word_1_167' title='bbox 25 2460 26 2463; x_wconf 17' lang='lat'><em>*</em></span> <span class='ocrx_word' id='word_1_168' title='bbox 103 2479 171 2560; x_wconf 85' lang='lat' dir='ltr'><strong>bat,</strong></span> <span class='ocrx_word' id='word_1_169' title='bbox 187 2480 291 2568; x_wconf 86' lang='lat' dir='ltr'><strong>digno</strong></span> <span class='ocrx_word' id='word_1_170' title='bbox 306 2482 538 2558; x_wconf 71' lang='lat' dir='ltr'><strong>intercutem,</strong></span> <span class='ocrx_word' id='word_1_171' title='bbox 557 2479 648 2567; x_wconf 88' lang='lat' dir='ltr'><strong>quod</strong></span> <span class='ocrx_word' id='word_1_172' title='bbox 662 2495 833 2557; x_wconf 83' lang='lat' dir='ltr'><strong>narretur,</strong></span> <span class='ocrx_word' id='word_1_173' title='bbox 856 2476 1065 2544; x_wconf 88' lang='lat' dir='ltr'><strong>documento.</strong></span> <span class='ocrx_word' id='word_1_174' title='bbox 1084 2484 1165 2547; x_wconf 87' lang='lat' dir='ltr'><strong>Jun-</strong></span> 
     </span>
    </p>
   </div>
   <div class='ocr_carea' id='block_1_13' title="bbox 97 2579 1168 3668">
    <p class='ocr_par' dir='ltr' id='par_1_13' title="bbox 97 2579 1168 3668">
     <span class='ocr_line' id='line_1_25' title="bbox 101 2579 1164 2668; baseline 0.002 -24"><span class='ocrx_word' id='word_1_175' title='bbox 101 2583 157 2644; x_wconf 87' lang='lat' dir='ltr'><strong>ctis</strong></span> <span class='ocrx_word' id='word_1_176' title='bbox 177 2598 320 2667; x_wconf 85' lang='lat' dir='ltr'><strong>uterque</strong></span> <span class='ocrx_word' id='word_1_177' title='bbox 340 2581 442 2668; x_wconf 83' lang='lat' dir='ltr'><strong>copiis</strong></span> <span class='ocrx_word' id='word_1_178' title='bbox 459 2602 543 2667; x_wconf 76' lang='lat' dir='ltr'><strong>saepe</strong></span> <span class='ocrx_word' id='word_1_179' title='bbox 559 2579 683 2667; x_wconf 88' lang='lat' dir='ltr'><strong>diuque</strong></span> <span class='ocrx_word' id='word_1_180' title='bbox 699 2579 877 2643; x_wconf 78' lang='lat' dir='ltr'><strong>Sertorium</strong></span> <span class='ocrx_word' id='word_1_181' title='bbox 895 2600 1164 2666; x_wconf 66' lang='lat' dir='ltr'><strong>provocaverant,</strong></span> 
     </span>
     <span class='ocr_line' id='line_1_26' title="bbox 101 2672 1167 2778; baseline -0.001 -33"><span class='ocrx_word' id='word_1_182' title='bbox 101 2672 213 2745; x_wconf 81' lang='lat' dir='ltr'><strong>contra</strong></span> <span class='ocrx_word' id='word_1_183' title='bbox 228 2679 313 2778; x_wconf 77' lang='lat' dir='ltr'><strong>duos</strong></span> <span class='ocrx_word' id='word_1_184' title='bbox 329 2703 474 2769; x_wconf 89' lang='lat' dir='ltr'><strong>pugnare</strong></span> <span class='ocrx_word' id='word_1_185' title='bbox 490 2695 713 2760; x_wconf 65' lang='lat' dir='ltr'><strong>recusantem</strong></span> <span class='ocrx_word' id='word_1_186' title='bbox 731 2679 837 2744; x_wconf 87' lang='lat' dir='ltr'><strong>donec</strong></span> <span class='ocrx_word' id='word_1_187' title='bbox 853 2679 1092 2762; x_wconf 87' lang='lat' dir='ltr'><strong>animadverso,</strong></span> <span class='ocrx_word' id='word_1_188' title='bbox 1109 2684 1167 2746; x_wconf 89' lang='lat' dir='ltr'><strong>rni-</strong></span> 
     </span>
     <span class='ocr_line' id='line_1_27' title="bbox 99 2780 1165 2860; baseline 0 -16"><span class='ocrx_word' id='word_1_189' title='bbox 99 2782 169 2846; x_wconf 87' lang='lat' dir='ltr'><strong>lites</strong></span> <span class='ocrx_word' id='word_1_190' title='bbox 188 2782 386 2846; x_wconf 90' lang='lat' dir='ltr'><strong>sertorianos</strong></span> <span class='ocrx_word' id='word_1_191' title='bbox 405 2780 588 2844; x_wconf 87' lang='lat' dir='ltr'><strong>incredibili</strong></span> <span class='ocrx_word' id='word_1_192' title='bbox 609 2780 725 2844; x_wconf 84' lang='lat' dir='ltr'><strong>ardore</strong></span> <span class='ocrx_word' id='word_1_193' title='bbox 739 2781 930 2860; x_wconf 88' lang='lat' dir='ltr'><strong>instinctos,</strong></span> <span class='ocrx_word' id='word_1_194' title='bbox 949 2780 1092 2844; x_wconf 88' lang='lat' dir='ltr'><strong>humeris</strong></span> <span class='ocrx_word' id='word_1_195' title='bbox 1111 2805 1165 2844; x_wconf 84' lang='lat' dir='ltr'><strong>ex·</strong></span> 
     </span>
     <span class='ocr_line' id='line_1_28' title="bbox 100 2880 1165 2970; baseline -0.003 -23"><span class='ocrx_word' id='word_1_196' title='bbox 100 2884 211 2960; x_wconf 83' lang='lat' dir='ltr'><strong>sertis,</strong></span> <span class='ocrx_word' id='word_1_197' title='bbox 228 2883 414 2970; x_wconf 80' lang='lat' dir='ltr'><strong>lanceisque</strong></span> <span class='ocrx_word' id='word_1_198' title='bbox 424 2883 574 2963; x_wconf 82' lang='lat' dir='ltr'><strong>vibratis,</strong></span> <span class='ocrx_word' id='word_1_199' title='bbox 587 2903 730 2970; x_wconf 87' lang='lat' dir='ltr'><strong>pugnam</strong></span> <span class='ocrx_word' id='word_1_200' title='bbox 744 2881 935 2969; x_wconf 87' lang='lat' dir='ltr'><strong>deposcere,</strong></span> <span class='ocrx_word' id='word_1_201' title='bbox 952 2880 1101 2942; x_wconf 88' lang='lat' dir='ltr'><strong>Metellus</strong></span> <span class='ocrx_word' id='word_1_202' title='bbox 1112 2903 1165 2944; x_wconf 89' lang='lat' dir='ltr'><strong>re-</strong></span> 
     </span>
     <span class='ocr_line' id='line_1_29' title="bbox 100 2980 1164 3072; baseline 0 -26"><span class='ocrx_word' id='word_1_203' title='bbox 100 2984 183 3072; x_wconf 85' lang='lat' dir='ltr'><strong>cepit</strong></span> <span class='ocrx_word' id='word_1_204' title='bbox 199 2982 396 3062; x_wconf 80' lang='lat' dir='ltr'><strong>exercitum,</strong></span> <span class='ocrx_word' id='word_1_205' title='bbox 410 2999 443 3046; x_wconf 92' lang='lat' dir='ltr'><strong>et</strong></span> <span class='ocrx_word' id='word_1_206' title='bbox 458 2982 615 3069; x_wconf 89' lang='lat' dir='ltr'><strong>Pompeio</strong></span> <span class='ocrx_word' id='word_1_207' title='bbox 632 2981 717 3045; x_wconf 89' lang='lat' dir='ltr'><strong>idem</strong></span> <span class='ocrx_word' id='word_1_208' title='bbox 732 2980 875 3044; x_wconf 80' lang='lat' dir='ltr'><strong>faciundi</strong></span> <span class='ocrx_word' id='word_1_209' title='bbox 887 2995 999 3044; x_wconf 88' lang='lat' dir='ltr'><strong>auctor</strong></span> <span class='ocrx_word' id='word_1_210' title='bbox 1012 2980 1082 3043; x_wconf 89' lang='lat' dir='ltr'><strong>fuit.</strong></span> <span class='ocrx_word' id='word_1_211' title='bbox 1102 2983 1164 3046; x_wconf 87' lang='lat' dir='ltr'><strong>Sed</strong></span> 
     </span>
     <span class='ocr_line' id='line_1_30' title="bbox 99 3082 1164 3171; baseline 0.006 -27"><span class='ocrx_word' id='word_1_212' title='bbox 99 3083 183 3147; x_wconf 87' lang='lat' dir='ltr'><strong>iuter</strong></span> <span class='ocrx_word' id='word_1_213' title='bbox 197 3083 377 3170; x_wconf 84' lang='lat' dir='ltr'><strong>superioris</strong></span> <span class='ocrx_word' id='word_1_214' title='bbox 391 3103 510 3171; x_wconf 72' lang='lat' dir='ltr'><strong>pugnae</strong></span> <span class='ocrx_word' id='word_1_215' title='bbox 523 3082 771 3169; x_wconf 85' lang='lat' dir='ltr'><strong>trepidationem</strong></span> <span class='ocrx_word' id='word_1_216' title='bbox 787 3082 900 3144; x_wconf 85' lang='lat' dir='ltr'><strong>amissa</strong></span> <span class='ocrx_word' id='word_1_217' title='bbox 918 3101 1011 3143; x_wconf 86' lang='lat' dir='ltr'><strong>cerva</strong></span> <span class='ocrx_word' id='word_1_218' title='bbox 1029 3082 1164 3151; x_wconf 88' lang='lat' dir='ltr'><strong>candida</strong></span> 
     </span>
     <span class='ocr_line' id='line_1_31' title="bbox 99 3179 1164 3270; baseline -0.001 -20"><span class='ocrx_word' id='word_1_219' title='bbox 99 3184 282 3250; x_wconf 82' lang='lat' dir='ltr'><strong>macerabat</strong></span> <span class='ocrx_word' id='word_1_220' title='bbox 294 3184 488 3265; x_wconf 85' lang='lat' dir='ltr'><strong>Sertorium,</strong></span> <span class='ocrx_word' id='word_1_221' title='bbox 504 3184 548 3246; x_wconf 88' lang='lat' dir='ltr'><strong>ita</strong></span> <span class='ocrx_word' id='word_1_222' title='bbox 568 3200 606 3246; x_wconf 91' lang='lat' dir='ltr'><strong>ut</strong></span> <span class='ocrx_word' id='word_1_223' title='bbox 620 3181 843 3270; x_wconf 86' lang='lat' dir='ltr'><strong>compluribus</strong></span> <span class='ocrx_word' id='word_1_224' title='bbox 861 3179 993 3261; x_wconf 88' lang='lat' dir='ltr'><strong>diebus,</strong></span> <span class='ocrx_word' id='word_1_225' title='bbox 1013 3203 1079 3244; x_wconf 90' lang='lat' dir='ltr'><strong>non</strong></span> <span class='ocrx_word' id='word_1_226' title='bbox 1094 3185 1164 3250; x_wconf 88' lang='lat' dir='ltr'><strong>sine</strong></span> 
     </span>
     <span class='ocr_line' id='line_1_32' title="bbox 97 3282 1167 3373; baseline 0 -23"><span class='ocrx_word' id='word_1_227' title='bbox 97 3286 194 3351; x_wconf 87' lang='lat' dir='ltr'><strong>irrisu</strong></span> <span class='ocrx_word' id='word_1_228' title='bbox 212 3286 379 3365; x_wconf 85' lang='lat' dir='ltr'><strong>hostium,</strong></span> <span class='ocrx_word' id='word_1_229' title='bbox 395 3309 412 3348; x_wconf 90' lang='lat' dir='ltr'><strong>a</strong></span> <span class='ocrx_word' id='word_1_230' title='bbox 431 3286 528 3349; x_wconf 85' lang='lat' dir='ltr'><strong>rebus</strong></span> <span class='ocrx_word' id='word_1_231' title='bbox 544 3285 693 3373; x_wconf 83' lang='lat' dir='ltr'><strong>gerendis</strong></span> <span class='ocrx_word' id='word_1_232' title='bbox 710 3282 903 3348; x_wconf 89' lang='lat' dir='ltr'><strong>abstineret:</strong></span> <span class='ocrx_word' id='word_1_233' title='bbox 926 3305 1001 3346; x_wconf 89' lang='lat' dir='ltr'><strong>uam</strong></span> <span class='ocrx_word' id='word_1_234' title='bbox 1020 3283 1060 3347; x_wconf 86' lang='lat' dir='ltr'><strong>ad</strong></span> <span class='ocrx_word' id='word_1_235' title='bbox 1077 3285 1167 3350; x_wconf 88' lang='lat' dir='ltr'><strong>incli-</strong></span> 
     </span>
     <span class='ocr_line' id='line_1_33' title="bbox 98 3383 1163 3474; baseline 0.005 -26"><span class='ocrx_word' id='word_1_236' title='bbox 98 3385 242 3469; x_wconf 81' lang='lat' dir='ltr'><strong>nandus,</strong></span> <span class='ocrx_word' id='word_1_237' title='bbox 257 3409 325 3472; x_wconf 88' lang='lat' dir='ltr'><strong>quo</strong></span> <span class='ocrx_word' id='word_1_238' title='bbox 333 3386 443 3468; x_wconf 89' lang='lat' dir='ltr'><strong>vellet,</strong></span> <span class='ocrx_word' id='word_1_239' title='bbox 455 3386 670 3450; x_wconf 87' lang='lat' dir='ltr'><strong>Barbarorum</strong></span> <span class='ocrx_word' id='word_1_240' title='bbox 683 3385 825 3464; x_wconf 89' lang='lat' dir='ltr'><strong>animos,</strong></span> <span class='ocrx_word' id='word_1_241' title='bbox 840 3383 896 3448; x_wconf 88' lang='lat' dir='ltr'><strong>illo</strong></span> <span class='ocrx_word' id='word_1_242' title='bbox 909 3385 1054 3465; x_wconf 87' lang='lat' dir='ltr'><strong>animali,</strong></span> <span class='ocrx_word' id='word_1_243' title='bbox 1071 3391 1163 3474; x_wconf 88' lang='lat' dir='ltr'><strong>quasi</strong></span> 
     </span>
     <span class='ocr_line' id='line_1_34' title="bbox 99 3484 1167 3574; baseline 0.004 -24"><span class='ocrx_word' id='word_1_244' title='bbox 99 3488 248 3551; x_wconf 83' lang='lat' dir='ltr'><strong>maehina</strong></span> <span class='ocrx_word' id='word_1_245' title='bbox 264 3484 404 3572; x_wconf 82' lang='lat' dir='ltr'><strong>quadam</strong></span> <span class='ocrx_word' id='word_1_246' title='bbox 418 3485 591 3550; x_wconf 85' lang='lat' dir='ltr'><strong>utebatur:</strong></span> <span class='ocrx_word' id='word_1_247' title='bbox 608 3503 677 3550; x_wconf 91' lang='lat' dir='ltr'><strong>erat</strong></span> <span class='ocrx_word' id='word_1_248' title='bbox 692 3485 779 3549; x_wconf 88' lang='lat' dir='ltr'><strong>enim</strong></span> <span class='ocrx_word' id='word_1_249' title='bbox 792 3485 911 3574; x_wconf 84' lang='lat' dir='ltr'><strong>insigni</strong></span> <span class='ocrx_word' id='word_1_250' title='bbox 923 3486 1041 3569; x_wconf 88' lang='lat' dir='ltr'><strong>forma,</strong></span> <span class='ocrx_word' id='word_1_251' title='bbox 1056 3491 1167 3554; x_wconf 87' lang='lat' dir='ltr'><strong>colore</strong></span> 
     </span>
     <span class='ocr_line' id='line_1_35' title="bbox 99 3577 1168 3668; baseline 0.001 -17"><span class='ocrx_word' id='word_1_252' title='bbox 99 3588 237 3652; x_wconf 82' lang='lat' dir='ltr'><strong>candido</strong></span> <span class='ocrx_word' id='word_1_253' title='bbox 249 3635 259 3668; x_wconf 96' lang='lat'><strong>,</strong></span> <span class='ocrx_word' id='word_1_254' title='bbox 270 3603 305 3651; x_wconf 89' lang='lat' dir='ltr'><strong>et</strong></span> <span class='ocrx_word' id='word_1_255' title='bbox 315 3587 363 3650; x_wconf 88' lang='lat' dir='ltr'><strong>sic</strong></span> <span class='ocrx_word' id='word_1_256' title='bbox 376 3604 504 3652; x_wconf 85' lang='lat' dir='ltr'><strong>assueta</strong></span> <span class='ocrx_word' id='word_1_257' title='bbox 513 3588 676 3666; x_wconf 87' lang='lat' dir='ltr'><strong>Sertorio,</strong></span> <span class='ocrx_word' id='word_1_258' title='bbox 692 3577 735 3650; x_wconf 70' lang='lat' dir='ltr'><strong>ut&#39;</strong></span> <span class='ocrx_word' id='word_1_259' title='bbox 746 3584 871 3650; x_wconf 88' lang='lat' dir='ltr'><strong>audiret</strong></span> <span class='ocrx_word' id='word_1_260' title='bbox 885 3604 1070 3666; x_wconf 89' lang='lat' dir='ltr'><strong>vocantem,</strong></span> <span class='ocrx_word' id='word_1_261' title='bbox 1088 3611 1168 3653; x_wconf 68' lang='lat' dir='ltr'><strong>eun«</strong></span> 
     </span>
    </p>
   </div>
   <div class='ocr_carea' id='block_1_14' title="bbox 100 3703 448 3777">
    <p class='ocr_par' dir='ltr' id='par_1_14' title="bbox 100 3703 448 3777">
     <span class='ocr_line' id='line_1_36' title="bbox 100 3703 448 3777; baseline 0.003 -26"><span class='ocrx_word' id='word_1_262' title='bbox 100 3704 231 3777; x_wconf 85' lang='lat' dir='ltr'><strong>temque</strong></span> <span class='ocrx_word' id='word_1_263' title='bbox 247 3703 448 3775; x_wconf 87' lang='lat' dir='ltr'><strong>sequeretur.</strong></span> 
     </span>
    </p>
   </div>
   <div class='ocr_carea' id='block_1_15' title="bbox 104 3913 1168 4246">
    <p class='ocr_par' dir='ltr' id='par_1_15' title="bbox 104 3913 1168 4145">
     <span class='ocr_line' id='line_1_37' title="bbox 134 3913 1168 3979; baseline -0.005 -17"><span class='ocrx_word' id='word_1_264' title='bbox 134 3914 150 3977; x_wconf 72' lang='lat' dir='ltr'>S</span> <span class='ocrx_word' id='word_1_265' title='bbox 161 3915 208 3962; x_wconf 90' lang='grc'><strong>111.</strong></span> <span class='ocrx_word' id='word_1_266' title='bbox 222 3914 321 3964; x_wconf 69' lang='lat' dir='ltr'><strong>&amp;unse</strong></span> <span class='ocrx_word' id='word_1_267' title='bbox 335 3941 370 3951; x_wconf 86' lang='lat'><strong>-—</strong></span> <span class='ocrx_word' id='word_1_268' title='bbox 381 3917 455 3964; x_wconf 85' lang='lat' dir='ltr'><strong>Oros.</strong></span> <span class='ocrx_word' id='word_1_269' title='bbox 464 3917 494 3973; x_wconf 75' lang='lat' dir='ltr'><strong>V,</strong></span> <span class='ocrx_word' id='word_1_270' title='bbox 504 3917 546 3962; x_wconf 74' lang='lat'><strong>13.</strong></span> <span class='ocrx_word' id='word_1_271' title='bbox 562 3943 597 3952; x_wconf 85' lang='lat'><em>-</em></span> <span class='ocrx_word' id='word_1_272' title='bbox 609 3915 733 3963; x_wconf 73' lang='lat' dir='ltr'><strong>Plutarch.</strong></span> <span class='ocrx_word' id='word_1_273' title='bbox 746 3916 772 3961; x_wconf 88' lang='lat' dir='ltr'><strong>in</strong></span> <span class='ocrx_word' id='word_1_274' title='bbox 786 3917 871 3979; x_wconf 83' lang='lat' dir='ltr'><strong>Pomp.</strong></span> <span class='ocrx_word' id='word_1_275' title='bbox 885 3925 910 3960; x_wconf 84' lang='lat' dir='ltr'><strong>et</strong></span> <span class='ocrx_word' id='word_1_276' title='bbox 924 3915 1013 3960; x_wconf 76' lang='lat' dir='ltr'><strong>sertor.</strong></span> <span class='ocrx_word' id='word_1_277' title='bbox 1029 3936 1063 3947; x_wconf 91' lang='lat'>-</span> <span class='ocrx_word' id='word_1_278' title='bbox 1082 3913 1168 3962; x_wconf 64' lang='lat' dir='ltr'><strong>From,</strong></span> 
     </span>
     <span class='ocr_line' id='line_1_38' title="bbox 104 3994 1168 4064; baseline -0.007 -20"><span class='ocrx_word' id='word_1_279' title='bbox 104 3997 222 4056; x_wconf 72' lang='lat' dir='ltr'><strong>Stratll,</strong></span> <span class='ocrx_word' id='word_1_280' title='bbox 239 4000 279 4045; x_wconf 81' lang='lat'><strong>13.</strong></span> <span class='ocrx_word' id='word_1_281' title='bbox 301 4026 335 4036; x_wconf 92' lang='lat'>-</span> <span class='ocrx_word' id='word_1_282' title='bbox 351 3997 413 4064; x_wconf 64' lang='grc' dir='ltr'><strong>Π.</strong></span> <span class='ocrx_word' id='word_1_283' title='bbox 430 4004 513 4048; x_wconf 77' lang='lat' dir='ltr'><strong>l&#39;ront.</strong></span> <span class='ocrx_word' id='word_1_284' title='bbox 528 4003 554 4056; x_wconf 89' lang='lat'><strong>1,</strong></span> <span class='ocrx_word' id='word_1_285' title='bbox 574 4014 618 4056; x_wconf 80' lang='grc' dir='ltr'><strong>ιι,</strong></span> <span class='ocrx_word' id='word_1_286' title='bbox 634 4011 659 4048; x_wconf 87' lang='lat' dir='ltr'><strong>et</strong></span> <span class='ocrx_word' id='word_1_287' title='bbox 677 4001 714 4055; x_wconf 90' lang='lat' dir='ltr'><strong>ll,</strong></span> <span class='ocrx_word' id='word_1_288' title='bbox 739 4015 759 4045; x_wconf 87' lang='lat'><strong>1.</strong></span> <span class='ocrx_word' id='word_1_289' title='bbox 782 4025 817 4034; x_wconf 94' lang='lat'>-</span> <span class='ocrx_word' id='word_1_290' title='bbox 840 3995 961 4044; x_wconf 82' lang='lat' dir='ltr'><strong>Plutarch.</strong></span> <span class='ocrx_word' id='word_1_291' title='bbox 977 3994 1004 4040; x_wconf 85' lang='lat' dir='ltr'><strong>in</strong></span> <span class='ocrx_word' id='word_1_292' title='bbox 1022 3995 1112 4040; x_wconf 80' lang='lat' dir='ltr'><strong>sertor.</strong></span> <span class='ocrx_word' id='word_1_293' title='bbox 1131 4019 1168 4036; x_wconf 67' lang='grc'><strong>-.</strong></span> 
     </span>
     <span class='ocr_line' id='line_1_39' title="bbox 105 4081 361 4145; baseline -0.008 -15"><span class='ocrx_word' id='word_1_294' title='bbox 105 4081 207 4145; x_wconf 61' lang='lat' dir='ltr'><strong>Appiam</strong></span> <span class='ocrx_word' id='word_1_295' title='bbox 219 4083 329 4132; x_wconf 59' lang='lat' dir='ltr'><strong>einim,</strong></span> <span class='ocrx_word' id='word_1_296' title='bbox 341 4085 361 4129; x_wconf 90' lang='lat' dir='ltr'><strong>l.</strong></span> 
     </span>
    </p>

    <p class='ocr_par' dir='ltr' id='par_1_16' title="bbox 937 4167 996 4246">
     <span class='ocr_line' id='line_1_40' title="bbox 937 4167 996 4246; baseline -0.068 -6"><span class='ocrx_word' id='word_1_297' title='bbox 937 4167 996 4246; x_wconf 72' lang='lat'><strong>16,</strong></span> 
     </span>
    </p>
   </div>
   <div class='ocr_carea' id='block_1_16' title="bbox 0 0 1442 4900">
    <p class='ocr_par' dir='ltr' id='par_1_17' title="bbox 0 0 1442 4900">
     <span class='ocr_line' id='line_1_41' title="bbox 0 0 1442 4900; baseline 0 3"><span class='ocrx_word' id='word_1_298' title='bbox 0 0 1442 4900; x_wconf 95' lang='lat' dir='ltr'><strong> </strong></span> 
     </span>
    </p>
   </div>
  </div>
 </body>
</html>
