2875 4900
279 393 350 483 464
457 398 525 466 JO.
552 395 897 467 FREINSHEMII
926 395 1173 465 SUPPLEM.

278 542 342 585 noa
348 538 464 606 ρωπος
478 528 627 582 eceteram
644 532 726 581 reete
745 518 860 603 ogereti
870 513 954 579 ultro
972 518 1109 581 amicum
1129 529 1161 580 et
1176 512 1351 603 adjutorem

264 619 354 710 fiir-e.
378 616 442 683 Sed
466 618 567 700 hanc,
588 618 823 706 undecumque
844 617 1042 706 profectam,
1065 618 1214 707 Pompeii
1237 616 1351 682 mode·

276 722 392 803 stiam,
411 738 521 785 tantus
543 722 718 785 hominum
742 721 834 783 favor
856 720 1000 808 excepit,
1024 735 1063 785 ut
1083 742 1161 785 cum
1182 721 1298 808 paucis
1322 734 1352 783 et

274 823 472 903 inermibus,
488 839 645 909 tanquam
658 845 697 885 ex
711 821 856 909 qualibet
866 822 1128 910 peregrinatione
1140 820 1351 901 redeuntem,

274 940 444 1016 aggregata
459 924 615 1012 perviam
632 924 771 988 maxima
783 923 958 987 hominum
969 922 1148 987 multitudo
1161 923 1349 1003 deduxerit,

274 1026 356 1091 nihil
379 1047 576 1113 magnopere
602 1024 864 1090 desideraturum
888 1024 1039 1113 pristinas
1063 1025 1191 1113 copias,
1218 1026 1248 1089 si
1272 1023 1349 1113 quid

274 1150 395 1193 novare
411 1126 563 1213 cupisset.

263 1212 268 1225 .
319 1228 442 1291 XXIX.
464 1226 514 1290 Ex
532 1224 621 1290 Urbe
638 1248 774 1314 quoque
793 1227 984 1313 frequenter
998 1225 1128 1290 obviam
1145 1224 1232 1290 itum
1251 1247 1260 1289 ε
1277 1226 1349 1289 Ιοιι·

273 1328 403 1419 gissime
419 1350 437 1391 a
451 1326 641 1408 juventute3
658 1343 734 1415 post
749 1327 828 1408 hos,
847 1342 886 1391 ut
900 1326 1060 1414 cujusque
1076 1344 1152 1391 aetas
1167 1342 1226 1391 aut
1242 1326 1349 1416 digni·

272 1446 321 1495 tas
340 1431 506 1511 tulerunt3
528 1428 678 1517 proxime
698 1444 825 1517 portam
848 1445 980 1493 senatus
1002 1429 1157 1495 occurrit.
1179 1429 1260 1493 Non
1284 1446 1349 1493 erat

272 1531 472 1611 obscurum,
488 1553 731 1619 quamcumque
748 1531 783 1594 in
798 1546 924 1617 partem
939 1531 1044 1595 vireo
1060 1531 1181 1597 robore
1192 1531 1347 1598 inclinas·

271 1651 339 1715 set,
359 1648 565 1697 momentum
586 1632 702 1722 ingens
719 1634 790 1696 fore
807 1655 815 1695 ε
831 1630 953 1697 idcirco
975 1634 1032 1721 qui
1048 1633 1202 1699 Clodium
1222 1634 1346 1699 salvum

269 1733 441 1815 volebant,
460 1754 529 1797 non
549 1733 733 1798 omiserunt
751 1731 902 1797 adhunc
919 1756 954 1799 se
971 1735 1122 1822 protinus
1145 1752 1346 1801 convertere.

269 1834 316 1901 M.
335 1836 411 1900 Piso
432 1834 566 1915 consul,
583 1856 683 1922 quam
703 1834 774 1921 ipse
794 1833 921 1901 ferebat
939 1857 979 1899 ex
998 1836 1286 1901 senatusconsulto
1306 1834 1346 1901 de

268 1937 425 2028 religione
439 1937 555 2001 violata
573 1936 796 2025 rogationem,
814 1936 957 2002 amicitia
973 1936 1083 2013 Clodii
1100 1936 1281 2019 adductus,
1293 1962 1347 2005 au·

268 2040 426 2128 tiquatam
443 2037 604 2127 cupiebat.
696 2115 699 2119 ¹

311 2140 419 2205 XXX.
431 2140 510 2219 Ejus
525 2137 672 2225 impulsu
685 2138 729 2221 Q.
738 2135 853 2201 Fufius
864 2137 1017 2203 tribunus
1027 2139 1133 2227 plebis
1145 2140 1342 2229 Pompeium

267 2244 302 2309 in
316 2242 508 2307 concionem
522 2237 694 2329 produxit,
712 2260 817 2324 quum
828 2237 881 2303 die
894 2239 1117 2305 nundinarum
1130 2241 1166 2304 ia
1178 2242 1267 2305 circo
1277 2242 1345 2305 lla·

266 2345 370 2411 minio
393 2342 533 2405 maxima
555 2339 738 2426 frequentia
756 2341 871 2427 populi
892 2356 996 2422 esset,
1016 2342 1248 2430 quaesivitque,
1264 2342 1344 2431 pla·

265 2460 387 2510 ceretae
402 2446 447 2523 ei,
459 2442 587 2530 judices
601 2464 624 2504 a
633 2456 775 2528 proetore
793 2440 872 2529 legi,
891 2465 953 2531 quo
968 2443 1099 2510 consilio
1120 2443 1205 2508 idem
1217 2461 1345 2534 proetor

264 2561 412 2613 uteretur.
426 2544 620 2634 Pompeius,
635 2556 766 2606 senatus
780 2548 1000 2610 auctoritatem
1018 2568 1141 2636 semper
1153 2547 1215 2612 sibi
1233 2551 1344 2612 maxi·

263 2671 351 2712 mam
361 2648 467 2710 vuum
479 2668 541 2708 esse
546 2693 557 2725 ,
572 2645 698 2734 ejusque
708 2643 840 2708 decretis
849 2646 1147 2734 obtemperwsdwn,
1159 2649 1341 2738 respondit.

262 2748 314 2814 Ad
332 2764 515 2812 extremum
537 2743 650 2810 Fufius
672 2745 833 2827 obtinuit,
857 2762 897 2811 ut
917 2746 959 2812 de
976 2746 1127 2828 judicum
1147 2773 1270 2839 genere
1285 2751 1339 2839 (iu

262 2863 438 2939 quoerant
457 2845 587 2933 omnia)
603 2846 665 2934 ipsi
681 2844 929 2912 concederetur.

305 2952 429 3016 XXXI.
447 2948 619 3014 Accusavit
640 2947 795 3014 Clodium
818 2948 973 3018 tribunus
997 2951 1101 3041 plebis
1124 2952 1162 3018 P.
1179 2954 1340 3020 Lentulus

260 3054 435 3144 Spinther,
463 3051 595 3116 duobus
621 3073 660 3115 ex
683 3049 797 3116 eadem
820 3066 917 3140 gente
942 3052 1222 3141 subscriptoribus
1247 3079 1337 3122 usus.

262 3159 304 3240 Q.
326 3154 521 3219 Hortensius
547 3151 728 3241 praecipue,
753 3168 793 3217 ut
815 3152 885 3218 boec
907 3152 1047 3236 sineret,
1073 3173 1190 3222 auctor
1209 3162 1337 3224 senatui

260 3254 342 3339 fuit3
361 3255 508 3318 infensus
525 3251 660 3334 Clodio,
680 3267 713 3317 et
729 3253 828 3317 nullis
846 3254 941 3321 illum
957 3273 1014 3320 aut
1025 3255 1195 3340 judicibus
1211 3277 1272 3326 aut
1283 3285 1337 3328 ac·

257 3354 463 3420 cusatoribus
478 3353 694 3442 effugiturum
707 3369 839 3442 putans.
852 3357 970 3444 Itaque
984 3381 1027 3423 ne
1041 3358 1157 3424 Fufius
1170 3363 1335 3452 rogationi

259 3456 434 3520 consrdum
446 3454 677 3536 intercederet,
690 3455 735 3520 ita
743 3471 961 3540 transactum,
975 3476 1014 3524 ut
1024 3461 1094 3548 ipse
1107 3464 1209 3528 ferret
1220 3463 1335 3530 eadem

258 3555 386 3635 omnia,
404 3572 621 3644 preterquam
641 3572 678 3621 ut
689 3555 817 3636 judices
830 3581 850 3622 a
863 3575 1001 3647 pretore
1016 3563 1216 3651 legerentur.
1232 3567 1335 3632 Testi-

257 3657 408 3722 monium
429 3657 463 3720 in
485 3655 550 3722 boc
567 3657 692 3736 judicio
711 3659 794 3724 Cato
816 3675 851 3725 et
866 3661 981 3726 Cicero
999 3659 1156 3730 dixerunt
1173 3667 1334 3734 :Clodius

290 3896 307 3961 s
326 3897 448 3946 xxvm.
458 3893 668 3946 SoetominCaes.
682 3911 738 3964 cap.
753 3901 794 3947 rs.
810 3925 847 3936 —
864 3899 917 3950 Cic.
931 3900 963 3950 ad
977 3903 1054 3952 Attio.
1069 3905 1098 3964 1,
1112 3903 1154 3955 15.
1171 3933 1209 3943 —
1225 3907 1290 3957 Plus.
1303 3907 1330 3954 ln

252 3983 339 4045 Pomp.
351 3981 380 4029 in
390 3979 507 4038 Lucano,
522 3989 547 4029 et
558 3976 585 4028 in
596 3979 650 4028 Gst.
665 4005 700 4016 -
709 3982 775 4032 Veu
788 3985 827 4042 11,
845 3990 888 4039 to.
904 4011 940 4021 -
956 3985 1016 4034 Dio.
1032 4013 1069 4026 -
1078 3985 1096 4052 s
1113 3989 1217 4040 mx.
1229 3990 1283 4041 cte.
1297 3988 1328 4035 ad

253 4061 754 4132 tiue1,1s‚1c·t1⁶.-§xxx.
773 4066 881 4116 eluere
895 4067 959 4118 Cu.
969 4095 1005 4108 ·-
1015 4071 1072 4120 vnt
1083 4071 1152 4120 Max.
1164 4073 1212 4132 IV,
1223 4089 1250 4132 a,
1261 4073 1284 4120 5.
1294 4096 1330 4106 -

252 4146 304 4194 Cic.
316 4146 346 4194 de
356 4149 466 4214 Harusp.
474 4149 550 4214 llesp.
560 4163 615 4214 cap.
629 4162 669 4209 ¹7·
