2875 4900
192 401 248 467 IN
273 398 389 467 LOC.
417 399 515 465 LIB.
541 396 791 465 LXXXVIII
815 396 1029 467 LIVIANI.
1077 397 1142 469 185

130 520 210 583 XVI.
232 519 296 585 Sed
310 518 418 584 statim
436 519 505 582 hec
525 518 642 583 decom
660 516 784 597 omnia,
804 516 1009 599 crudelitate,
1023 536 1142 605 quanta

96 620 220 684 innullo
235 621 300 705 alio
311 641 457 709 unquam
471 620 551 701 fuit,
568 618 684 699 Ioedats
703 634 801 711 ὅπως
819 641 920 707 eaque
939 619 1021 683 lacta
1040 620 1141 704 edite,

96 739 194 785 ettam
211 746 231 786 a
248 723 469 811 superioribus
488 722 547 786 viri
567 720 722 787 institutis
734 720 968 808 discrepantia,
982 737 1020 785 ut
1032 721 1084 785 rix
1102 722 1142 787 ab
1220 746 1228 770 ·

93 823 194 887 eodem
210 824 345 887 homine
361 826 506 911 profecta
520 822 719 888 riderentur.
734 821 993 887 Modestissimus
1005 840 1080 887 ante
1093 825 1142 888 ri-
1203 870 1212 887 ,

93 924 233 1005 moriam,
257 925 356 988 sImuI
376 926 501 1011 placere
525 924 587 988 sibi
610 923 702 987 victis
725 923 921 986 Samnitibus
946 924 1044 1011 coepit
1062 924 1144 1011 (nec

93 1026 166 1089 enim
188 1026 339 1113 reliquias
358 1026 434 1089 belli
458 1025 526 1089 ullo
547 1025 582 1088 in
604 1046 744 1088 numero
766 1022 941 1109 ducebat),
965 1024 1085 1089 Cinnas
1112 1042 1144 1090 et

93 1126 217 1207 Marios,
229 1149 372 1213 quorum
384 1141 477 1189 antea
491 1125 606 1190 solitus
618 1140 685 1188 erat
697 1124 844 1187 incusare
860 1123 1028 1205 sevitiam,
1045 1125 1144 1213 longo

92 1242 155 1311 post
168 1248 202 1291 se
218 1227 388 1291 intervallo
403 1226 551 1313 reliquit;
567 1226 634 1289 sire
653 1246 765 1288 recens
780 1224 876 1287 talem
893 1225 1039 1287 animum
1058 1224 1144 1288 indi·

93 1326 172 1390 derat
186 1324 338 1409 fortuna,
351 1328 419 1390 sire
429 1326 667 1391 dissimulatum
681 1323 725 1387 ad
735 1323 769 1387 id
780 1324 954 1411 temporis,
970 1322 1142 1389 detexerat.

93 1427 234 1509 Postero,
252 1451 351 1516 quem
368 1442 548 1516 pugnatum
562 1442 629 1507 est,
646 1424 700 1489 die
714 1446 819 1511 quum
837 1426 1031 1487 Antemnam
1045 1427 1144 1489 venis·

92 1544 149 1608 set,
164 1528 416 1593 nichomiam
434 1528 553 1607 millia,
571 1528 680 1614 quise
696 1525 738 1588 ab
758 1524 902 1587 hostium
922 1526 989 1589 acie
1009 1526 1146 1614 abrupe-

92 1644 172 1708 rant,
184 1629 312 1692 reniam
325 1629 465 1716 petitum
477 1629 611 1707 misere3
621 1642 655 1691 et
663 1626 717 1689 ille
728 1626 860 1708 annuit,
870 1626 1029 1712 siquidem
1038 1628 1143 1716 alique

92 1722 243 1814 prioribus
260 1729 357 1793 sociis
376 1729 461 1793 illata
479 1728 570 1793 clade
582 1727 803 1817 poenitentium
818 1727 957 1815 partium
971 1730 1145 1816 approbes—

93 1847 166 1896 sent.
1075 1836 1078 1851 '

128 1932 229 1997 XVII.
254 1934 306 1997 IIIi
324 1955 404 1997 cum
425 1934 495 1996 aliis
514 1949 663 1997 conserta
687 1955 805 2013 manu,
823 1932 947 2002 eminis
967 1932 1144 2019 occisisque

96 2033 194 2097 multis
204 2038 313 2121 ,quot
331 2050 521 2121 supererant
535 2034 689 2122 (cognita
702 2034 789 2097 enlm
805 2056 900 2097 causa
916 2030 1069 2112 (adium,
1084 2056 1144 2097 cae-

94 2134 144 2195 teri
164 2156 297 2223 quoque
314 2135 425 2200 eadem
446 2135 588 2224 auspicis
608 2150 805 2223 sequuturos
824 2133 992 2219 dixerant)
1013 2132 1144 2197 edocto

95 2233 181 2299 nili·
200 2236 297 2301 Sullae
317 2260 351 2300 se
370 2235 576 2301 dediderunt.
591 2236 655 2299 Eos
672 2236 706 2299 in
723 2236 830 2299 uillam
843 2235 1006 2323 publicam
1020 2233 1145 2323 ingredi

92 2331 204 2416 iosos,
217 2336 311 2423 quasi
331 2337 417 2400 inter
434 2359 513 2401 suos
536 2336 653 2401 milites
672 2334 912 2423 descripturm,
928 2334 1043 2399 eodem
1062 2352 1144 2399 tem·

94 2453 180 2518 pore,
198 2459 269 2524 quo
285 2453 435 2502 senatum
456 2437 492 2500 in
514 2434 617 2502 isdem
639 2436 779 2501 Bellonae
799 2436 969 2501 convocari
987 2437 1145 2518 jusserat,

94 2533 302 2601 crudelissime
326 2536 517 2617 trucidarit3
539 2537 699 2625 multique
718 2537 817 2602 slmul
832 2537 967 2626 pagani,
986 2538 1042 2624 qui
1062 2539 1146 2602 sorte

94 2632 196 2699 codem
205 2653 377 2719 renerent,
391 2637 487 2701 etiam
501 2639 697 2702 sullanarum
709 2637 850 2725 partium
862 2637 1028 2720 homines,
1042 2641 1145 2726 perie-

95 2752 170 2800 runt.
185 2738 330 2825 Corpora
343 2737 378 2800 in
389 2738 536 2802 ‘I'iberim
550 2740 694 2826 projecta
704 2755 792 2803 sunt.

130 2837 247 2902 XVIII.
271 2841 359 2902 Dum
382 2854 469 2902 tanta
485 2839 662 2913 multitudo
678 2839 822 2921 creditur,
841 2843 909 2928 ipse
927 2840 1022 2903 rerba
1040 2840 1075 2901 in
1093 2861 1144 2902 se·

96 2949 162 3000 natu
179 2939 335 3021 Inciebat3
349 2939 565 3027 Patribusque
575 2941 623 3018 adl
633 2941 822 3005 horribilem
839 2942 1017 3004 tumultum
1034 2963 1071 3003 ac
1084 2942 1147 3003 cla·

96 3056 225 3120 morem,
242 3062 342 3128 quem
357 3055 408 3104 tot
424 3036 523 3104 millis
538 3042 845 3130 indigne'moritura
864 3041 1022 3120 edebant,
1042 3055 1145 3106 exter·

95 3135 169 3219 titis3
185 3140 324 3222 eaden„
337 3165 405 3228 quo
419 3140 529 3216 dicere
545 3157 700 3231 coepemt,
715 3144 827 3224 vultu,
846 3142 999 3229 vocisque
1016 3141 1158 3224 tenore,'

96 3237 176 3302 «Hoc
189 3242 292 3331 agite,
310 3242 436 3329 inquit,
451 3242 561 3306 Patres
576 3244 774 3331 conscripti:
792 3244 887 3331 pauci
904 3242 1045 3307 seditiosi
1055 3243 1146 3323 jussu

96 3359 180 3403 ·meo
202 3343 425 3429 puniuntur».
450 3344 524 3424 Qua
547 3349 642 3408 tonte
663 3345 963 3425 acerbitatem,
982 3343 1033 3408 rix
1053 3345 1148 3432 quid-

97 3457 181 3521 quam
197 3443 239 3508 ab
255 3443 324 3507 ullo
341 3443 475 3508 homine
491 3443 615 3508 dictum
633 3460 716 3532 puto
739 3446 964 3510 truculentius.
988 3446 1147 3510 Proximis

97 3534 201 3608 deinde
213 3543 324 3607 multis
337 3542 453 3608 diebus
468 3544 586 3631 passim
599 3565 658 3631 per
675 3545 798 3610 Urbem
815 3545 916 3610 caedes
933 3548 1042 3628 factm,
1059 3563 1147 3612 tanta

98 3638 264 3723 gladiorum
284 3644 430 3724 licentia,
444 3660 498 3726 ut,
511 3667 610 3732 quem
622 3647 695 3733 qu'u
709 3647 822 3729 vellet,
837 3647 1019 3714 occideret:
1038 3649 1147 3712 inimi*

125 3821 140 3886 S
157 3826 225 3876 xvt
242 3828 524 3892 Selluu.Cutil1n.csp.
540 3827 632 3874 51.-
645 3829 698 3876 Lir.
715 3829 782 3896 Ilpit.
804 3854 838 3864 —
857 3826 915 3874 nio.
934 3823 1040 3872 -vett
1052 3825 1091 3881 11,
1106 3819 1148 3868 25.

99 3905 182 3958 *lou
193 3911 340 3961 Antiochen.
351 3912 418 3977 opud
429 3912 512 3959 Valeo.
523 3937 559 3947 —-
567 3910 630 3959 Plut.
640 3938 675 3947 -
687 3910 703 3976 5
714 3913 798 3959 XVII.
809 3911 861 3957 Lir.
871 3911 936 3974 Epit.
952 3935 986 3944 -
1003 3907 1107 3966 DIonys.
1115 3903 1148 3959 V,

101 3986 242 4046 ln—rnn.
254 4023 289 4032 -
301 3995 380 4044 sms.
393 3993 438 4042 ns.
448 3996 479 4042 v.
498 4021 533 4030 -
545 3995 617 4042 010..
625 3995 657 4052 r,
671 4010 712 4041 υ.
729 4021 763 4030 -
780 3993 796 4057 s
810 3991 968 4040 suurn.
981 3989 1048 4036 unx.
1058 3987 1110 4044 ut,
1123 4001 1147 4031 α.

100 4094 127 4106 -
137 4073 188 4125 Illo.
206 4105 239 4117 --
257 4079 320 4128 Plnt.
343 4107 379 4116 -
395 4081 468 4127 Oros.
483 4105 518 4116 -
533 4078 763 4137 ttor.111,21.-
773 4079 858 4126 senec.
875 4071 1005 4122 dc'Benel.
1014 4071 1045 4128 V,
1066 4069 1110 4126 ¹6,
1124 4078 1149 4116 ct

102 4150 241 4211 d‘Clmmt.
253 4166 278 4220 1,
294 4178 334 4212 tn.
343 4191 378 4201 -
387 4164 478 4210 Lucan.
490 4164 528 4221 11,
537 4179 562 4208 v.
573 4162 631 4225 196.
