<?xml version="1.0" encoding="UTF-8"?>
<!DOCTYPE html PUBLIC "-//W3C//DTD XHTML 1.0 Transitional//EN"
    "http://www.w3.org/TR/xhtml1/DTD/xhtml1-transitional.dtd">
<html xmlns="http://www.w3.org/1999/xhtml" xml:lang="en" lang="en">
 <head>
  <title>
</title>
<meta http-equiv="Content-Type" content="text/html;charset=utf-8" />
  <meta name='ocr-system' content='tesseract 3.04.00' />
  <meta name='ocr-capabilities' content='ocr_page ocr_carea ocr_par ocr_line ocrx_word'/>
</head>
<body>
  <div class='ocr_page' id='page_1' title='image "bibliothecaclas116lemagoog_0336.png"; bbox 0 0 2875 4900; ppageno 0'>
   <div class='ocr_carea' id='block_1_1' title="bbox 351 217 364 257">
    <p class='ocr_par' dir='ltr' id='par_1_1' title="bbox 351 217 364 257">
     <span class='ocr_line' id='line_1_1' title="bbox 351 217 364 257; baseline 0 0"><span class='ocrx_word' id='word_1_1' title='bbox 351 217 364 257; x_wconf 77' lang='lat' dir='ltr'>l</span> 
     </span>
    </p>
   </div>
   <div class='ocr_carea' id='block_1_2' title="bbox 287 391 1350 808">
    <p class='ocr_par' dir='ltr' id='par_1_2' title="bbox 287 391 1350 808">
     <span class='ocr_line' id='line_1_2' title="bbox 292 391 1348 478; baseline 0 -16"><span class='ocrx_word' id='word_1_2' title='bbox 292 391 362 478; x_wconf 65' lang='lat'>324</span> <span class='ocrx_word' id='word_1_3' title='bbox 385 391 666 462; x_wconf 82' lang='lat' dir='ltr'>JO.FRE1NS.</span> <span class='ocrx_word' id='word_1_4' title='bbox 687 392 823 462; x_wconf 82' lang='lat' dir='ltr'>SUPP.</span> <span class='ocrx_word' id='word_1_5' title='bbox 844 394 898 464; x_wconf 85' lang='grc' dir='ltr'>ΙΝ</span> <span class='ocrx_word' id='word_1_6' title='bbox 918 394 1033 464; x_wconf 87' lang='lat' dir='ltr'>LOC.</span> <span class='ocrx_word' id='word_1_7' title='bbox 1053 395 1150 463; x_wconf 89' lang='lat' dir='ltr'>LlB.</span> <span class='ocrx_word' id='word_1_8' title='bbox 1170 395 1319 464; x_wconf 81' lang='lat' dir='ltr'><strong>XCVII.</strong></span> <span class='ocrx_word' id='word_1_9' title='bbox 1346 423 1348 429; x_wconf 94' lang='lat'>·</span> 
     </span>
     <span class='ocr_line' id='line_1_3' title="bbox 290 511 1349 606; baseline 0.001 -28"><span class='ocrx_word' id='word_1_10' title='bbox 290 515 374 580; x_wconf 86' lang='lat' dir='ltr'>berti</span> <span class='ocrx_word' id='word_1_11' title='bbox 398 529 571 602; x_wconf 79' lang='lat' dir='ltr'>praestant,</span> <span class='ocrx_word' id='word_1_12' title='bbox 595 511 860 602; x_wconf 79' lang='lat' dir='ltr'>adipisceretur:</span> <span class='ocrx_word' id='word_1_13' title='bbox 883 515 945 578; x_wconf 90' lang='lat' dir='ltr'>alia</span> <span class='ocrx_word' id='word_1_14' title='bbox 966 537 1101 604; x_wconf 85' lang='lat' dir='ltr'>quoque</span> <span class='ocrx_word' id='word_1_15' title='bbox 1122 517 1236 606; x_wconf 78' lang='lat' dir='ltr'>similia</span> <span class='ocrx_word' id='word_1_16' title='bbox 1258 517 1349 580; x_wconf 82' lang='lat' dir='ltr'>multa</span> 
     </span>
     <span class='ocr_line' id='line_1_4' title="bbox 287 614 1350 706; baseline -0.001 -25"><span class='ocrx_word' id='word_1_17' title='bbox 287 616 377 681; x_wconf 86' lang='lat' dir='ltr'>idem</span> <span class='ocrx_word' id='word_1_18' title='bbox 388 616 534 680; x_wconf 81' lang='lat' dir='ltr'>Muraena</span> <span class='ocrx_word' id='word_1_19' title='bbox 547 614 745 706; x_wconf 81' lang='lat' dir='ltr'>desigmvit,</span> <span class='ocrx_word' id='word_1_20' title='bbox 759 616 846 680; x_wconf 86' lang='lat' dir='ltr'>bello</span> <span class='ocrx_word' id='word_1_21' title='bbox 863 639 931 680; x_wconf 92' lang='lat' dir='ltr'>non</span> <span class='ocrx_word' id='word_1_22' title='bbox 948 616 1170 705; x_wconf 85' lang='lat' dir='ltr'>spernendus,</span> <span class='ocrx_word' id='word_1_23' title='bbox 1185 620 1249 681; x_wconf 83' lang='lat' dir='ltr'>vita</span> <span class='ocrx_word' id='word_1_24' title='bbox 1265 619 1350 681; x_wconf 86' lang='lat' dir='ltr'>mon&#39;·</span> 
     </span>
     <span class='ocr_line' id='line_1_5' title="bbox 289 715 1348 808; baseline 0 -26"><span class='ocrx_word' id='word_1_25' title='bbox 289 717 418 805; x_wconf 86' lang='lat' dir='ltr'>busque</span> <span class='ocrx_word' id='word_1_26' title='bbox 443 717 583 781; x_wconf 90' lang='lat' dir='ltr'>multum</span> <span class='ocrx_word' id='word_1_27' title='bbox 604 715 646 780; x_wconf 90' lang='lat' dir='ltr'>ab</span> <span class='ocrx_word' id='word_1_28' title='bbox 665 717 868 805; x_wconf 84' lang='lat' dir='ltr'>imperatoris</span> <span class='ocrx_word' id='word_1_29' title='bbox 892 717 944 781; x_wconf 89' lang='lat' dir='ltr'>sui</span> <span class='ocrx_word' id='word_1_30' title='bbox 966 717 1137 784; x_wconf 85' lang='lat' dir='ltr'>nobilitate</span> <span class='ocrx_word' id='word_1_31' title='bbox 1164 718 1348 808; x_wconf 77' lang='lat' dir='ltr'>discrepans.</span> 
     </span>
    </p>
   </div>
   <div class='ocr_carea' id='block_1_3' title="bbox 288 819 1352 1408">
    <p class='ocr_par' dir='ltr' id='par_1_3' title="bbox 288 819 1352 1408">
     <span class='ocr_line' id='line_1_6' title="bbox 288 819 1350 906; baseline 0.001 -23"><span class='ocrx_word' id='word_1_32' title='bbox 288 820 400 885; x_wconf 82' lang='lat' dir='ltr'>Rebus</span> <span class='ocrx_word' id='word_1_33' title='bbox 424 820 525 884; x_wconf 81' lang='lat' dir='ltr'>Amisi</span> <span class='ocrx_word' id='word_1_34' title='bbox 550 819 766 906; x_wconf 57' lang='lat' dir='ltr'>eapraesenti</span> <span class='ocrx_word' id='word_1_35' title='bbox 793 819 887 906; x_wconf 88' lang='lat' dir='ltr'>copia</span> <span class='ocrx_word' id='word_1_36' title='bbox 915 820 1122 904; x_wconf 80' lang='lat' dir='ltr'>constitutis,</span> <span class='ocrx_word' id='word_1_37' title='bbox 1147 821 1297 886; x_wconf 77' lang='lat' dir='ltr'>Lucullus</span> <span class='ocrx_word' id='word_1_38' title='bbox 1320 823 1350 884; x_wconf 94' lang='lat' dir='ltr'>in</span> 
     </span>
     <span class='ocr_line' id='line_1_7' title="bbox 289 919 1350 1002; baseline -0.001 -16"><span class='ocrx_word' id='word_1_39' title='bbox 289 923 397 987; x_wconf 81' lang='lat' dir='ltr'>Asiam</span> <span class='ocrx_word' id='word_1_40' title='bbox 408 921 618 986; x_wconf 85' lang='lat' dir='ltr'>hibernatum</span> <span class='ocrx_word' id='word_1_41' title='bbox 634 919 732 1002; x_wconf 89' lang='lat' dir='ltr'>abiit,</span> <span class='ocrx_word' id='word_1_42' title='bbox 749 936 788 985; x_wconf 83' lang='lat' dir='ltr'>ut</span> <span class='ocrx_word' id='word_1_43' title='bbox 800 920 984 985; x_wconf 85' lang='lat' dir='ltr'>civitatibus</span> <span class='ocrx_word' id='word_1_44' title='bbox 1000 921 1079 1002; x_wconf 83' lang='lat' dir='ltr'>illis,</span> <span class='ocrx_word' id='word_1_45' title='bbox 1098 921 1160 986; x_wconf 89' lang='lat' dir='ltr'>sub</span> <span class='ocrx_word' id='word_1_46' title='bbox 1177 923 1248 987; x_wconf 80' lang='lat' dir='ltr'>reris</span> <span class='ocrx_word' id='word_1_47' title='bbox 1264 923 1350 986; x_wconf 88' lang='lat' dir='ltr'>alieni</span> 
     </span>
     <span class='ocr_line' id='line_1_8' title="bbox 289 1021 1350 1114; baseline -0.003 -25"><span class='ocrx_word' id='word_1_48' title='bbox 289 1024 436 1113; x_wconf 87' lang='lat' dir='ltr'>pondere</span> <span class='ocrx_word' id='word_1_49' title='bbox 452 1022 637 1114; x_wconf 79' lang='lat' dir='ltr'>gravissime</span> <span class='ocrx_word' id='word_1_50' title='bbox 654 1021 902 1105; x_wconf 79' lang='lat' dir='ltr'>anhelantibus,</span> <span class='ocrx_word' id='word_1_51' title='bbox 918 1040 1134 1089; x_wconf 81' lang='lat' dir='ltr'>succurreret.</span> <span class='ocrx_word' id='word_1_52' title='bbox 1156 1022 1281 1089; x_wconf 86' lang='lat' dir='ltr'>Interea</span> <span class='ocrx_word' id='word_1_53' title='bbox 1295 1025 1350 1088; x_wconf 90' lang='lat' dir='ltr'>mi-</span> 
     </span>
     <span class='ocr_line' id='line_1_9' title="bbox 289 1123 1352 1216; baseline -0.001 -25"><span class='ocrx_word' id='word_1_54' title='bbox 289 1127 331 1191; x_wconf 86' lang='lat' dir='ltr'>sit</span> <span class='ocrx_word' id='word_1_55' title='bbox 340 1125 383 1191; x_wconf 88' lang='lat' dir='ltr'>ad</span> <span class='ocrx_word' id='word_1_56' title='bbox 391 1126 582 1215; x_wconf 79' lang='lat' dir='ltr'>Tigranem,</span> <span class='ocrx_word' id='word_1_57' title='bbox 598 1123 824 1190; x_wconf 79' lang='lat' dir='ltr'>Mithridatem</span> <span class='ocrx_word' id='word_1_58' title='bbox 834 1125 896 1189; x_wconf 90' lang='lat' dir='ltr'>sibi</span> <span class='ocrx_word' id='word_1_59' title='bbox 909 1124 986 1190; x_wconf 89' lang='lat' dir='ltr'>dedi</span> <span class='ocrx_word' id='word_1_60' title='bbox 996 1125 1176 1216; x_wconf 85' lang='lat' dir='ltr'>postulans.</span> <span class='ocrx_word' id='word_1_61' title='bbox 1187 1126 1266 1190; x_wconf 87' lang='lat' dir='ltr'>Earn</span> <span class='ocrx_word' id='word_1_62' title='bbox 1279 1127 1352 1215; x_wconf 80' lang='lat' dir='ltr'>lega·</span> 
     </span>
     <span class='ocr_line' id='line_1_10' title="bbox 288 1225 1351 1316; baseline -0.004 -24"><span class='ocrx_word' id='word_1_63' title='bbox 288 1229 413 1292; x_wconf 83' lang='lat' dir='ltr'>tionem</span> <span class='ocrx_word' id='word_1_64' title='bbox 428 1230 491 1315; x_wconf 78' lang='lat' dir='ltr'>Ap.</span> <span class='ocrx_word' id='word_1_65' title='bbox 504 1225 660 1292; x_wconf 84' lang='lat' dir='ltr'>Claudius</span> <span class='ocrx_word' id='word_1_66' title='bbox 675 1226 776 1309; x_wconf 86' lang='lat' dir='ltr'>obiit,</span> <span class='ocrx_word' id='word_1_67' title='bbox 795 1227 852 1316; x_wconf 91' lang='lat' dir='ltr'>qui</span> <span class='ocrx_word' id='word_1_68' title='bbox 869 1227 964 1290; x_wconf 85' lang='lat' dir='ltr'>uxori</span> <span class='ocrx_word' id='word_1_69' title='bbox 979 1227 1182 1315; x_wconf 79' lang='lat' dir='ltr'>imperatoris</span> <span class='ocrx_word' id='word_1_70' title='bbox 1196 1227 1309 1307; x_wconf 77' lang='lat' dir='ltr'>frater,</span> <span class='ocrx_word' id='word_1_71' title='bbox 1324 1243 1351 1288; x_wconf 86' lang='lat' dir='ltr'>et</span> 
     </span>
     <span class='ocr_line' id='line_1_11' title="bbox 288 1328 777 1408; baseline 0.002 -15"><span class='ocrx_word' id='word_1_72' title='bbox 288 1331 397 1394; x_wconf 89' lang='lat' dir='ltr'>liberis</span> <span class='ocrx_word' id='word_1_73' title='bbox 413 1328 483 1408; x_wconf 86' lang='lat' dir='ltr'>ejus</span> <span class='ocrx_word' id='word_1_74' title='bbox 500 1329 681 1393; x_wconf 85' lang='lat' dir='ltr'>avunculus</span> <span class='ocrx_word' id='word_1_75' title='bbox 699 1343 777 1394; x_wconf 87' lang='lat' dir='ltr'>erat.</span> 
     </span>
    </p>
   </div>
   <div class='ocr_carea' id='block_1_4' title="bbox 251 1492 1350 1735">
    <p class='ocr_par' dir='ltr' id='par_1_4' title="bbox 251 1492 1350 1735">
     <span class='ocr_line' id='line_1_12' title="bbox 324 1492 1350 1559; baseline -0.002 -18"><span class='ocrx_word' id='word_1_76' title='bbox 324 1492 341 1557; x_wconf 71' lang='lat' dir='ltr'>s</span> <span class='ocrx_word' id='word_1_77' title='bbox 361 1495 388 1543; x_wconf 80' lang='lat' dir='ltr'>l..</span> <span class='ocrx_word' id='word_1_78' title='bbox 404 1495 437 1541; x_wconf 83' lang='lat'>11.</span> <span class='ocrx_word' id='word_1_79' title='bbox 452 1493 481 1542; x_wconf 87' lang='lat' dir='ltr'>C.</span> <span class='ocrx_word' id='word_1_80' title='bbox 496 1493 565 1553; x_wconf 59' lang='lat' dir='ltr'>ssu</span> <span class='ocrx_word' id='word_1_81' title='bbox 584 1496 614 1543; x_wconf 74' lang='lat' dir='ltr'>A.</span> <span class='ocrx_word' id='word_1_82' title='bbox 632 1494 661 1542; x_wconf 89' lang='lat' dir='ltr'>C.</span> <span class='ocrx_word' id='word_1_83' title='bbox 683 1509 725 1554; x_wconf 81' lang='lat'>7⁰·</span> <span class='ocrx_word' id='word_1_84' title='bbox 746 1521 782 1529; x_wconf 88' lang='lat'>-</span> <span class='ocrx_word' id='word_1_85' title='bbox 802 1493 882 1543; x_wconf 70' lang='lat' dir='ltr'>strab.</span> <span class='ocrx_word' id='word_1_86' title='bbox 898 1493 943 1542; x_wconf 90' lang='lat' dir='ltr'>lib.</span> <span class='ocrx_word' id='word_1_87' title='bbox 962 1495 1025 1553; x_wconf 85' lang='lat' dir='ltr'>xn,</span> <span class='ocrx_word' id='word_1_88' title='bbox 1041 1509 1098 1559; x_wconf 74' lang='lat' dir='ltr'>pag.</span> <span class='ocrx_word' id='word_1_89' title='bbox 1119 1494 1178 1550; x_wconf 66' lang='lat'>548.</span> <span class='ocrx_word' id='word_1_90' title='bbox 1199 1522 1231 1531; x_wconf 90' lang='lat'><em>-</em></span> <span class='ocrx_word' id='word_1_91' title='bbox 1249 1493 1313 1543; x_wconf 83' lang='lat' dir='ltr'>Suld.</span> <span class='ocrx_word' id='word_1_92' title='bbox 1329 1493 1350 1540; x_wconf 88' lang='lat' dir='ltr'>in</span> 
     </span>
     <span class='ocr_line' id='line_1_13' title="bbox 251 1579 1349 1652; baseline -0.005 -20"><span class='ocrx_word' id='word_1_93' title='bbox 251 1645 255 1652; x_wconf 26' lang='lat'>¹</span> <span class='ocrx_word' id='word_1_94' title='bbox 288 1579 435 1651; x_wconf 61' lang='lat' dir='ltr'>‘mpawlsm</span> <span class='ocrx_word' id='word_1_95' title='bbox 449 1609 490 1621; x_wconf 89' lang='lat'>-</span> <span class='ocrx_word' id='word_1_96' title='bbox 503 1580 570 1630; x_wconf 82' lang='lat' dir='ltr'>Plut.</span> <span class='ocrx_word' id='word_1_97' title='bbox 583 1608 624 1620; x_wconf 89' lang='lat'>-</span> <span class='ocrx_word' id='word_1_98' title='bbox 638 1583 769 1632; x_wconf 80' lang='lat' dir='ltr'>Memnon.</span> <span class='ocrx_word' id='word_1_99' title='bbox 786 1609 826 1620; x_wconf 93' lang='lat'>-</span> <span class='ocrx_word' id='word_1_100' title='bbox 843 1582 944 1631; x_wconf 80' lang='lat' dir='ltr'>Sallust.</span> <span class='ocrx_word' id='word_1_101' title='bbox 959 1583 1024 1631; x_wconf 79' lang='lat' dir='ltr'>llisl.</span> <span class='ocrx_word' id='word_1_102' title='bbox 1040 1584 1071 1642; x_wconf 89' lang='lat'>1,</span> <span class='ocrx_word' id='word_1_103' title='bbox 1092 1597 1143 1638; x_wconf 84' lang='lat' dir='ltr'>ao,</span> <span class='ocrx_word' id='word_1_104' title='bbox 1166 1597 1193 1645; x_wconf 84' lang='lat' dir='ltr'>p.</span> <span class='ocrx_word' id='word_1_105' title='bbox 1208 1583 1276 1642; x_wconf 70' lang='grc'>348,</span> <span class='ocrx_word' id='word_1_106' title='bbox 1294 1580 1349 1636; x_wconf 69' lang='grc' dir='ltr'>36η</span> 
     </span>
     <span class='ocr_line' id='line_1_14' title="bbox 289 1665 880 1735; baseline -0.008 -15"><span class='ocrx_word' id='word_1_107' title='bbox 289 1683 314 1720; x_wconf 74' lang='lat' dir='ltr'>at</span> <span class='ocrx_word' id='word_1_108' title='bbox 327 1672 361 1728; x_wconf 76' lang='lat' dir='ltr'>V,</span> <span class='ocrx_word' id='word_1_109' title='bbox 377 1683 406 1727; x_wconf 84' lang='lat'>1,</span> <span class='ocrx_word' id='word_1_110' title='bbox 422 1685 448 1735; x_wconf 80' lang='lat' dir='ltr'>p.</span> <span class='ocrx_word' id='word_1_111' title='bbox 458 1669 510 1725; x_wconf 70' lang='grc'>406</span> <span class='ocrx_word' id='word_1_112' title='bbox 524 1679 549 1717; x_wconf 83' lang='lat' dir='ltr'>ct</span> <span class='ocrx_word' id='word_1_113' title='bbox 561 1669 628 1726; x_wconf 72' lang='lat' dir='ltr'>rra.</span> <span class='ocrx_word' id='word_1_114' title='bbox 644 1665 712 1717; x_wconf 77' lang='lat' dir='ltr'>Edit.</span> <span class='ocrx_word' id='word_1_115' title='bbox 723 1677 821 1716; x_wconf 75' lang='lat' dir='ltr'>nostras.</span> <span class='ocrx_word' id='word_1_116' title='bbox 835 1667 880 1716; x_wconf 81' lang='lat' dir='ltr'>En.</span> 
     </span>
    </p>
   </div>
   <div class='ocr_carea' id='block_1_5' title="bbox 0 0 1445 4900">
    <p class='ocr_par' dir='ltr' id='par_1_5' title="bbox 0 0 1445 4900">
     <span class='ocr_line' id='line_1_15' title="bbox 0 0 1445 4900; baseline 0 0"><span class='ocrx_word' id='word_1_117' title='bbox 0 0 1445 4900; x_wconf 95' lang='lat' dir='ltr'> </span> 
     </span>
    </p>
   </div>
  </div>
 </body>
</html>
