2875 4900
315 373 389 447 250
491 377 560 442 JO.
588 375 927 444 FREINSHEMII
958 374 1202 445 SUPPLEM.

306 526 330 551 -ι
339 495 431 584 plicia
439 494 567 559 scelere
581 516 655 559 meo
666 495 738 558 vici.
753 497 782 559 Α
792 494 897 581 prima
909 492 1121 559 adolescentia
1138 494 1170 557 in
1184 516 1238 559 ore
1249 510 1361 577 restro,

306 598 497 686 aptivam,
513 596 597 660 etin
615 595 854 683 magistratibus
867 597 938 685 egi:
953 596 1010 683 qui
1026 594 1149 683 lingua,
1167 596 1222 683 qui
1239 596 1359 659 consilio

308 697 505 784 ·moo,qui
521 696 660 789 pecunia
675 695 825 777 voluere,
844 696 895 759 usi
913 710 1009 776 sunt3
1030 717 1138 782 neque
1156 718 1214 785 ego
1229 694 1357 760 callidam

308 785 541 879 «facundiam,
560 819 667 883 neque
689 796 859 885 ingenium
882 796 923 863 ad
944 795 1208 860 malefaciendum
1229 796 1360 875 exercui3

306 898 541 963 «avidissimus
562 897 692 985 private
713 898 841 987 gratio,
861 897 1014 964 maximas
1036 896 1217 979 inimicitias
1237 920 1293 984 pro
1313 918 1358 959 re-

311 1031 328 1055 «
338 998 468 1087 publice
483 998 633 1087 suscepi:
648 998 740 1087 queis
752 1000 857 1065 rictus
871 1022 945 1068 cum
963 999 1015 1063 illa
1033 999 1146 1079 simul,
1163 1020 1262 1087 quum
1275 1018 1359 1087 egens

311 1101 448 1164 «aliene
467 1100 557 1187 opis,
573 1100 667 1186 plura
687 1100 770 1165 mala
787 1116 1022 1191 exspectarem,
1037 1122 1109 1181 vos,
1127 1101 1281 1182 Quirites,
1296 1122 1358 1163 rur-

301 1223 392 1263 ‹asus
415 1200 496 1264 mibi
521 1200 676 1288 patrium,
698 1200 778 1265 deos
798 1202 951 1283 Penates,
976 1222 1051 1265 cum
1076 1202 1199 1290 ingenti
1221 1200 1360 1289 dignitate

304 1298 483 1365 «dedistis.
698 1354 702 1361 .

229 1458 235 1471 .
357 1403 479 1467 XXIV.
494 1434 508 1459 ι
517 1404 582 1468 Pro
595 1404 714 1492 quibus
728 1405 910 1485 beneficiis,
927 1406 978 1469 vix
993 1406 1069 1470 satis
1083 1422 1192 1495 gratus
1206 1403 1323 1487 ridear,
1338 1402 1359 1465 si

311 1502 637 1592 «singulis-animam,
651 1529 750 1593 quam
762 1528 905 1594 nequeo,
923 1508 1138 1571 concesserim
1154 1530 1161 1571 :
1178 1528 1253 1570 nam
1265 1504 1323 1568 vita
1333 1518 1360 1565 et

310 1617 422 1667 «mors
439 1604 513 1685 jura
533 1622 657 1671 uaturae
677 1622 775 1689 sunt3
796 1608 844 1670 uti
867 1608 936 1671 sine
956 1606 1114 1671 dedecore
1134 1630 1211 1671 cum
1231 1605 1360 1681 civibus,

311 1704 420 1768 «fania
435 1719 469 1769 et
486 1706 628 1771 fortunis
645 1708 772 1797 integer
787 1730 877 1798 agas,
894 1707 929 1771 id
945 1708 1035 1773 dono
1051 1707 1164 1789 datur,
1178 1725 1274 1795 atque
1288 1706 1360 1771 acci·

307 1804 432 1892 «pitur.
454 1808 611 1873 Consules
627 1831 689 1872 nos
707 1808 846 1889 fecistis,
864 1808 1025 1891 Quirites,
1044 1808 1134 1873 domi
1152 1808 1292 1896 bellique
1307 1808 1362 1870 im·

306 1936 323 1959 ι
332 1905 533 1994 peditiasima
549 1908 715 1995 republica
734 1931 897 1997 :namque
913 1910 1124 1997 imperatores
1139 1908 1297 1997 Hispaniae
1311 1906 1360 1969 sti·

311 2005 506 2095 «pendium,
525 2009 659 2090 milites,
680 2032 785 2090 mma,
806 2010 1007 2075 frumentum
1033 2024 1193 2097 poscunt;
1219 2025 1252 2075 et
1271 2006 1303 2071 id
1318 2026 1361 2069 res

267 2138 270 2143 ·
304 2110 440 2197 «cogit,
466 2107 622 2196 quoniam
642 2126 717 2199 post
739 2109 954 2175 defectionem
978 2110 1163 2191 sociorum,
1189 2125 1224 2172 et
1244 2102 1360 2173 Sertorii

309 2232 392 2296 «per
408 2226 537 2273 montes
557 2210 686 2300 fugam,
707 2234 814 2298 neque
833 2234 933 2277 manu
952 2222 1073 2277 'certare
1091 2228 1247 2300 possunt,
1268 2228 1362 2295 neque

311 2339 324 2363 ι
333 2310 426 2373 utilia
440 2332 563 2399 parare.

353 2410 715 2477 irritamentum
734 2412 808 2478 Asia
826 2415 999 2502 Ciliciaque
1017 2414 1060 2478 ob
1082 2415 1198 2480 nimias
1217 2434 1292 2504 opes
1307 2408 1362 2476 Mi-

305 2541 323 2564 «
333 2510 483 2575 tbridatis
499 2513 634 2578 aluntur
650 2538 659 2578 τ
677 2515 869 2580 Macedonia
882 2516 977 2604 plena
993 2516 1137 2581 bostium
1151 2533 1220 2598 est3
1236 2538 1295 2580 nec
1308 2511 1360 2578 mi·
1403 2513 1404 2518 ’

307 2633 395 2676 «nus
415 2613 513 2676 Italiae
529 2614 708 2696 maritima,
723 2632 756 2679 et
771 2616 1032 2704 provinciarum
1048 2639 1151 2704 quum
1167 2618 1297 2681 interim
1313 2633 1363 2675 ve·

306 2713 457 2802 «ctigalia
481 2736 596 2803 parva,
620 2731 653 2780 et
676 2718 768 2782 bellis
791 2719 930 2800 incerta,
955 2719 1007 2782 vix
1033 2735 1157 2806 partem
1179 2733 1360 2808 sumptuum

306 2815 493 2880 «sustinent
514 2837 522 2878 :
546 2816 591 2880 ita
614 2817 733 2898 classe,
757 2841 822 2906 qua
842 2835 1042 2883 commeatus
1063 2820 1212 2902 vehatur,
1228 2821 1361 2892 minore,

307 2946 321 2970 α
331 2939 429 3003 quam
448 2931 560 2998 antea,
577 2919 776 3008 coemamus.
791 2921 867 2984 Haec
886 2921 913 2983 si
934 2919 1010 2984 dolo
1026 2936 1082 2983 aut
1097 2920 1247 2984 socordia
1263 2931 1361 2984 notua

307 3035 496 3082 «contracta
521 3035 615 3100 sunt,
638 3021 741 3108 agite,
765 3021 867 3083 etuti
894 3021 1004 3096 lubet,
1030 3021 1073 3084 ita
1099 3020 1294 3109 supplicium
1316 3037 1362 3081 su·

305 3119 427 3200 «mite3
448 3120 499 3183 sin
520 3121 704 3184 communis
727 3121 860 3185 fortuna
878 3121 1022 3210 asperior
1038 3138 1101 3202 est,
1117 3143 1220 3208 quare
1239 3117 1362 3206 indigna

304 3219 437 3300 «vobis,
454 3220 632 3310 nobisque,
649 3239 682 3286 et
698 3221 865 3310 republica
881 3222 1042 3310 incipitis?
1060 3223 1166 3309 Atque
1183 3245 1263 3312 ego,
1279 3216 1363 3298 cujus

305 3322 414 3384 «retati
434 3344 523 3386 mors
539 3324 675 3411 propior
691 3338 760 3398 est,
784 3345 852 3386 non
872 3322 1047 3411 deprecor,
1068 3323 1096 3386 si
1118 3321 1199 3408 quid
1222 3343 1260 3385 ea
1279 3317 1362 3384 vobis

270 3471 273 3477 .
305 3421 532 3486 «incommodi
550 3422 710 3503 demitur3
728 3445 835 3509 neque
851 3446 939 3488 mors
956 3425 1099 3511 ingenuo
1120 3423 1249 3510 corpori
1266 3421 1362 3484 hone·

304 3549 318 3575 «
329 3521 428 3602 atius,
446 3545 545 3610 quam
560 3546 620 3611 pro
632 3539 738 3588 vestm
754 3523 874 3604 salute,
891 3523 988 3588 finem
1003 3523 1076 3588 vitae
1089 3522 1211 3588 iecerit.

349 3623 469 3687 xxvl.
493 3624 641 3689 «Adsum
664 3647 704 3688 eu
728 3625 765 3686 C.
781 3625 877 3688 Cotta
897 3625 1028 3707 consul,
1048 3623 1148 3702 facio,
1173 3621 1265 3710 quod
1287 3639 1363 3706 sepe

301 3755 317 3780 α
325 3725 463 3806 majores
478 3727 598 3814 asperis
610 3727 703 3791 bellis
721 3727 845 3807 fecere,
861 3747 964 3790 voveo
975 3723 1127 3812 dedoque
1140 3746 1192 3788 me
1203 3747 1265 3812 pro
1278 3741 1364 3808 repu-

303 3828 428 3909 «blica,
447 3849 544 3914 quani
559 3825 678 3890 deinde
693 3827 747 3890 cui
762 3827 937 3901 mandetis,
956 3827 1192 3914 circumspicite
1206 3849 1214 3890 ε
1228 3847 1302 3888 nam
1320 3838 1364 3885 ta·

304 3929 390 3992 «lem
408 3928 568 3992 honorem
584 3928 692 3992 bonus
705 3951 803 3993 nemo
812 3929 916 4008 volet,
933 3950 1035 4015 quum
1045 3928 1202 4010 fortune,
1219 3943 1253 3990 et
1266 3921 1363 4013 pacis,

303 4046 360 4093 «et
375 4029 448 4094 belli
468 4031 509 4093 ab
529 4029 597 4092 aliis
617 4030 778 4094 actitatio
800 4028 980 4111 reddenda,
997 4043 1054 4094 aut
1069 4030 1207 4117 turpiter
1227 4026 1363 4091 moricu-

304 4130 404 4195 «dum
428 4134 496 4197 sit:
518 4132 748 4198 tantummodo
770 4134 802 4197 in
828 4131 942 4198 animis
964 4131 1132 4212 habetote,
1158 4153 1223 4194 non
1250 4151 1302 4192 me
1324 4121 1362 4188 ob
