2875 4900
292 400 346 468 ns
377 402 490 468 Lon.
516 402 612 469 mn.
640 403 712 471 cn
743 406 958 477 narrant
1089 416 1162 511 4¹9
1206 391 1210 396 ’

84 518 346 610 quingentorum
363 520 504 584 militurn
516 520 627 609 addito
638 522 808 611 praesidio,
827 527 931 608 misit,
943 545 982 592 ut
993 551 1049 593 eos
1062 554 1160 619 quam

86 623 281 686 maturrime
303 644 378 685 oum
402 622 610 687 auxiliaribus
628 625 731 712 copiis
749 625 791 690 ad
811 650 846 691 se
869 631 1079 715 pertraheret.
1098 636 1161 700 Sed

86 726 227 802 milites,
253 723 366 788 occisis
388 723 422 785 in
448 723 565 788 itinere
589 723 809 813 spadonibus,
835 729 926 816 quod
949 736 1053 819 genus
1073 734 1162 822 apud

86 848 199 914 regem
224 823 433 913 praevalidum
459 840 492 888 et
514 826 660 913 potentia
683 848 769 914 saepe
792 828 931 893 abusum
952 832 1162 901 infestissime

87 927 246 1008 oderant,
262 927 384 1015 puellas
400 948 501 1013 seque
519 927 676 1015 Pompeio
692 927 906 994 tradiderunt.
926 934 1017 996 lnter
1032 933 1090 999 bas
1108 960 1162 1001 m-

87 1030 248 1093 lamitates
268 1028 349 1091 adeo
371 1050 438 1091 non
457 1026 651 1093 deficiebant
667 1030 863 1095 Mithridatis
878 1033 1028 1120 spiritus,
1046 1053 1085 1100 ut
1099 1062 1162 1127 po-

89 1133 154 1194 tius
176 1144 400 1218 augerentur:
428 1150 532 1216 quum
556 1131 644 1194 enim
667 1148 752 1196 esset
776 1138 1023 1222 septuagenario
1042 1141 1162 1223 major,
1223 1216 1229 1227 Ι

89 1234 231 1297 fractum
248 1231 414 1296 laboribus
437 1254 576 1320 corpus,
596 1234 695 1295 animi
714 1234 828 1323 vigore
843 1235 1062 1320 sublevando,
1082 1264 1163 1307 oon-

90 1335 160 1397 silia
173 1351 282 1414 vasta,
299 1332 461 1414 inaudita,
478 1333 678 1399 incredibilia
696 1336 845 1423 agitabat.

134 1434 242 1498 XXV.
260 1435 410 1522 Namque
423 1454 482 1522 per
495 1434 634 1499 Colchos
648 1450 680 1499 et
692 1438 854 1500 maeoti‘eas
866 1455 977 1526 gentes
987 1439 1028 1504 ad
1043 1444 1162 1509 Istrum

91 1552 263 1625 penetrare
285 1549 461 1599 statuerat:
478 1534 555 1598 inde
577 1536 643 1598 sive
658 1558 717 1623 per
732 1537 859 1625 gallicas
878 1556 1009 1627 gentes,
1025 1564 1164 1629 quarum

91 1638 268 1701 amicitiam
293 1636 350 1700 diu
374 1653 450 1701 ante
477 1652 664 1725 paraverat,
692 1639 868 1725 tritamque
894 1642 1035 1706 Cimbris
1057 1645 1165 1730 riam,

93 1740 204 1803 tractis
218 1760 349 1819 secum,
370 1760 432 1826 qua
450 1740 620 1820 transiret,
638 1739 781 1820 auxiliis,
800 1763 952 1828 superare
968 1745 1083 1832 Alpes:
1101 1749 1167 1814 sive

92 1841 249 1921 Thracia,
268 1839 523 1926 Macedoniaque
542 1856 574 1902 et
596 1840 718 1904 Gracia
739 1843 857 1931 raptim
880 1846 1020 1909 transitis
1043 1848 1077 1911 in
1101 1852 1166 1914 lta-

93 1945 169 2007 liam
184 1943 375 2029 irrumpere.
397 1939 496 2023 Quod
515 1941 541 2005 si
557 1940 685 2005 efficere
699 1945 874 2029 potuisset,
894 1968 962 2009 non
979 1946 1166 2028 dubitabat,

93 2045 174 2132 quin
194 2045 228 2107 in
246 2044 316 2133 ipsa
336 2043 426 2107 ltalia
442 2060 556 2108 contra
578 2044 744 2107 Romanos
761 2065 850 2109 arma
867 2064 901 2110 et
915 2049 1002 2112 viros
1018 2068 1101 2114 esset
1116 2053 1168 2116 in-

93 2162 270 2227 venturus3
291 2145 382 2233 quod
401 2162 434 2208 et
455 2144 627 2209 Hannibali
652 2163 868 2227 suceessemt3
894 2164 926 2211 et
946 2172 1053 2236 nuper
1069 2153 1166 2239 Spar·

91 2266 203 2328 rarus,
229 2247 330 2311 homo
347 2246 466 2310 nullius
482 2245 665 2333 dignitatis,
686 2241 755 2310 'non
774 2266 921 2313 carnemt
933 2250 1086 2315 adversus
1099 2255 1168 2318 Ro·

94 2370 210 2411 manos
224 2346 427 2410 fautoribus:
443 2347 581 2410 maxime
595 2362 704 2409 autem
719 2349 844 2412 socialis
859 2350 933 2415 belli
950 2353 1118 2439 reliquias,
1136 2373 1169 2420 et

93 2451 184 2514 velut
208 2449 270 2512 sub
295 2451 407 2514 cinere
427 2449 562 2512 latentes
586 2449 746 2538 igniculos
770 2451 918 2537 sperabat
942 2452 1084 2519 adventu
1107 2481 1168 2523 suo

94 2551 227 2616 excitari
250 2571 364 2638 posse,
382 2569 484 2638 quum
508 2549 643 2612 baberet
665 2550 754 2637 apud
774 2574 809 2614 se
828 2556 955 2640 generis
976 2555 1046 2636 ejus
1065 2560 1168 2647 pluri..

95 2675 184 2732 mos,
202 2668 235 2715 et
253 2673 373 2738 paucos
390 2665 466 2715 ante
483 2671 586 2714 annos
605 2652 691 2715 ultro
715 2650 792 2715 inde
810 2654 987 2742 legationes
1003 2661 1167 2727 venissent

94 2754 127 2817 in
147 2753 273 2819 ltaliam
291 2774 367 2816 eum
383 2752 580 2816 vocantium.
913 2763 917 2770 ·

139 2853 261 2918 XXVI.
285 2852 348 2917 Sed
363 2853 522 2916 exercitus
535 2875 554 2916 a
567 2853 735 2918 mentione
750 2869 816 2916 tam
829 2856 1021 2943 'longinquae
1034 2875 1067 2922 et
1076 2860 1166 2924 dura

94 2956 218 3020 militiae
234 2953 448 3018 abhorrebat:
467 2977 574 3042 neque
596 2955 685 3018 enim
708 2974 743 3018 se
760 2979 850 3043 pares
866 2958 996 3022 futuros
1011 2962 1166 3027 Romanis

94 3059 128 3120 in
151 3057 244 3121 ltalia
264 3055 452 3144 sperabant,
472 3078 554 3142 quos
578 3055 667 3120 domi
690 3057 851 3120 sustinere
870 3061 1113 3144 nequivissent,
1134 3082 1167 3129 et

95 3179 207 3246 regem
235 3156 459 3244 desperatione
485 3155 526 3220 ad
551 3157 739 3221 audendum
767 3159 904 3245 propelli
928 3161 1105 3245 rebantur,
1128 3181 1168 3228 ut

95 3275 242 3322 aarum
264 3274 387 3322 aetatem
410 3257 497 3346 regia
513 3258 621 3345 potius
644 3273 750 3322 morte
767 3259 952 3340 clauderet,
976 3283 1073 3349 quam
1093 3264 1167 3328 bre·

94 3382 169 3425 rem
181 3360 263 3424 lueis
275 3381 408 3422 usuram
420 3377 576 3448 perpetua
586 3360 766 3448 ignominia
779 3378 987 3426 mercaretur.
998 3365 1168 3431 Durabant

97 3479 206 3526 tamen
229 3459 356 3540 adhuc,
375 3476 408 3524 et
426 3461 598 3549 imperium
622 3459 844 3548 patiebantur,
867 3465 1044 3527 reverentia
1064 3468 1166 3558 regis,

96 3562 191 3640 cujus
218 3575 306 3624 tanta
330 3577 398 3624 emt
422 3560 509 3648 apud
528 3583 648 3648 omnes
667 3562 785 3649 gloria,
804 3579 842 3624 ut
864 3564 1060 3650 nequidem
1082 3569 1168 3633 inter

96 3662 229 3726 adversa
243 3662 447 3749 contemptui
459 3660 747 3726 facilisvideretur.

140 3761 280 3827 XXVII.
303 3765 373 3828 lam
393 3765 427 3827 in
446 3765 537 3851 Syria
552 3763 728 3851 Pompeius
746 3776 830 3843 erat,
848 3784 950 3850 quum
971 3765 1040 3828 haec
1058 3770 1181 3851 omnia,

97 3867 181 3929 circa
199 3867 379 3953 Bosporum
400 3865 611 3955 gerebantur:
628 3866 655 3929 is
675 3865 782 3946 enim,
801 3865 910 3929 obiter
929 3869 1086 3955 superatis
1101 3873 1169 3933 An·

132 4087 148 4152 s
163 4087 260 4136 xxtv.
271 4089 344 4136 Oros.
354 4113 389 4124 —
406 4089 514 4156 Appian.
524 4113 560 4124 -
572 4087 588 4153 S
600 4087 685 4136 XXV.
699 4090 772 4136 Oros.
788 4113 824 4125 —
838 4087 946 4152 Appiam.
956 4115 991 4125 -
1001 4089 1066 4137 llor.
1077 4091 1128 4147 111,
1142 4089 1167 4137 5.

99 4197 133 4208 -
146 4171 211 4221 rtur.
224 4172 251 4220 in
262 4171 349 4236 Pomp.
362 4199 397 4209 —
409 4170 426 4237 S
440 4171 536 4220 xm.
551 4169 616 4230 Dio,
633 4171 678 4219 llb.
688 4171 824 4220 mvn.

931 4285 993 4356 27.
