2875 4900
186 400 242 467 IN
271 398 384 467 LOC.
413 400 508 467 LIB.
536 399 781 467 LXXXVIII
811 400 1026 469 LIVIANI.
1072 400 1135 496 187

91 521 147 583 hec
158 542 271 599 serso,
292 520 318 583 si
333 518 505 583 dominum
519 517 707 599 occidisset3
723 519 809 599 haec,
826 521 853 583 si
869 536 1052 607 parentem,
1073 522 1138 587 lilio

89 621 394 708 repraesentabantur.
405 618 738 684 Proditoribusetiam
749 620 916 683 latentium
927 622 1140 708 praemiacon·

88 722 186 785 stituta
205 736 293 814 sunt.
316 720 467 807 Denique
487 736 629 808 quatuor
648 720 746 784 millia
761 721 981 809 septingenti,
1002 746 1084 811 qnos
1102 746 1139 788 ea

87 823 173 909 pestis
189 820 490 901 sustulit,jubente
508 822 612 901 Sulla,
632 837 787 907 tanquam
803 821 844 885 ad
859 822 1000 911 prteclari
1015 825 1138 888 lacinc-

86 926 123 987 ris
138 924 325 989 servandam
346 922 557 1004 memoriam,
576 922 611 985 in
633 918 757 987 tabulas
777 924 922 1011 publicas
941 924 1032 988 relati
1052 942 1138 989 sunt.

86 1028 118 1089 In
131 1026 179 1091 his
193 1042 384 1091 senatorum
398 1025 612 1113 equitumque
624 1036 834 1089 romanorum
849 1024 915 1088 dno
931 1025 1025 1089 millia
1039 1026 1137 1090 fuisse

86 1126 237 1191 traditum.

119 1229 239 1293 XXIII.
266 1228 382 1315 Neque
402 1228 515 1291 Romse
536 1241 681 1306 tuntum,
706 1226 764 1291 sed
786 1247 845 1314 per
869 1227 1051 1291 universam
1071 1230 1136 1293 Ita-

84 1327 164 1409 liam,
179 1329 305 1393 furialis
325 1328 379 1391 illa
399 1343 569 1415 tempestas
592 1326 747 1392 desaeviit.
767 1328 889 1392 Severae
909 1330 1026 1415 passim
1048 1352 1136 1416 quae-

83 1429 191 1493 su'ones
205 1430 429 1510 habehannrr,
442 1430 471 1493 si
485 1430 558 1517 quis
574 1430 637 1493 sub
650 1429 772 1511 Mario,
792 1445 847 1495 aut
865 1432 1030 1512 Carbone,
1046 1432 1133 1521 lega-

83 1528 150 1593 tisve
164 1554 282 1595 eorum
298 1530 458 1618 stipendia
475 1531 559 1595 cirili
579 1531 665 1595 bello
681 1532 870 1612 meruissem
889 1532 915 1595 si
931 1549 1037 1619 partes
1055 1556 1135 1621 ope,

82 1632 204 1695 oonsilio
216 1632 372 1714 juvisset3
388 1632 416 1695 si
432 1632 569 1697 omnino
583 1632 749 1696 studiosus
768 1632 894 1697 illarum
910 1632 1033 1695 fuisset.
1051 1633 1135 1715 Qui-

82 1728 206 1797 busdam
223 1734 324 1797 etiam
339 1733 468 1797 crimini
487 1733 600 1797 datum
623 1732 787 1814 referunt,
811 1732 902 1819 quod
926 1754 1001 1795 curn
1027 1732 1135 1821 aliquo

83 1854 182 1896 comm
207 1856 387 1899 commune
406 1834 467 1897 iter
490 1832 666 1898 inivissent.
688 1833 739 1897 lbi
760 1833 870 1897 omnia
893 1830 1000 1895 divina
1021 1832 1135 1896 huma·

83 1954 178 2021 caque
190 1935 312 1999 violata
323 1952 356 1998 et
368 1935 493 2022 polluta
507 1952 584 1998 sunt
597 1958 606 1999 :
621 1936 726 1998 mariti
738 1922 772 1999 in
786 1934 915 2023 gremiis
930 1956 1086 2012 uxorum,
1101 1934 1135 1997 in

82 2034 145 2097 nnn
156 2053 300 2099 nntium
313 2036 406 2101 liberi
417 2036 561 2101 confossi
573 2060 581 2101 ε
595 2060 682 2101 sacra
697 2037 883 2124 hospitalia,
900 2036 1091 2101 caerimoniae
1105 2050 1136 2097 et

82 2136 240 2225 religiones
255 2136 414 2230 deorum,
430 2138 564 2223 ipsaque
577 2160 692 2202 eornm
705 2138 897 2222 penetralia,
912 2131 1041 2201 nemini
1048 2156 1137 2199 sccu-

82 2258 144 2298 mm
161 2236 318 2302 adversus
333 2259 539 2325 percussores
551 2237 737 2325 perfugium
755 2236 886 2301 dabant.

117 2336 232 2401 XXIV.
256 2338 401 2425 Eratque
422 2360 579 2403 numerus
600 2338 735 2426 exiguus
756 2359 815 2425 per
836 2337 916 2401 iram
940 2352 997 2400 aut
1020 2334 1132 2399 odinm

82 2436 197 2515 victoris
211 2438 442 2528 pereuntium,
462 2463 528 2527 pne
547 2438 758 2514 multitudine
778 2461 910 2519 eorum,
929 2438 984 2525 qni
999 2436 1133 2502 faculta-

82 2551 141 2601 tum
157 2563 254 2604 causa
272 2540 471 2604 necabantur
488 2564 495 2604 :
512 2563 654 2627 quornm
672 2541 770 2606 etiam
784 2562 842 2628 per
858 2539 1134 2605 nomenclatorem

40 2632 41 2645 ¹
83 2642 253 2726 conquisita
271 2641 406 2705 nomint
423 2641 540 2706 nbulae
559 2642 803 2730 proscriptionis
827 2657 984 2729 tyrannus
1009 2641 1132 2720 adjecit.

84 2737 116 2818 Q.
125 2740 289 2823 Aurelius,
303 2743 353 2806 rir
367 2743 469 2829 quieti
477 2743 592 2823 animi,
609 2759 642 2806 et
653 2743 852 2808 conscientia
866 2765 1014 2823 securus,
1030 2765 1133 2828 quum

83 2851 193 2904 antam
204 2843 349 2908 aliorum
359 2842 421 2907 sibi
434 2842 607 2908 dolendam
619 2844 722 2908 vicem
737 2859 883 2931 putaret,
899 2843 989 2908 lectis
1000 2839 1136 2930 proscri-

40 2968 41 2981 ¹
83 2955 201 3024 ptorum
217 2943 429 3026 nominibus,
452 2966 556 3032 quum
572 2967 757 3032 se-quoqne
772 2944 896 3009 videret
918 2942 1134 3030 adscriptum,

82 3040 146 3106 «Vre
156 3046 278 3110 misero
287 3045 384 3127 mihi,
397 3045 520 3132 inquit,
533 3045 657 3110 fundus
666 3045 809 3110 Albanus
827 3068 880 3108 me
893 3042 1131 3130 persequitur».

83 3136 182 3229 Neque
198 3147 299 3234 longe
313 3168 520 3235 progressus,
541 3145 739 3234 aquodam,
763 3147 820 3234 qui
843 3165 919 3208 eum
944 3159 1134 3233 agnoverat,

84 3261 238 3324 percussus
255 3262 307 3311 est
322 3270 330 3311 ε
347 3245 500 3335 idemque
516 3247 582 3310 sire
599 3247 710 3329 Lollii,
733 3247 799 3312 sive
819 3243 986 3325 cujusdam
1004 3244 1136 3308 alterius
1243 3275 1251 3294 ι

84 3339 185 3428 latum,
201 3347 261 3412 sed
279 3369 318 3412 ex
335 3348 451 3413 merito
470 3347 544 3412 fuit.
1002 3407 1006 3418 ,

117 3443 214 3512 XXV.
226 3447 263 3512 Is
273 3448 427 3537 singulari
440 3448 594 3536 pravitate
606 3450 729 3539 ingenii
742 3449 827 3513 inter
838 3448 967 3514 turbam
978 3448 1014 3511 in
1025 3446 1134 3512 forum

83 3539 290 3635 allegandam
308 3549 451 3614 tabulam
462 3551 602 3638 gestiens
619 3565 844 3639 procurreret,
861 3539 894 3614 e't
908 3569 1049 3636 quorum
1065 3569 1137 3634 pro·

84 3646 171 3725 posita
187 3652 322 3714 nomina
344 3667 533 3741 cognosset,
552 3652 587 3715 in
605 3674 661 3716 eos
676 3653 779 3716 multa
792 3651 1028 3716 contumeliose
1044 3647 1134 3712 dice-

86 3737 146 3824 lm,
166 3750 344 3816 calamitate
369 3752 562 3818 miserorum
589 3750 734 3841 gaudens
755 3775 762 3816 ι
784 3753 885 3842 igitur
909 3753 999 3816 hunc
1025 3748 1133 3824 statim

113 3971 219 4036 sun.
229 3979 336 4046 Appisu.
350 3982 405 4031 ctv.
417 3983 461 4031 111).
474 3986 497 4033 l.
509 4011 545 4021 -
556 3983 621 4033 rtur„
632 3985 741 4034 -vett
756 3987 793 4044 ll,
806 3987 849 4032 all.
865 3981 1134 4035 -vn.ttu.1x‚2.

87 4077 113 4090 “
125 4059 183 4108 Ilot-
201 4089 237 4101 -
253 4067 383 4128 Attgtrstin⁴
401 4067 433 4115 de
449 4067 523 4117 civit.
543 4059 603 4128 ndi,
616 4071 665 4128 tn,
680 4071 723 4117 as.
739 4096 775 4106 -
792 4069 845 4116 nv.
860 4065 926 4130 Epit.
949 4092 984 4102 -
1002 4062 1018 4127 S
1035 4062 1133 4110 XXIV.

88 4136 145 4188 ⁰¹⁰2
156 4173 186 4182 -
199 4147 303 4198 masor.
316 4151 383 4214 ,μα
395 4151 450 4201 vu.
