2875 4900
280 366 350 452 544
459 369 532 436 Jo.·
557 368 898 437 FREINSHEMII
930 369 1171 437 SUPPLEM.

281 488 436 578 «peretb
458 503 491 552 et
514 488 541 550 si
566 510 640 574 quae
665 487 725 551 alia
747 489 916 581 proterviae
941 489 1083 553 hominis
1109 489 1332 568 occurrebant,

226 667 229 675 Ι
280 591 445 678 Pompeius
463 588 703 653 nominabatur.
829 596 833 605 ’

323 691 488 754 LXXXII.
507 691 551 754 Et
565 690 626 753 hac
642 690 703 753 viri
723 692 921 754 contumelia
941 690 1182 755 delectabantur
1199 691 1266 770 ejus
1282 690 1332 754 ad·

280 791 428 874 versatii;
445 793 668 877 Catonemque
684 790 854 854 tribunum
867 790 1036 855 inimicum
1052 792 1198 879 Pompeii
1213 790 1335 855 suscita-

280 894 360 956 bant
380 891 577 978 :pecuniam
598 889 713 954 Clodio
737 889 876 973 dabant,
901 914 968 979 quo
991 906 1075 956 esset
1096 892 1138 956 ad
1161 891 1333 955 vexandum

280 994 373 1057 illum
395 991 593 1055 instructior.
614 991 718 1079 Igitur
736 991 769 1054 in
794 993 953 1057 concione
976 992 1089 1081 populi
1115 1016 1134 1056 a
1157 992 1284 1071 Clodio,
1305 990 1333 1053 in

280 1110 426 1158 senatua
440 1096 564 1157 Catone
575 1093 689 1157 acerbe
699 1093 897 1175 jactabatur3
906 1094 1136 1182 ingentemque
1149 1092 1335 1181 percipiebat

282 1195 448 1275 dolorem,
473 1194 529 1280 qui
551 1216 611 1257 nec
632 1196 738 1257 facere
760 1195 852 1276 talia,
879 1218 939 1259 nec
957 1196 1041 1259 ferre
1062 1194 1235 1258 didicisset.
1255 1196 1335 1256 Inter

282 1297 350 1360 haec
367 1297 400 1359 in
416 1295 541 1359 Albano
559 1316 695 1381 parrum
711 1296 869 1383 templum
885 1296 1037 1376 Iunonis,
1054 1295 1160 1381 qualia
1178 1318 1217 1358 ex
1230 1316 1335 1381 argen-

281 1414 335 1477 to,
355 1412 412 1459 aut
423 1396 483 1459 alia
497 1397 629 1459 materia
646 1395 784 1477 fiebant,
801 1418 919 1461 mensae
934 1398 1140 1484 impositum,
1157 1396 1199 1459 ab
1213 1396 1335 1459 Oriente

281 1496 322 1561 ad
338 1497 611 1585 septemtrionem
626 1519 819 1561 conversum
839 1514 887 1561 est
906 1521 914 1562 ε
936 1499 1032 1586 lupus
1054 1498 1086 1561 in
1106 1497 1231 1561 Urbem
1243 1498 1334 1560 intra·

281 1600 328 1662 vit
341 1621 348 1661 :
360 1598 395 1661 in
407 1599 485 1662 caelo
496 1597 550 1661 fax
562 1620 579 1659 a
591 1596 726 1661 meridie
737 1597 778 1661 ad
790 1600 925 1661 Boream
937 1599 1005 1661 risa
1017 1597 1093 1661 ferri
1107 1621 1114 1661 :
1127 1598 1213 1663 cives
1223 1598 1334 1683 aliquot
1393 1676 1394 1679 Ἴ

281 1699 426 1778 romani,
440 1698 643 1784 deorumque
662 1698 832 1761 simulacra
845 1698 979 1762 fulmine
992 1720 1161 1785 percussa3
1176 1716 1209 1761 et
1221 1698 1254 1761 in
1267 1719 1334 1785 agm

281 1800 441 1863 latiuiensi
460 1799 614 1885 strepitus
629 1821 704 1862 cum
726 1798 858 1861 fremitu
879 1820 1044 1862 armorum
1068 1797 1130 1861 sub
1151 1814 1237 1861 terra
1253 1795 1334 1861 audi·

280 1916 333 1963 tus
347 1917 405 1963 est.

324 2000 506 2065 LXXXIII.
525 1999 578 2063 Ob
601 2000 670 2063 hec
690 1999 838 2090 prodigia
858 2000 995 2065 consqu
1018 2002 1223 2088 horuspices,
1243 2020 1333 2087 quum

285 2102 397 2167 Urbem
420 2100 634 2180 lustrandam,
654 2102 743 2180 Iovi,
763 2101 918 2180 Saturno,
939 2100 1075 2181 Telluri,
1096 2102 1157 2165 diis
1175 2102 1334 2167 caelestibus

274 2201 502 2289 postulationes
517 2224 579 2263 esse
593 2200 852 2289 respondissent,
871 2202 1066 2266 addiderunt
1082 2226 1091 2265 :
1108 2206 1205 2267 nasci
1219 2204 1288 2267 deos
1302 2201 1334 2264 ob

266 2300 372 2385 fidem
393 2321 424 2365 et
431 2301 661 2391 superandum
678 2302 873 2388 neglectum,
897 2318 1034 2367 oratores
1049 2316 1159 2367 eontra
1168 2306 1229 2395 jus
1246 2302 1334 2391 etfus
1393 2314 1394 2319 ’

281 2402 475 2489 interfectos,
499 2401 591 2469 ludos
606 2406 708 2468 multus
726 2403 1029 2492 ddigenterfactos‚
1046 2404 1205 2498 sacrficio
1220 2418 1334 2472 vetusta
1393 2441 1394 2466 l

281 2504 465 2593 occultoque
480 2509 582 2568 mrbus
606 2505 774 2591 diligenter
779 2505 881 2593 sacta
892 2509 1093 2596 pollutaque,
1112 2510 1184 2573 loco
1204 2533 1292 2574 sacra
1310 2521 1335 2570 et

282 2607 432 2692 religiosa
450 2621 603 2692 occupata
622 2621 652 2670 et
666 2606 851 2694 proficuam.
873 2608 921 2673 Ob
937 2609 1006 2673 lm
1013 2610 1192 2698 periculam
1209 2635 1284 2690 esse,
1302 2631 1334 2672 ne

274 2731 338 2797 per
351 2710 536 2794 optimatium
554 2707 762 2788 discordiam,
780 2709 1075 2800 dissensionemque,
1092 2713 1334 2801 Patn'busprir-
1393 2775 1394 2792 p

280 2811 455 2896 civibusque
468 2808 587 2888 caedes,
598 2811 744 2896 pericula
757 2825 914 2894 creentur,
929 2812 1114 2901 auxilioque
1128 2813 1281 2878 deminuti
1290 2812 1335 2874 de·
1393 2823 1394 2828 ’

277 2909 394 2992 fierent
407 2934 420 2979 .·,
435 2932 501 2998 qua
516 2932 550 2972 re
564 2910 612 2974 od
622 2934 720 2975 unum
733 2914 896 3000 imperitare
902 2915 1077 3001 provinciae
1091 2915 1240 2994 redeam,
1254 2935 1333 2977 mr·

281 3016 421 3099 citusque
439 3009 550 3098 pulsos
573 3010 805 3100 deminutrbque
824 3014 974 3093 accedam
992 3007 1035 3077 'ne
1058 3015 1189 3079 occultis
1208 3013 1334 3079 comdiis

282 3110 455 3200 respublica
478 3109 640 3190 laedatur,
668 3135 707 3175 ne
727 3113 928 3179 deterioribus
951 3115 1139 3204 repulsisque
1166 3117 1263 3180 honos
1284 3135 1333 3177 ou·

277 3223 403 3302 gratur.

325 3312 504 3374 LXXXIV.
535 3313 603 3376 llac
632 3313 765 3378 Clodius
793 3317 960 3380 occasione
986 3333 1110 3405 arrepta
1140 3321 1277 3407 graviter
1299 3315 1332 3379 ad

280 3411 439 3497 populum
457 3410 648 3476 traducendi
668 3414 848 3496 Ciceronis,
870 3417 909 3479 ob
927 3417 1011 3482 bunc
1027 3421 1109 3482 iram
1124 3422 1253 3484 deorum
1265 3439 1333 3506 gra·

232 3585 244 3615 ι
281 3535 347 3573 vem
365 3526 460 3600 atque
469 3511 712 3600 fhrmtdobilem
737 3517 911 3580 imumbere
930 3518 1138 3584 inculcabat:
1162 3521 1246 3585 dunc
1261 3522 1332 3583 enin

280 3614 315 3676 in
327 3635 417 3690 areo,
432 3635 504 3700 quae
516 3628 695 3680 consecrata
707 3616 861 3681 Libertate·
871 3633 956 3701 esset,
971 3617 1142 3706 ceclfficare.
1158 3623 1227 3686 Nec
1238 3641 1332 3690 mora,

280 3713 386 3799 pergit
398 3712 440 3776 ad
455 3713 539 3776 aedes
558 3714 642 3800 illius
660 3738 737 3779 cum
754 3719 980 3800 multitudine,
997 3735 1030 3783 et
1047 3720 1227 3787 disturbare
1240 3743 1332 3810 opus,

314 3941 331 4005 S
347 3940 585 3988 exstruendo
595 3943 738 4008 Ilm-Retp.
753 3961 807 4010 etp.
822 3955 869 4004 al,
884 3957 909 3994 et
922 3948 954 3995 td
964 3950 996 4011 Q.
1015 3949 1080 3997 fratr.
1091 3947 1137 3995 Γ-
1152 3951 1209 4000 nio.
1226 3979 1259 3989 --
1276 3951 1324 3998 Plut

278 4051 314 4061 —
330 4028 387 4072 Act.
404 4028 493 4088 Apott.
510 4027 587 4084 xlx,
604 4033 648 4080 al.
667 4054 701 4062 -
720 4028 892 4092 §Lxxxul
909 4031 961 4081 Cic.
979 4031 1009 4080 dc
1025 4037 1084 4082 Iler.
1102 4037 1175 4099 neap.
1190 4051 1242 4098 cap.
1255 4050 1289 4081 ro.
1304 4059 1330 4068 -

276 4108 327 4156 Jul.
340 4107 430 4169 Obseq.
