2875 4900
315 393 384 480 354
492 397 559 462 JO.
587 395 928 466 FREINSHEMII
958 395 1203 466 SUPPLEM.

314 519 406 580 tossae
430 531 556 604 partem
581 515 718 602 (pontes
745 516 831 578 enirn
854 516 985 582 barbari
1011 516 1235 604 removerant)
1254 517 1373 606 ingesta

314 636 397 682 terra
413 617 568 705 compleri
582 617 687 697 jubet.
1219 698 1222 706 Ι

357 719 506 786 LXXIX.
525 718 625 801 Quod
644 717 701 781 ubi
718 717 833 796 majori
855 739 931 782 cum
951 717 1079 798 labore,
1097 737 1195 804 quam
1215 717 1374 804 periculo,

312 821 492 908 perfectum
506 836 572 900 est,
590 819 668 908 quia
683 841 792 906 neque
805 819 952 907 sagittas,
970 841 1076 906 neque
1089 820 1178 908 ignes
1189 817 1294 898 jacere
1307 820 1375 882 bar

312 922 401 1003 bari,
417 920 526 1008 pluvia
545 935 725 1008 utrumque
748 920 962 1008 impediente,
984 936 1178 1009 potuerant,
1195 919 1275 984 alter
1293 942 1372 1007 quo·

313 1045 378 1110 que
400 1044 532 1102 murus,
553 1022 611 1108 qui
628 1022 729 1110 priori
752 1021 1005 1109 haudquaquam
1023 1020 1223 1087 firmitudine
1244 1044 1371 1110 compa·

313 1123 436 1188 modus
452 1137 536 1202 erat,
557 1139 727 1210 superatus
745 1139 804 1188 est.
826 1123 915 1186 Urbe
934 1124 980 1186 sic
1003 1139 1113 1211 capta,
1131 1123 1252 1204 Guras,
1269 1124 1327 1211 qui
1342 1125 1371 1186 in

311 1247 419 1290 arcem
432 1223 640 1310 confugerat,
653 1247 730 1288 cum
745 1225 882 1305 caeteris,
896 1221 960 1288 lide
972 1241 1118 1313 accepta,
1134 1225 1168 1288 in
1184 1241 1371 1312 potestatem

311 1324 420 1405 venit,
436 1324 638 1413 comiterque
653 1341 703 1390 est
719 1324 761 1388 ab
776 1325 971 1412 imperatore
987 1324 1128 1390 habitus.
1144 1323 1276 1390 Diversa
1288 1327 1373 1390 Calli·

217 1470 222 1480 ·
313 1425 420 1490 machi
435 1447 505 1490 sors
521 1425 600 1506 fuit,
622 1449 738 1514 quem,
757 1426 832 1490 licet
845 1426 1002 1492 maximos
1017 1425 1185 1490 thesauros
1203 1424 1371 1490 abscondi·

315 1545 364 1592 tos
390 1526 610 1592 indicaturum
637 1527 860 1615 promitteret,
886 1525 1100 1615 compedibus
1125 1525 1240 1592 vinciri
1262 1526 1372 1606 jussit,

314 1651 422 1716 poenas
436 1627 607 1709 daturum,
622 1628 714 1717 qnod
730 1627 896 1716 desperata
906 1629 1010 1694 Amisi
1025 1627 1214 1695 defensione
1230 1629 1370 1718 fugiens,

312 1729 471 1818 oppidum
487 1728 695 1794 incendisset.

356 1832 489 1895 LXXX.
503 1831 605 1894 Tanta
620 1830 772 1894 felicitate
786 1845 878 1918 capta
890 1827 1029 1912 Nisibis,
1046 1851 1112 1894 non
1127 1831 1235 1894 solum
1252 1830 1370 1919 magnis

312 1933 429 2020 opibus
450 1931 562 1994 ditarit
582 1931 832 2018 imperatorem,
857 1929 914 1996 sed
936 1932 1032 1996 etiam
1056 1931 1194 2024 fatigatis
1217 1933 1327 1998 labore
1343 1947 1371 1994 et

313 2034 432 2123 frigore
449 2033 551 2123 copiis
566 2031 846 2097 abundantissima
859 2031 996 2098 hiberna
1008 2033 1156 2121 prebuit.
1171 2035 1259 2101 Dum
1273 2033 1305 2098 in
1317 2035 1370 2098 rlr*

311 2136 418 2200 menia
434 2137 469 2200 L.
480 2133 634 2228 Lucullus
651 2132 873 2198 Mithridatem
891 2151 924 2198 et
936 2134 1128 2223 Tigranem,
1151 2152 1185 2200 et
1204 2135 1369 2200 immensas
1396 2155 1399 2162 ·

312 2238 482 2324 utriusque
496 2236 580 2325 regis
597 2236 705 2324 copia
724 2235 873 2323 pluribus
888 2235 1005 2323 praeliis
1021 2235 1150 2319 fundit;
1168 2237 1209 2317 Q.
1229 2236 1368 2300 Caecilius

311 2337 461 2402 Metellus
484 2337 661 2426 proconsul
685 2358 762 2400 cum
787 2337 891 2400 tribus
913 2336 1096 2426 legionibus
1119 2337 1154 2400 in
1178 2339 1308 2402 Cretam
1327 2350 1369 2400 est

311 2439 486 2525 profectos.
504 2439 692 2519 Cretenses,
707 2437 795 2502 victo
812 2437 975 2519 Antonio,
991 2437 1110 2527 legatos
1127 2439 1266 2503 Romam
1284 2437 1369 2503 mise·

312 2555 403 2620 rant,
419 2562 535 2627 magna
552 2562 627 2628 spe,
643 2541 734 2619 fore,
749 2554 787 2603 ut
803 2562 871 2603 non
884 2540 1025 2627 antiquis
1039 2539 1138 2605 modo
1154 2539 1280 2629 legibus
1298 2538 1368 2603 ami-

311 2641 385 2706 citia
398 2640 610 2729 redintegrari
624 2656 751 2729 posset,
765 2638 929 2705 sedetiam
945 2640 1031 2705 ultro
1042 2638 1174 2729 aliquod
1182 2640 1367 2707 beneficium

310 2741 523 2822 adjiceretur,
549 2742 594 2806 ob
623 2758 786 2806 servatum
811 2742 947 2806 comiter
973 2758 1167 2829 questorem
1194 2742 1368 2829 militesque

310 2865 483 2924 romanos,
500 2844 557 2931 qui
575 2844 609 2907 in
626 2860 821 2932 potestatem
838 2843 970 2907 illorum
988 2860 1210 2933 pervenerant.

353 2942 503 3008 LXXXI.
525 2944 625 3030 Atqui
647 2944 735 3031 apud
754 2947 920 3009 Romanos
941 2946 1015 3032 plns
1037 2944 1160 3013 irarum
1183 2962 1269 3028 erat,
1288 2942 1368 3033 quod

311 3046 479 3109 Cretenses
503 3068 571 3107 non
597 3061 705 3109 essent
728 3045 848 3127 dediti,
875 3067 973 3133 quam
995 3046 1122 3135 gratim,
1143 3044 1234 3133 quod
1261 3045 1367 3111 dedin's

310 3148 539 3234 pepercissent.
558 3146 670 3211 Nihilo
688 3162 798 3211 tamen
815 3147 920 3211 secius
935 3146 1030 3237 legati
1045 3146 1194 3235 (triginta
1213 3168 1253 3211 ex
1271 3146 1369 3211 senio-

311 3247 401 3310 ribus
418 3248 507 3310 missi
527 3248 689 3337 principes
711 3246 821 3334 erant)
838 3245 993 3311 obeundo
1009 3246 1169 3337 sigillatim
1189 3262 1367 3311 senatorum

310 3345 443 3427 domos,
458 3347 650 3435 blandisque
666 3348 872 3413 sermonibus
890 3347 1032 3428 utendo,
1053 3363 1177 3436 partem
1191 3348 1323 3414 Patrum
1338 3344 1365 3407 in

311 3447 503 3511 sententiam
517 3468 610 3511 suam
623 3463 802 3513 traxerunt.
820 3448 859 3513 ln
874 3448 997 3513 curiam
1015 3447 1167 3536 deinceps
1181 3445 1365 3520 introducti,

311 3566 434 3631 quum,
451 3562 526 3633 apte
542 3548 687 3611 refutatis
701 3549 908 3631 criminibus,
926 3572 1024 3636 quam
1038 3550 1126 3614 enise
1144 3550 1299 3613 omnibus
1312 3544 1367 3613 bel·

311 3646 349 3709 lis
359 3646 473 3735 populi
487 3648 614 3711 romani
627 3648 837 3735 imperatores
851 3649 1064 3730 adjuvissent,
1079 3666 1295 3739 exponerent,
1310 3670 1366 3713 mo

310 3764 363 3811 tus
378 3762 426 3811 est
439 3762 587 3827 senatus,
603 3762 639 3811 ut
644 3748 761 3837 populi
777 3753 901 3815 romoni
917 3752 1014 3815 socios
1029 3751 1205 3838 eruensque
1222 3748 1364 3815 Cretenses

309 3848 517 3939 appellandos
530 3872 591 3911 essc
604 3865 759 3913 censeret.

342 4013 358 4077 S
376 4014 493 4060 me.
512 4012 616 4075 Eumop.
633 4039 669 4048 —
688 4014 746 4061 Dio.
765 4040 798 4049 -
818 4014 882 4062 I‘lnt.
898 4040 933 4049 -
948 4014 1020 4061 Oros.
1037 4038 1072 4049 -
1089 4008 1103 4075 S
1122 4012 1227 4059 mx.
1246 4008 1292 4057 Dio
1306 4001 1361 4070 epod

307 4096 376 4147 fulv.
389 4096 473 4145 Ursin.
480 4122 515 4131 -
523 4096 577 4143 biv.
588 4095 652 4160 Epir.
662 4122 697 4132 -
707 4095 782 4145 Diod.
794 4124 829 4133 -
840 4096 959 4161 Phlegon.
971 4112 1012 4161 ap.
1027 4095 1099 4144 Phot.
1113 4122 1148 4133 -
1157 4094 1246 4143 Euseb.
1259 4088 1361 4141 Chronic-

306 4206 340 4215 -
350 4178 456 4244 Appiam
468 4176 528 4248 -s
541 4180 659 4228 mxl.
671 4181 720 4227 Dio
731 4178 797 4243 apud
810 4180 879 4229 Fulr.
891 4180 973 4228 Ursin.
984 4206 1019 4217 --
1029 4178 1106 4229 Diod.
