2875 4900
294 417 361 487 ιφ
433 425 440 434 ·
466 395 532 460 ιο.
560 389 901 461 retrususun
933 347 1179 460 sueretu.

293 514 376 577 Eum
399 535 584 576 sermonem
611 509 742 574 Aufidio
769 510 897 574 cuidam
919 512 1106 576 adolescens
1129 511 1289 600 exposuit,
1311 512 1338 572 in

255 639 264 660 ·
292 637 390 703 quern
413 629 481 676 erat
501 611 727 675 benevolentia
747 613 950 698 propensior.
973 613 1031 677 llle
1054 635 1122 676 non
1140 614 1250 678 leviter
1267 613 1340 674 ictus

292 717 388 804 (nam
403 731 436 778 et
448 715 517 802 ipse
530 727 599 775 erat
610 712 696 774 inter
709 711 915 793 conjuratos,
928 712 1031 776 sedet
1044 714 1201 776 Manlium
1215 733 1280 776 esse
1291 733 1340 773 ne-

290 813 447 900 sciebat),
465 811 661 876 dissimulata
676 825 785 874 tamen
804 813 1021 894 conscientia,
1038 829 1150 904 negat,
1167 813 1269 878 verbis
1286 812 1341 874 ho·

290 916 386 980 minis
406 913 532 979 ventosi
551 927 584 975 et
603 911 680 975 levis
700 911 882 976 habendam
905 911 1002 976 fidem
1022 937 1111 978 esse:
1132 930 1165 977 at
1181 929 1340 1002 postquam

289 1015 476 1080 adolescens
494 1014 709 1100 Perpernam,
728 1013 934 1095 Graecinum,
954 1015 1098 1101 aliosque
1115 1015 1282 1104 participes
1297 1035 1343 1076 se·

288 1117 369 1180 creti
394 1114 595 1193 nominavit,
614 1135 681 1176 non
708 1113 835 1178 distulit
856 1136 990 1203 pergere
1016 1114 1059 1178 ad
1082 1115 1293 1202 Perpernam,
1315 1129 1342 1174 et

287 1216 463 1280 admonere
482 1214 635 1302 periculi,
657 1213 719 1277 nisi
741 1230 866 1278 mature
891 1229 1140 1302 preverterent:
1160 1237 1196 1278 eo
1215 1237 1279 1276 rem
1293 1214 1343 1276 de-

287 1317 433 1396 ductam,
457 1330 493 1380 ut
503 1315 603 1379 celari
616 1315 673 1379 diu
689 1329 847 1402 nequeat:
861 1315 1078 1404 occupandum
1091 1315 1276 1410 Scaptium,
1292 1327 1344 1374 aut

283 1417 479 1508 pereundum
496 1415 728 1480 orimnorum
744 1427 815 1480 esse.

330 1519 420 1583 Vlll.
434 1519 510 1583 Non
525 1516 694 1580 dubitabat
707 1517 886 1604 Perperna,
900 1517 980 1603 quin
993 1537 1068 1579 vera
1079 1513 1338 1604 praedicerentur:

286 1636 319 1683 et
341 1642 446 1710 nuper
471 1641 620 1705 quoque,
645 1617 814 1682 submissis
837 1617 949 1680 decem
975 1616 1146 1696 militibus,
1168 1615 1341 1680 Sertorium

285 1717 466 1799 interlicere
478 1733 632 1798 conatus,
648 1717 839 1806 punitisque
852 1718 988 1805 partim,
1005 1717 1122 1805 partim
1143 1717 1221 1806 luga
1237 1714 1342 1802 clepsit

286 1818 546 1899 insidiatoribus,
567 1841 754 1906 quanquam
776 1817 925 1882 nondum
946 1834 1016 1882 erat
1031 1817 1197 1906 proditus,
1215 1840 1256 1916 ne
1274 1839 1344 1906 pro·

284 1920 416 1984 deretur
436 1918 613 1983 metuebat.
628 1918 754 1982 Idcirco
774 1918 1007 1997 conjurationis
1026 1918 1145 1999 duces,
1165 1915 1343 1984 convocetis

286 2021 431 2084 celeriter
458 2020 628 2108 praecipuis
655 2020 882 2100 consciorum,
910 2021 992 2083 nihil
1018 2018 1243 2096 cunctandum
1271 2019 1343 2096 rati,

183 2164 186 2175 ·
286 2135 492 2210 componunt
504 2143 523 2182 e
534 2119 669 2207 vestigio
686 2119 808 2183 fraudis
825 2119 995 2200 ordinem
1011 2120 1260 2209 subornatoque
1278 2118 1344 2182 ido·

285 2245 347 2291 nco
368 2222 524 2302 bomine,
546 2220 702 2286 confictas
725 2221 833 2284 literas
858 2222 1002 2286 Sertorio
1020 2219 1195 2285 tradendas
1216 2232 1345 2294 curant,

283 2322 403 2410 quibus
421 2320 463 2386 de
481 2344 598 2412 magna
614 2322 749 2386 victoria
762 2322 979 2410 perscriptum
996 2337 1081 2401 erat,
1100 2343 1201 2408 quam
1218 2315 1344 2386 Sertorii

283 2419 415 2509 qnidam
435 2421 580 2510 legatus,
606 2422 730 2510 ingenti
752 2423 898 2487 hostium
923 2443 1062 2486 numero
1090 2421 1275 2502 debellato,
1299 2441 1345 2483 re·

283 2538 450 2611 portasset.

325 2624 522 2687 1X.Ls.·tum
537 2623 581 2687 ob
593 2624 662 2686 ltaec
676 2640 708 2687 et
718 2622 953 2688 sacrificantem
966 2623 1162 2704 Sertorium,
1178 2646 1259 2689 cunr
1270 2620 1345 2687 ami·

282 2724 327 2787 cis
343 2724 456 2811 (erant
473 2740 582 2787 autem
601 2747 641 2787 ex
658 2724 902 2804 conjuratorum
921 2723 1080 2810 numero)
1101 2723 1142 2787 ad
1160 2722 1347 2788 convivium

281 2826 396 2889 invitat
408 2824 586 2912 Perperna,
603 2824 779 2912 multisque
794 2824 945 2912 precibus
955 2824 1072 2905 vincit,
1086 2840 1125 2888 ut
1135 2823 1177 2888 ad
1193 2823 1346 2914 gaudium

282 2924 352 3003 ejus
369 2924 435 2989 diei
453 2924 683 2989 celebrandum
706 2924 902 2989 condiceret.
927 2925 1031 3013 lgitur
1049 2924 1260 2991 discubuere.
1278 2925 1348 2989 Ser·

281 3025 385 3091 torius
399 3025 535 3089 inferior
544 3027 578 3088 in
595 3024 704 3090 medio
716 3027 799 3090 lecto
813 3026 1026 3106 accubuerat3
1043 3048 1140 3115 supra
1153 3049 1234 3091 eum
1250 3028 1286 3091 L.
1296 3025 1320 3087 F
1321 3046 1349 3085 a·

280 3127 354 3191 bius
379 3126 593 3214 hispaniensis
618 3141 747 3190 senator
772 3148 810 3191 ex
834 3128 1040 3215 proscriptis;
1064 3126 1098 3191 in
1125 3148 1262 3191 summo
1285 3138 1349 3191 erat

281 3228 459 3308 Antonius,
474 3244 506 3291 et
516 3227 600 3290 infra
612 3249 687 3291 eum
699 3228 803 3291 scriba
814 3229 947 3292 Sertorii
956 3228 1105 3309 Versius;
1116 3228 1152 3293 in
1161 3228 1234 3293 imo
1247 3227 1347 3292 scriba

280 3328 360 3390 alter
371 3326 547 3407 Maecenas,
562 3326 688 3390 medius
702 3326 788 3392 inter
799 3329 1022 3417 Tarquitium,
1036 3344 1070 3391 et
1085 3328 1264 3393 dominum
1278 3352 1350 3393 con-

279 3426 353 3487 vivii
364 3425 571 3513 Perpernam.
583 3427 660 3490 Erat
673 3448 710 3490 ea
723 3450 825 3515 quum
837 3429 970 3493 Sertorii
985 3429 1159 3511 modestia,
1173 3446 1251 3494 turn
1264 3428 1347 3518 spud

278 3548 355 3590 suos
371 3526 563 3607 auctoritas,
581 3542 676 3590 uteo
694 3546 852 3615 presente
869 3528 1053 3593 verecunde
1068 3545 1101 3593 et
1118 3530 1262 3595 honesta
1280 3554 1350 3595 om·

278 3626 332 3691 nia
347 3643 476 3707 essent3
497 3626 593 3690 nulloe
610 3643 720 3716 turpes
737 3630 873 3711 lacetiae,
890 3631 972 3695 nulli
988 3631 1145 3695 clamores
1163 3634 1349 3697 tumultus·

278 3750 342 3816 que
357 3724 558 3792 audirentur.

321 3829 363 3891 X.
379 3826 443 3890 Sed
464 3849 504 3891 eo
525 3842 690 3914 tempore,
712 3844 750 3892 ut
769 3830 899 3893 initium
917 3831 1058 3895 rixarum
1076 3831 1242 3911 conjurati
1262 3832 1349 3895 face·

276 3944 368 4009 rent,
382 3926 558 4020 inconditis
571 3929 776 3995 sermonibus
787 3932 1013 4020 gestibusque,
1028 3955 1086 4021 per
1100 3933 1349 3998 simulationem

309 4126 404 4191 ssiu.
410 4127 519 4191 Appias.
531 4156 565 4169 -
574 4127 639 4181 rtur.
648 4156 683 4165 -
691 4127 708 4194 s
717 4131 762 4177 lx.
772 4128 869 4177 Sallust.
878 4130 943 4178 llist.
950 4132 999 4187 111,
1009 4130 1040 4177 15
1047 4141 1112 4179 nost.
1121 4128 1186 4179 stt.
1196 4146 1225 4196 p.
1236 4138 1299 4187 tol.
1314 4132 1351 4177 Eo
