2875 4900
302 437 357 507 IN
385 434 498 507 LOC.
525 438 620 505 LIB.
649 438 712 507 CV
743 439 958 509 LlVlANI.
1095 438 1163 512 565

103 575 146 623 tas
170 554 325 639 credidit,
347 557 405 622 sed
426 556 553 625 devotis
577 556 696 651 pariter
718 556 1018 648 devorentibusque
1035 558 1165 625 calami-

102 673 193 723 losa!-

142 760 277 825 XXXV.
293 758 390 825 Unde
403 761 503 849 vulgo
516 758 817 849 reprehendebatur
825 762 954 843 Ateius,
966 761 1058 849 quod
1071 784 1165 845 eum,

102 860 151 925 cui
164 877 296 949 propter
311 862 545 949 rempublicam
559 863 664 927 laetias
677 878 747 927 erat
760 862 932 945 inimicus,
947 862 1025 927 diris
1037 862 1071 926 in
1085 886 1167 929 rern-

102 961 261 1049 publicam
279 963 400 1028 casuris
422 980 651 1031 consecrasset.
668 964 823 1045 Crassus,
840 962 1048 1029 Brundisium
1062 963 1170 1052 prole·

102 1078 187 1145 ctus,
200 1086 303 1152 quum
316 1063 394 1130 inde
405 1088 472 1130 non
485 1080 669 1153 exspectato
678 1088 778 1131 cursu
787 1066 1035 1147 transmitteret,
1049 1066 1167 1131 maritas

102 1186 194 1229 naves
208 1166 454 1254 tempestatibus
466 1166 590 1247 amisit,
608 1166 764 1254 deditque
777 1167 864 1232 diras
873 1166 1095 1235 metuentibus
1110 1188 1170 1231 oc-

101 1265 263 1331 casionem
277 1288 468 1337 sermonum
477 1270 566 1358 ‚jam
576 1292 667 1335 omen
678 1284 774 1357 atque
784 1271 911 1333 irsiniem
920 1268 1027 1333 adesse
1037 1268 1172 1336 calanu-

101 1369 171 1433 aas
182 1414 194 1447 ,
211 1388 286 1455 qaoe
305 1368 450 1435 devomm
471 1383 569 1457 capnt
586 1384 672 1435 err-tc
693 1382 790 1457 atque
811 1369 997 1434 inerrabilis
1017 1380 1171 1436 maneret.

100 1468 180 1535 Nam
200 1483 234 1533 et
258 1470 393 1536 fortuita
414 1470 449 1537 in
470 1471 662 1562 praesagium
680 1470 912 1551 trahebantur,
928 1469 1040 1557 quod,
1061 1471 1168 1558 impo-

102 1588 198 1635 nente
212 1572 389 1635 exercitum
402 1574 537 1654 Crasso,
550 1571 683 1661 quidam
697 1573 844 1660 inportu
857 1572 977 1640 oarims
990 1573 1105 1635 Caum
1116 1570 1169 1637 ad·

100 1686 204 1735 rectas
216 1670 360 1737 vendens
375 1672 521 1739 Camacas
531 1672 803 1761 proclamantium
815 1673 909 1762 qnasi
922 1672 1049 1741 disertis
1061 1672 1169 1740 verbis

101 1788 255 1839 monente
270 1774 421 1841 Quum
437 1775 576 1841 sollicito
590 1776 727 1840 nurnine
736 1822 748 1857 ,
757 1790 883 1842 careret
895 1779 950 1839 ire.
971 1854 974 1860 Ι

142 1873 296 1943 XXXVI.
321 1876 459 1941 Causam
477 1876 651 1943 festinandi
668 1875 758 1945 haud
772 1891 970 1965 postremam
982 1877 1021 1941 A.
1037 1874 1169 1940 Gabinii

104 1974 284 2061 praebuerat
296 1975 485 2059 insolentia,
504 1978 562 2066 qui
581 1978 687 2067 legato
706 1978 813 2043 Crassi
830 1975 956 2045 tradere
972 1975 1169 2056 exercitum,

102 2077 309 2161 qtmntumvis
325 2076 418 2143 linito
434 2078 562 2166 imperii
576 2094 741 2167 tempore,
756 2094 927 2168 spreverat
944 2078 983 2143 In
998 2076 1170 2143 biennium

102 2176 152 2241 ille
165 2178 292 2267 Syriam
304 2179 339 2241 in
352 2180 542 2261 consulatu,
556 2182 592 2245 L.
605 2180 681 2245 Piso
698 2181 821 2269 collega
834 2179 1079 2259 Macedoniam,
1099 2178 1177 2267 lege-

102 2277 213 2343 Clodia
231 2296 442 2367 acceperant3
463 2295 595 2369 eratque
610 2280 644 2345 in
665 2280 858 2345 ordinandis
867 2279 1041 2369 provinciis
1059 2277 1171 2343 decre·

102 2392 448 2464 tum,utsuccessores
458 2382 588 2470 utrique
599 2383 816 2451 mitterentur.
827 2382 951 2446 EtPiso
962 2379 1095 2470 quidem
1104 2380 1172 2462 jam

102 2482 301 2566 decesserat,
317 2483 523 2572 redieratque
541 2485 576 2548 in
597 2484 744 2550 Urbem:
766 2484 924 2552 Gabinius
941 2485 1027 2550 ultra
1042 2501 1171 2571 tempus

101 2584 262 2650 retinebat
276 2584 448 2673 imperium
466 2585 579 2654 eadem
597 2585 823 2673 improbitate,
843 2609 910 2673 qua
927 2586 1013 2652 ultra
1031 2582 1172 2672 praefini-

103 2699 173 2748 tum
191 2685 319 2774 legibus
331 2685 468 2750 modum
485 2702 679 2752 exercuerat.
693 2687 770 2752 Erat
783 2703 853 2752 tum
868 2687 1044 2754 lauodniis
1057 2687 1173 2752 infesta

101 2784 211 2872 Syria3
245 2783 304 2868 sed
327 2787 403 2875 plus
425 2810 444 2850 a
466 2787 660 2874 proconsule
685 2788 869 2875 patiebatur
889 2787 1173 2875 injuriarum,qui

102 2907 169 2950 non
186 2887 283 2952 aliam
304 2888 348 2954 ob
371 2909 501 2952 causam
523 2888 862 2954 infestius-videbatur
877 2888 1046 2976 predones
1063 2879 1173 2975 perse·

105 2989 182 3075 qui,
200 3009 301 3076 quarn
319 3011 360 3057 ne
376 3011 440 3076 qua
454 3011 529 3077 pars
541 2989 724 3076 spoliorum
734 2989 777 3055 ab
788 2990 861 3054 aliis.
870 2989 1129 3076 interciperetur.

143 3089 317 3154 XXXVII.
341 3089 477 3177 Elapsus
500 3111 518 3154 e
545 3089 709 3173 custodia,
737 3092 907 3177 Romaque
930 3089 1089 3177 profugus
1105 3087 1174 3152 ari-

102 3191 272 3272 stobulus,
288 3190 347 3278 qui
362 3190 450 3278 apud
468 3189 596 3256 Iudaeos
613 3207 821 3281 regnaverat,
839 3213 914 3254 cum
927 3189 1093 3278 Antigono
1107 3187 1174 3253 filio

102 3289 244 3358 redierat
265 3291 299 3362 in
320 3291 540 3373 Palaestinam,
559 3308 591 3358 et
608 3291 850 3358 confluentibus
873 3290 914 3356 ad
936 3313 1031 3371 eum,
1054 3290 1196 3378 quibus*

103 3391 275 3480 praesentia
291 3415 407 3481 panim
425 3393 612 3481 placebant,
626 3394 860 3460 Alexandriam
875 3416 1010 3482 nupera
1020 3393 1177 3458 Romanis
1299 3427 1302 3432 ·

104 3492 256 3560 diuitum
269 3493 448 3562 instaurare
467 3511 616 3584 coeperat.
632 3495 810 3578 Gabinius,
826 3496 878 3560 his
894 3494 1033 3578 auditis,
1050 3513 1178 3584 panem

103 3596 270 3684 equitatus
291 3595 435 3676 Antonin
449 3597 601 3685 prefecto
622 3597 731 3678 misit,
748 3597 884 3663 Sisenna
902 3613 935 3662 et
950 3597 1083 3662 Servilio
1100 3619 1180 3664 cum

104 3696 297 3762 cohortibus
319 3697 475 3785 subsequi
491 3697 600 3779 jussis.
618 3699 748 3762 Horum
770 3713 861 3762 metu
881 3695 1089 3762 Aristobulus
1110 3696 1184 3760 Ma·-

103 3798 307 3862 chaeruntem
330 3820 444 3864 versus
467 3800 609 3864 instituit
634 3799 770 3880 cedere;
798 3815 874 3864 octo
896 3799 1035 3864 millium
1060 3819 1177 3884 agmen

106 3899 258 3981 trahens,
277 3900 369 3990 quod
391 3901 485 3966 aliam
507 3901 682 3966 inermium
704 3900 854 3981 turbam,
874 3900 947 3987 plus
965 3899 1000 3961 in
1020 3919 1056 3961 ea
1074 3897 1178 3984 impe·

140 4118 157 4182 s
176 4119 300 4168 XXXIV.
317 4119 374 4168 Dio.
393 4145 428 4156 -
441 4119 507 4168 Plut.
527 4145 563 4156 -
579 4117 596 4182 S
614 4115 724 4167 XXXV.
735 4117 789 4166 Cic.
806 4116 837 4164 de
848 4115 934 4164 Ditin.
947 4117 989 4172 11,
1006 4123 1046 4172 ho.
1059 4141 1095 4152 -·
1115 4113 1182 4161 etin.

106 4203 167 4262 XV,
183 4217 224 4266 ¹¹9·
235 4229 271 4242 -
282 4201 299 4266 s
312 4205 434 4252 XXXVI.
442 4203 500 4252 Dio.
514 4229 547 4240 -
560 4199 612 4253 Cic.
625 4201 651 4250 iu
664 4201 712 4250 Pis.
723 4213 748 4250 et
758 4199 789 4250 de
799 4201 871 4252 l’rov.
880 4198 957 4253 Cous.
1244 4199 1247 4202 ’
