2875 4900
281 378 335 447 IN
368 377 479 446 LOC.
506 378 601 445 LIB.
629 378 701 445 (ΙΙΙ
732 378 946 447 LIVIANI.
1076 375 1148 460 443

90 521 176 586 ·spes
188 496 319 586 reliquae
339 496 506 585 diguitatis
522 496 751 563 conservandae
770 520 843 561 sum
863 512 1032 584 sequutus.
1051 498 1149 563 Plura
1203 542 1207 550 ι

90 622 206 687 «quum
225 598 366 663 scribere
384 598 521 680 vellem,
544 598 732 663 nuntiatum
752 614 821 680 est,
841 599 908 663 vim
929 598 1010 661 mihi
1032 600 1148 687 parari.

90 703 198 767 -uunc
209 701 393 767 Orestillam
409 700 468 765 tibi
484 700 700 782 commendo,
716 717 845 788 tuteque
858 698 934 765 fidei
950 699 1044 764 trado
1056 723 1064 765 :
1076 722 1148 764 earu
1190 727 1193 732 ·

91 802 146 891 «ab
161 802 280 882 injuria
294 800 465 884 defendas,
482 824 540 891 per
554 802 676 867 liberos
694 818 770 866 tuos
786 816 941 890 rogatus:
956 818 1061 865 aveto.
1071 833 1084 857 υ

128 905 304 969 LXXXVI.
314 905 405 968 Inter
417 904 487 969 haec
498 904 583 991 ipse,
599 926 703 991 quum
716 903 842 990 aliquot
854 901 922 967 dies
932 900 1021 990 apud
1036 904 1072 965 C.
1080 903 1150 967 Fla·

92 1005 219 1070 minium
245 1006 422 1069 Flammam
446 1005 481 1067 in
509 1026 587 1093 agro
614 1004 741 1069 reatino
764 1004 938 1092 exegisset,
961 1003 1147 1084 vicinitate,

93 1126 178 1189 quam
201 1128 261 1193 per
284 1104 466 1169 emissarios
491 1127 568 1169 suos
592 1120 687 1169 antea
709 1103 952 1185 sollicitaverat,
974 1103 1149 1185 armanda,

93 1206 217 1294 sumptis
242 1206 384 1271 fascibus
410 1205 668 1292 lictoribusque,
704 1204 871 1293 signisque
896 1204 1082 1292 explicatis,
1108 1204 1151 1269 ad

95 1322 207 1390 paratas
223 1330 243 1370 a
253 1306 378 1371 Manlio
392 1306 501 1393 copias
519 1304 709 1388 contendit;
729 1305 839 1369 liberis
856 1306 1027 1387 omnibus,
1043 1305 1152 1371 adhuc

95 1404 169 1469 enim
190 1406 320 1471 servitia
338 1404 548 1495 repudiabat,
569 1404 611 1469 ad
630 1405 818 1470 societatem
835 1428 1003 1472 armorum
1016 1408 1150 1473 vocaus

93 1505 159 1571 llec
173 1508 231 1571 ubi
246 1510 360 1571 Romae
373 1523 540 1595 comperta
554 1522 648 1588 sunt,
668 1523 799 1571 senatus
817 1523 940 1570 vestem
955 1523 1078 1588 mutat3
1093 1510 1150 1572 Ca·

95 1606 205 1671 tilinam
218 1624 251 1673 et
263 1608 423 1673 Manlium
434 1608 545 1695 hostes
557 1606 699 1689 judicat3
711 1623 833 1671 caeterae
844 1608 1050 1673 multitudini
1062 1609 1149 1675 diem

95 1710 210 1792 statuit,
231 1726 422 1798 antequam
439 1710 509 1773 sine
527 1708 641 1774 fraude
662 1709 775 1775 liceret
792 1708 833 1773 ab
852 1710 950 1773 armis
965 1708 1149 1792 discedere,

95 1826 295 1899 preterquam
313 1834 422 1875 rerum
441 1812 627 1900 capitalium
650 1810 876 1875 condemnatis
893 1834 901 1875 ε
919 1828 1073 1899 praterea
1090 1812 1149 1877 de·

96 1912 203 1993 cernit,
220 1915 273 1979 uti
285 1912 425 1977 consules
444 1912 600 1978 delectum
620 1912 779 1993 babeam
793 1914 954 1977 Arrtont'us
970 1936 1042 1977 cum
1057 1937 1150 1978 exer-

96 2011 152 2077 citu
171 2013 345 2079 Catilinam
358 2018 506 2102 persequi
520 2028 671 2095 maturet,
691 2013 799 2079 Cicero
819 2014 898 2079 Urbi
912 2015 1064 2103 proesidtb
1086 2018 1150 2081 sit:

97 2111 144 2194 qui
163 2114 317 2201 providus
340 2115 444 2179 futuri
463 2116 664 2202 provinciam
684 2115 836 2197 Galliam,
855 2133 987 2181 senatus
1007 2118 1151 2181 auctori·

98 2226 164 2295 tate,
184 2218 328 2281 exercitu
344 2233 376 2281 et
391 2218 528 2305 pecunia
547 2216 738 2281 instructam
757 2233 789 2281 et
808 2233 973 2299 ornatam,
995 2216 1087 2305 quod
1107 2218 1152 2282 ita

98 2312 267 2400 reipublicae
281 2316 431 2382 ferebant
447 2334 611 2406 tempora,
626 2318 660 2381 in
676 2318 853 2401 concione,
868 2319 945 2384 licet
957 2320 1152 2385 reclamante

99 2417 207 2502 populo
222 2442 379 2502 romano,
396 2419 602 2508 deposuerat.

133 2519 323 2587 LXXXVII.
340 2523 461 2603 Gallia,
478 2545 520 2587 ne
536 2521 679 2588 Catilinae
697 2538 839 2610 pateret,
857 2523 928 2610 ipso
944 2525 1083 2590 maxime
1099 2527 1153 2591 Ci-

100 2639 202 2686 cerone
218 2624 406 2705 annitente,
425 2624 466 2706 Q.
477 2623 610 2688 Metello
626 2624 748 2706 Celeri,
766 2625 873 2712 quiin
894 2625 1014 2691 Piceno
1028 2630 1150 2692 exerci-

100 2732 159 2784 tum
174 2723 330 2806 habebat,
347 2724 518 2790 commissa
536 2741 593 2790 est.
609 2724 740 2806 Cicero,
757 2726 813 2812 qui
828 2741 904 2791 ante
918 2727 1016 2792 etiam
1035 2744 1149 2793 contra

100 2819 225 2892 &utine
244 2825 413 2890 audaciam
430 2825 599 2890 clientium
617 2826 863 2915 amicorumque
881 2829 1037 2915 presidiis
1055 2827 1151 2894 dissi·

101 2924 246 2992 mulenter
258 2951 293 2993 se
310 2927 507 3009 muniverat,
525 2943 596 2992 tum
615 2950 694 2992 vero
707 2929 814 3016 palam
830 2928 1012 2993 custodiam
1028 2930 1151 2994 circum

101 3043 129 3086 se
138 3025 245 3094 habuit
259 3030 410 3117 equitum
428 3052 642 3094 romanorum
656 3031 796 3094 maxime
808 3053 817 3094 ε
829 3030 920 3117 quod
932 3053 1068 3106 nornen,
1081 3033 1151 3120 ipse

101 3133 226 3212 equestri
242 3155 361 3222 genere
378 3147 486 3212 ortus,
500 3132 546 3196 sic
558 3133 593 3195 in
607 3132 779 3196 consulatu
794 3131 948 3196 stabilivit
960 3133 1151 3220 extulitque,

102 3241 132 3288 ut
142 3229 178 3294 ab
191 3255 229 3297 eo
247 3251 395 3321 tempore
409 3234 548 3308 tertium,
559 3234 624 3298 hoc
639 3233 673 3296 in
688 3234 854 3322 republica
872 3257 991 3323 corpus
1004 3257 1081 3299 cum
1099 3259 1151 3300 se·
1224 3304 1227 3309 ,

102 3344 169 3394 nam
181 3335 371 3422 populoque
388 3357 525 3399 romano
541 3335 653 3399 haberi
667 3335 808 3423 coeperit.
825 3335 938 3417 Quum
952 3335 1038 3400 inter
1051 3337 1151 3402 heca

103 3423 158 3493 Str.
168 3432 310 3522 Sulpicio
325 3435 538 3524 competitore
554 3457 615 3500 suo
631 3437 667 3500 L.
678 3437 823 3500 Muraena
835 3437 950 3501 consul
965 3437 1152 3528 designatus

103 3523 211 3616 legibus
223 3536 365 3602 ambitus
377 3538 650 3626 interrogaretur,
664 3539 821 3602 Cicerone
834 3535 1031 3602 defendente
1042 3556 1092 3604 est
1101 3540 1154 3604 ab·

104 3629 233 3717 solutus,
257 3636 348 3725 quod
368 3661 466 3702 nemo
487 3636 636 3716 judicum
660 3638 723 3702 sibi
743 3637 784 3702 de
805 3638 931 3703 ambitu
951 3639 1152 3706 audiendum

104 3749 161 3796 0³⁸⁹
171 3753 314 3822 putaret,
330 3741 422 3828 quia,
439 3756 571 3830 gerente
582 3740 705 3805 bellum
720 3741 874 3823 Catilina,
888 3741 1033 3806 sciebant
1043 3741 1155 3807 lralen·

105 3826 144 3894 dis
153 3835 301 3914 januariis
319 3840 403 3906 duos
420 3842 455 3906 in
471 3841 636 3930 republica
654 3843 805 3908 consules
819 3866 889 3908 esse
900 3859 1063 3931 oportere.

132 3990 281 4055 stum.
293 4003 390 4052 Sallust.
402 4021 457 4070 cap.
468 4005 510 4060 34.
524 4033 559 4042 -
576 4004 592 4069 S
605 4008 748 4055 Lxxxvr.
765 4009 830 4056 Plut.
841 4036 877 4044 -
888 4008 947 4056 Dio.
960 4034 995 4045 -
1009 4009 1107 4058 Sallust.
1117 4037 1154 4048 -—

105 4075 147 4125 Cic.
159 4080 182 4129 iu
194 4085 275 4135 Pison.
292 4104 345 4154 cap.
364 4105 389 4137 a.
411 4117 445 4126 -
466 4088 483 4154 S
501 4089 657 4139 Lxxxvtt.
675 4091 727 4140 Cic.
743 4092 770 4138 in
788 4092 861 4141 Catil.
879 4095 918 4152 11,
934 4094 965 4144 Ξῖ
979 4094 1025 4151 Π,
1046 4111 1070 4154 7,
1084 4098 1154 4144 etad

107 4157 214 4228 sanun,
230 4186 350 4235 01...-
363 4171 473 4221 rtut.-
487 4172 545 4221 nio.
557 4197 592 4212 .-
605 4173 669 4224 sun.
683 4177 814 4234 mm,
824 4191 849 4225 2.
859 4175 1006 4241 -Qutnut
1016 4179 1101 4239 v1,1.
