2875 4900
285 386 357 457 6028
388 390 453 456 JO.
476 384 666 453 FREINS.
690 384 825 453 SUPP.
848 386 901 453 ΙΝ
925 385 1038 453 LOC.
1060 387 1155 455 LlB.
1175 390 1292 458 cvn.

286 510 432 575 hostium
448 522 550 573 castra
562 504 802 596 propemodum
817 529 918 572 vacua
932 507 1154 597 conspicatus,
1169 510 1259 597 quod
1271 512 1293 573 ii
1305 510 1340 573 sd

285 628 411 676 certum
427 606 722 675 communiendum
737 607 848 672 locum
862 607 978 673 milites
996 607 1189 690 eduxeraut3
1204 632 1341 698 parumn

286 711 444 802 capiendo
456 710 578 800 oppido
595 709 710 773 abfuit.
970 798 975 805 ¹

328 814 426 878 va.
443 814 528 877 Nam
541 809 636 874 celeri
657 807 871 896 impressione
887 810 950 873 tria
961 810 1108 875 hostium
1124 828 1228 877 cestra
1246 812 1341 901 cepit:

285 912 560 1003 prosequentibus
586 908 755 973 victoriam
780 932 837 999 spe
865 910 981 999 praedas
1003 912 1179 996 Romanis,
1205 914 1343 978 nonnulli

287 1038 401 1080 muros
416 1011 529 1103 oppidi
543 1008 815 1075 conscenderunt.
831 1010 895 1076 Sed
910 1028 1045 1100 propter
1057 1034 1220 1077 summam
1236 1013 1345 1101 iniqui-

286 1132 386 1195 tatem
399 1114 484 1189 loci,
502 1108 781 1201 quemadmodum
797 1112 903 1177 casas
916 1111 1124 1201 praeviderat,
1139 1114 1233 1178 facile
1247 1114 1344 1194 reiecti

286 1216 520 1281 detrimentum
531 1228 728 1301 acceperuut
741 1234 749 1276 :
761 1212 1010 1277 centurionibus
1021 1236 1077 1277 sex
1086 1229 1121 1278 et
1131 1214 1343 1304 quandraginta,

287 1314 601 1405 manipulariumque
611 1312 860 1402 promptissimis
868 1314 992 1379 arnissis
999 1316 1127 1379 circiter
1133 1317 1344 1406 septingentis.

288 1421 412 1498 Caesar,
426 1414 491 1479 hoc
508 1429 642 1503 accepto
659 1414 886 1498 incommodo,
904 1415 1129 1506 castigatisque
1144 1416 1345 1503 simulatque

286 1522 321 1583 in
339 1532 508 1607 posterum
525 1514 724 1579 confirmatis
742 1516 919 1598 militibus,
933 1516 968 1581 id
981 1533 1110 1581 tantum
1123 1534 1288 1599 moratus,
1299 1516 1346 1580 do

288 1642 349 1685 nec
370 1618 497 1682 timoris
515 1618 706 1706 opinionem
726 1618 915 1706 repelleret,
935 1620 1096 1683 instructa
1119 1620 1208 1702 acie,
1232 1620 1344 1709 copiam

288 1718 458 1811 pugnandi
474 1719 625 1784 hostibus
642 1741 702 1808 per
718 1718 865 1785 triduum
879 1720 967 1785 fecit.
983 1720 1110 1785 Deinde
1124 1744 1232 1809 quum
1245 1746 1264 1785 a
1278 1721 1345 1783 Ver·

288 1823 488 1912 cingetorige
512 1836 640 1885 tantum
664 1820 827 1908 equitatus
849 1821 1011 1905 emissus,
1040 1822 1134 1910 isque
1157 1822 1226 1887 leri
1250 1821 1345 1910 praelio

289 1924 407 1989 iterum
429 1922 578 2011 repulsus
599 1936 699 2003 esset,
724 1921 1002 2009 quemadmodum
1025 1924 1258 2007 constituerat,
1273 1922 1346 1987 obsi·

290 2023 390 2087 dione
410 2023 537 2103 relicta,
556 2021 792 2111 profectionem
810 2023 845 2086 in
865 2022 992 2088 AEduos
1008 2024 1160 2089 instituit

334 2126 447 2189 LXVI.
469 2125 582 2206 Quum
602 2121 643 2187 ad
659 2122 781 2187 flumen
802 2124 918 2189 Elaver
929 2126 1089 2207 venisset,
1104 2125 1306 2214 Eporedorix
1321 2140 1345 2186 et

290 2224 515 2289 Viridomarus
529 2238 748 2287 commeatum
762 2241 900 2312 petunt:
914 2224 1150 2316 intelligerem,
1169 2228 1221 2291 ad
1230 2248 1347 2290 commo

291 2324 424 2391 vendam
443 2327 603 2389 civitatem
626 2324 801 2389 Ldavrcum
817 2348 889 2389 cum
910 2328 999 2390 omni
1017 2328 1161 2415 equitatu
1181 2332 1217 2391 in
1238 2326 1347 2392 AEduos

285 2424 489 2516 proflatum
512 2449 590 2516 opus
610 2449 673 2490 esse
694 2449 752 2491 sua
767 2428 958 2516 proeserm'a,
980 2441 1019 2492 ut
1041 2431 1074 2492 in
1081 2425 1161 2517 fide
1181 2432 1349 2494 conticeant

290 2531 379 2592 cives.
398 2529 446 2592 lta
463 2526 601 2609 dimissi,
618 2541 792 2616 postquam
803 2529 1039 2594 Noviodunum
1052 2547 1238 2615 venerunt,
1253 2531 1292 2596 ad
1304 2530 1348 2593 Li·

293 2628 395 2718 gerim
407 2627 551 2717 positum
564 2627 666 2693 AEdui
676 2630 818 2694 nominis
829 2630 1006 2719 oppidum,
1017 2648 1128 2721 aperte
1139 2631 1347 2708 desciverunt,

293 2730 418 2796 nuntiis
427 2752 564 2794 suorum
575 2744 609 2794 ct
619 2747 776 2819 praesente
788 2731 895 2820 proeda
907 2733 1041 2797 incitati.
1054 2734 1189 2823 Quippe
1200 2732 1350 2800 Noviodu-

293 2855 374 2896 num
393 2833 499 2894 Ctesar
515 2830 644 2896 obsides
663 2855 682 2896 e
705 2845 772 2896 tota
791 2833 911 2914 Gallia,
932 2833 1152 2915 frumentum,
1167 2835 1348 2923 pecuniam,

292 2931 602 3022 impedimentorum
618 2949 760 3021 partem,
773 2949 807 2997 ct
821 2949 989 3023 coemptos
1005 2935 1039 2999 in
1054 2936 1144 2999 Italia
1158 2959 1199 3001 ac
1211 2934 1349 3025 Hispania

294 3055 397 3123 equos
424 3033 615 3098 contulerat.
642 3035 746 3123 lgitur
769 3051 959 3123 comperto,
985 3036 1165 3100 Litavicum
1196 3039 1348 3112 Bibracte,

293 3136 461 3224 praecipuae
477 3135 631 3222 potentiae
647 3134 787 3223 oppido,
808 3152 996 3226 receptum,
1017 3155 1049 3202 et
1071 3139 1237 3228 principes
1257 3137 1349 3204 civita·

293 3235 334 3298 tis
350 3234 392 3298 ad
413 3235 505 3299 illum
524 3235 666 3317 venisse,
684 3236 816 3324 publico
834 3237 968 3303 nomine
984 3238 1108 3328 legatos
1123 3239 1165 3304 ad
1186 3241 1348 3325 Vercinge-

293 3335 430 3424 torigem
448 3335 547 3416 mitti3
563 3337 761 3426 occisisque,
775 3337 831 3424 qui
847 3337 1038 3402 Novioduni
1058 3357 1171 3420 erant,
1188 3337 1349 3411 Romanis,

295 3457 397 3522 equos
414 3451 448 3498 ct
464 3437 638 3523 pecuniam
658 3437 744 3501 inter
765 3460 799 3501 se
820 3437 989 3521 dividunt,
1006 3441 1136 3506 obsides
1153 3437 1349 3506 deducendos

295 3532 442 3598 Bibracte
467 3552 603 3618 curant,
630 3538 788 3625 oppidum
813 3539 1015 3623 incendunt,
1046 3560 1248 3607 commeatus
1273 3534 1350 3628 quod

294 3650 456 3723 asportare
480 3658 546 3699 non
570 3653 741 3725 poterant,
770 3639 946 3705 indumen
969 3643 1156 3731 projiciunt.
1182 3645 1294 3727 Quum
1316 3639 1350 3700 ita

295 3757 392 3800 omne
415 3756 537 3797 nornen
561 3735 709 3802 AEduum
737 3740 923 3824 defecisset,
948 3766 1083 3832 prorsus
1106 3743 1349 3833 redintegratum

295 3836 415 3901 bellurn
439 3835 626 3920 videbatur,
654 3841 745 3928 quod
773 3844 923 3909 victorias
951 3845 1085 3912 Caesaris
1113 3863 1146 3912 et
1170 3845 1350 3911 detrimenta

296 3937 482 4018 Gallorum,
499 3937 549 4002 his
565 3937 716 4020 adjuncta
736 3944 982 4032 opulentissima
998 3946 1108 4012 civitas
1123 3945 1212 4010 haud
1228 3939 1351 4009 difficul-

297 4053 345 4099 ter
361 4038 557 4126 adaequabat.
