2875 4900
269 383 314 470 54
439 389 508 455 JO.
535 389 877 458 FREINSHEMII
910 390 1153 457 SUPPLEM.

267 508 412 596 «legatus
428 509 571 590 torserit,
590 530 703 572 omnes
717 509 837 572 scimus
852 533 860 573 t
877 525 909 572 et
924 510 1089 596 quamvis,
1107 531 1172 597 qua
1188 527 1237 574 est
1248 527 1335 574 astu·

267 608 349 689 «tia,
367 610 448 672 mire
468 589 687 672 inndcentiam
707 610 890 691 simularet,
908 611 1042 674 mimme
1059 612 1219 698 persuasit
1233 635 1333 700 repu-

264 709 451 792 «rantibus,
475 709 577 796 qualis
596 711 630 772 in
649 710 690 792 Q.
703 711 873 774 Metellum
890 711 1016 775 luisset.
1034 712 1151 799 Neque
1174 713 1262 776 enim
1284 729 1335 776 est

267 809 559 898 «exspectandum,
572 827 627 891 ut,
640 812 697 898 qui
704 811 816 891 junior
824 833 954 892 senem,
967 813 1137 900 praetorius
1148 811 1333 894 consulem,

265 913 411 1000 «legatus
429 913 657 999 imperatorem
676 929 806 976 nonest
821 913 996 990 reveritus,
1009 912 1036 976 is
1055 913 1207 998 cuiquam
1219 913 1332 993 juveni

267 1035 387 1076 «senex
403 1027 435 1075 et
450 1013 552 1077 sexies
569 1014 684 1076 consul
702 1012 868 1076 concedat.

311 1113 497 1177 XXXVIII.
522 1115 617 1178 «Hoc
642 1113 773 1203 ingenio
795 1114 902 1176 virum
928 1113 1019 1201 apud
1045 1115 1158 1178 hostes
1183 1129 1332 1194 nostros,

267 1243 279 1266 ιι
290 1234 390 1299 quam
413 1212 585 1276 nobiscum
607 1235 695 1295 esse,
721 1215 817 1304 longe
840 1215 968 1297 malim3
991 1214 1072 1280 adeo
1094 1215 1176 1278 nihil
1198 1237 1335 1279 moveor

266 1313 375 1376 «curis
405 1314 642 1394 metuentium,
672 1337 714 1378 ne
740 1315 782 1380 ad
809 1331 915 1403 partes
943 1317 1149 1404 optimatium
1181 1331 1334 1380 transeat.

267 1412 449 1477 «Transeat
463 1435 556 1492 vero,
575 1430 609 1477 et
625 1415 669 1479 ibi
685 1417 797 1503 potius
812 1417 946 1480 consilia
962 1418 1091 1499 turbet,
1112 1418 1335 1482 aemulatioues

266 1546 279 1570 ι
290 1529 451 1594 exerceat,
466 1530 657 1580 ceterorum
671 1533 807 1582 conatus
820 1518 999 1582 ambitione
1012 1535 1045 1581 et
1057 1517 1216 1582 discordia
1230 1539 1336 1580 more·

265 1647 278 1670 ι
288 1615 357 1680 tur'!
371 1618 415 1680 At
425 1637 502 1680 vero
516 1639 671 1706 magnum
683 1618 778 1682 nobis
794 1617 981 1706 praesidium
997 1617 1223 1706 detrahemus,
1234 1617 1337 1682 idem·

266 1740 355 1804 uque
370 1715 556 1796 adjiciemus
574 1717 772 1782 adversariis.
791 1721 861 1808 Ego
875 1742 952 1784 vero
971 1732 1039 1782 bon
1056 1718 1168 1800 video,
1186 1719 1266 1805 quid
1281 1719 1335 1784 his

266 1817 387 1880 arebus
412 1817 528 1880 afferre
550 1819 708 1882 momenti
733 1836 855 1906 queant
876 1819 1060 1908 decrepitus
1082 1821 1276 1908 imperator,
1301 1838 1336 1886 et

265 1918 458 2006 «piscatoria
474 1919 616 2007 navigia,
632 1937 666 1983 et
681 1920 865 2009 manipulus
880 1939 1047 2011 pastorum
1062 1945 1139 1986 cum
1153 1923 1335 2012 agrestibus
1355 1976 1357 1985 .

267 2021 396 2084 «armis.
411 2021 469 2084 Ille
483 2042 559 2084 sane
572 2021 705 2084 classem
720 2038 754 2084 et
765 2024 944 2087 exercitum
956 2040 1067 2104 vocet,
1085 2045 1147 2087 nos
1165 2024 1334 2087 collectam

266 2143 328 2186 «ex
344 2122 427 2210 agris
444 2138 477 2185 et
492 2121 659 2209 ergastulis
677 2123 921 2187 multitudinem
935 2146 1005 2188 esse
1019 2124 1239 2212 comperimus
1255 2146 1263 2189 ε
1281 2147 1336 2188 cu·

268 2253 279 2276 ι
287 2222 340 2302 jus
354 2222 479 2312 generis
493 2245 580 2286 arma
598 2223 777 2287 consociari
794 2224 931 2305 nostris,
948 2226 974 2288 si
992 2247 1052 2288 nos
1067 2225 1134 2312 pati
1151 2225 1335 2313 possimus,

269 2323 410 2386 «milites
426 2345 493 2388 non
509 2323 632 2406 ferent,
647 2340 813 2412 quotquot
826 2341 903 2388 sunt
922 2325 1048 2390 romani
1067 2325 1208 2390 nominis
1226 2342 1261 2388 et
1282 2349 1335 2390 sa·

269 2426 447 2489 aeramenti
466 2446 635 2489 memores.

313 2528 466 2591 XXXIX.
482 2528 588 2591 «Sane
599 2529 750 2591 extremis
763 2528 965 2616 temporibus
975 2550 1084 2593 servos
1095 2528 1213 2591 armari
1224 2546 1338 2591 neces·

268 2657 279 2681 ιι
291 2628 366 2691 sitas
382 2627 545 2708 defendit,
560 2627 616 2692 sed
630 2628 688 2691 ubi
701 2628 771 2691 baec
784 2628 881 2709 abiit,
896 2629 1178 2715 honestorumque
1193 2627 1336 2691 militum

269 2746 341 2791 nest
363 2730 474 2817 copia,
500 2752 597 2793 nemo
621 2728 765 2817 prudens
789 2729 853 2793 boc
877 2728 1019 2793 dedecus
1042 2729 1124 2791 ultra
1149 2727 1335 2791 sustinebit.

269 2831 449 2895 “Hostibus
467 2831 576 2919 potius
593 2832 677 2893 hanc
698 2845 849 2917 optemus
868 2828 1051 2910 infamiam,
1072 2844 1110 2891 ut
1123 2828 1248 2892 uiribus
1266 2830 1338 2892 suis

268 2963 279 2985 ι
290 2948 440 3019 ereptum
452 2932 498 2995 ire
512 2931 663 3019 suffragia
678 2946 711 2993 et
722 2929 825 2993 tribus
837 2931 942 2993 servili
956 2952 1056 2993 manu
1069 2927 1221 2993 dieantur
1232 2952 1240 2993 :
1253 2929 1338 2993 nihil

267 3055 381 3119 «aeque
398 3032 549 3097 retinebit
562 3032 595 3095 in
610 3032 757 3119 partibus
770 3054 843 3110 eos,
860 3032 916 3118 qui
927 3032 993 3111 fiam
1008 3032 1178 3094 coiverunt
1192 3028 1340 3111 adcom-

269 3156 426 3197 «munem
450 3156 601 3213 causam,
626 3148 658 3195 et
683 3132 868 3197 dubitantes
890 3132 1070 3221 explicabit.
1091 3134 1253 3195 Caeterum
1273 3154 1338 3220 ego

268 3233 364 3320 ‹iplus
380 3233 497 3315 timeo,
513 3250 551 3297 ut
566 3234 616 3297 vel
631 3234 686 3297 hic
699 3232 851 3298 accedere
866 3234 984 3297 nostris
1002 3233 1206 3309 adversariIs,
1220 3234 1271 3296 vel
1290 3233 1338 3298 illi

269 3334 381 3397 «hunc
397 3336 539 3422 recipere
555 3336 665 3399 velint.
681 3335 777 3415 Odit,
796 3334 939 3422 odioque
960 3352 1008 3399 est
1029 3335 1208 3414 nobilitati3
1228 3356 1340 3421 neque

269 3464 281 3487 ιι
292 3448 383 3498 tanto
393 3436 549 3523 temporis
563 3450 684 3515 tractu,
695 3450 867 3522 postquam
879 3435 932 3501 ille
943 3437 1044 3499 semel
1054 3436 1187 3499 accessit
1197 3434 1239 3498 ad
1252 3457 1341 3498 rem-

269 3534 476 3622 «publicam,
502 3536 568 3599 ulla
590 3535 717 3601 occasio
744 3534 912 3623 premendi
933 3536 1073 3601 invicem
1099 3533 1341 3622 sugillandique

269 3636 503 3723 “praetermissa
530 3650 587 3699 est.
609 3634 755 3722 Ideoque
780 3659 901 3723 nuper,
933 3660 1037 3724 quum
1058 3635 1099 3700 de
1125 3659 1165 3699 eo
1194 3638 1229 3699 L.
1248 3636 1341 3701 Sulla

270 3736 409 3799 «consul
434 3735 475 3799 ad
498 3752 646 3799 senatum
671 3738 851 3818 retulisset,
876 3755 993 3825 praeter
1016 3761 1122 3801 unum
1147 3737 1339 3820 bominem,

271 3833 506 3899 nadolescentis
527 3837 618 3901 Marii
643 3860 809 3918 socerum,
826 3860 924 3903 nemo
937 3841 1069 3903 Petrum
1083 3840 1162 3920 fuit,
1178 3838 1271 3919 cujus
1284 3841 1341 3904 ille

269 3938 451 4003 «sententia
467 3938 569 4003 bostis
588 3962 653 4003 non
668 3937 877 4017 judicaretur.

315 4040 382 4104 XL.
405 4040 512 4122 «Quis
536 4038 660 4119 credat,
677 4040 803 4103 tantillo
824 4057 972 4127 tempore
994 4062 1127 4103 sensum
1147 4054 1246 4126 atque
1268 4062 1340 4103 me·

270 4141 426 4203 «moriam
453 4156 546 4205 tantae
568 4140 695 4219 injuriae
716 4138 862 4203 excidere
888 4139 1003 4203 animis
1027 4140 1189 4227 potuisse,
1214 4156 1252 4204 ut
1275 4141 1340 4205 fida
