2875 4900
247 347 293 430 24
419 345 858 416 JO.FREINSHEM11
889 343 1138 413 SUPPLEM.

243 483 392 548 tenente,
408 488 559 557 praecone
578 482 707 532 tantum
726 466 770 532 ad
791 467 910 532 moenia
928 466 1047 550 misso,
1062 466 1098 530 in
1115 464 1317 532 deditionem

242 569 378 657 accepit.

284 669 329 735 11.
352 668 566 734 Laodicenses
584 670 693 752 enim,
713 669 825 735 ollerri
848 669 912 736 sibi
934 669 1064 734 veniam
1083 669 1276 750 audientes,
1289 673 1318 735 si

240 789 414 839 romanum
428 771 548 836 ducem
563 771 790 853 tradidissent,
804 773 885 838 nihil
898 772 1060 855 cunctati,
1074 771 1215 838 dimissis
1230 796 1318 838 mer·

239 873 396 956 cenariis,
418 872 460 957 Q.
479 873 623 964 Oppium
646 874 925 962 comprehensum
946 873 989 938 ad
1016 872 1239 940 Mitluidatem
1260 873 1319 940 ad·

239 975 424 1056 duxerunt3
444 973 589 1040 ludibrio
611 974 747 1057 addito,
770 992 810 1039 ut
827 976 957 1040 lictores
980 997 1058 1040 eum
1078 997 1155 1040 cum
1175 976 1318 1040 fascibus

239 1075 469 1165 praecederent.
482 1077 524 1141 Et
537 1078 628 1142 hunc
641 1076 778 1165 quidem
793 1099 850 1141 rea
868 1093 982 1141 caetera
993 1076 1149 1159 illaesum,
1167 1077 1319 1141 viuculo·

238 1199 380 1264 rumque
392 1175 597 1259 immunem,
614 1199 827 1267 quocumque
843 1194 1012 1270 pergeret,
1031 1177 1318 1260 circumducebat,

238 1277 469 1366 proconsulem
483 1300 657 1343 romanum
671 1302 690 1343 a
705 1301 741 1344 se
754 1295 887 1370 capmm
899 1278 1084 1345 civitatibus
1097 1278 1319 1370 gentibusque

239 1378 345 1443 obiter
365 1395 542 1446 ostentans.
560 1379 624 1446 Sed
641 1381 675 1446 in
693 1381 749 1446 Μ’.
763 1381 942 1470 Aquillium
953 1428 964 1464 ,
977 1396 1152 1470 postquam
1167 1396 1201 1444 et
1216 1381 1269 1446 ille
1281 1383 1316 1445 in

239 1503 355 1544 manus
373 1482 441 1562 ejus
462 1479 595 1558 incidit,
617 1483 719 1546 multa
740 1483 914 1570 asperitate
938 1505 1018 1546 usus
1034 1498 1084 1546 est
1096 1508 1106 1566 3
1120 1481 1212 1571 quod
1233 1482 1261 1546 is
1282 1500 1317 1548 et

238 1582 407 1672 legationis
420 1581 580 1664 'asiaticae,
604 1600 637 1649 et
658 1584 736 1648 belli
760 1599 874 1650 contra
890 1584 1045 1666 Ponticos
1063 1569 1215 1663 sumendi
1232 1606 1316 1672 prte-

239 1685 356 1773 cipuus
373 1700 490 1749 auctor
506 1685 692 1750 exstitisset.

281 1785 341 1851 Ill.
355 1787 453 1852 Hunc
467 1785 633 1874 Mitylenis
642 1809 682 1850 ex
695 1785 890 1875 egritudine
904 1784 1159 1852 decumbentem
1168 1833 1178 1868 ,
1187 1785 1316 1868 Lesbii,

237 1887 411 1952 maximam
422 1911 441 1952 a
453 1886 642 1952 Mithridate
661 1886 776 1951 inituri
794 1889 949 1976 gratiam,
965 1888 992 1952 si
1004 1889 1116 1952 vivum
1129 1887 1316 1969 traderent,

235 1987 481 2054 robustissimos
499 1989 660 2070 juvenum
679 1989 859 2071 miserunt,
875 2013 893 2054 a
916 1989 1038 2078 quibus
1056 1991 1315 2080 comprehensus

236 2105 334 2178 atque
349 2092 478 2156 rinctus
496 2107 556 2155 est.
575 2089 637 2154 Alii
653 2113 789 2178 quoque
804 2093 1030 2155 Romanorum
1045 2091 1158 2156 eedem
1178 2090 1314 2180 perfidia

236 2193 378 2280 correpti
391 2217 400 2272 ς
418 2190 480 2256 nisi
500 2189 591 2279 quod
611 2213 698 2255 unus
714 2191 904 2258 adolescens
919 2192 1071 2256 hostilem
1087 2193 1242 2257 saevitiam
1254 2217 1315 2257 vo·

237 2294 376 2360 luntaria
390 2309 495 2358 morte
509 2293 692 2359 antevertit.
708 2294 786 2376 Quo
799 2293 901 2384 magis
913 2293 1044 2359 crimini
1053 2294 1166 2359 Manio
1178 2293 1313 2376 datum,

236 2393 328 2484 quod
350 2395 399 2463 vir
419 2395 625 2487 triumphalis
647 2411 681 2461 et
703 2417 819 2480 senex,
840 2396 914 2462 vitae
931 2394 1095 2462 desiderio
1112 2396 1236 2477 victus,
1256 2419 1314 2461 ex-

236 2514 349 2563 tremae
362 2497 526 2563 servitutis
538 2499 621 2562 mala
635 2498 802 2587 perferret.
813 2500 882 2562 Rex
896 2497 985 2562 enim
999 2496 1138 2561 vinculis
1149 2513 1183 2561 et
1195 2496 1313 2562 verbe-

235 2598 327 2663 ribus
341 2613 439 2689 atque
451 2599 542 2663 omni
557 2600 716 2689 supplicio
733 2600 955 2665 excruciatum
969 2600 1061 2664 asino
1076 2600 1233 2663 miserum
1248 2600 1313 2663 im-

234 2701 365 2791 posuit;
387 2723 566 2790 secumque
581 2701 706 2767 ducens
725 2703 757 2767 in
779 2703 909 2793 agmine
931 2700 1090 2785 subinde,
1111 2703 1263 2767 Mantum
1281 2727 1314 2767 se

236 2826 316 2884 esse,
334 2803 535 2891 proclamare
549 2806 672 2893 coegit;
688 2803 796 2869 donec
809 2806 843 2869 in
857 2826 1087 2893 pergamenam
1102 2805 1219 2870 urbem
1235 2827 1314 2871 ven·

237 2920 308 2969 tum
322 2920 391 2969 est:
406 2903 469 2981 ibi,
484 2920 523 2968 ut
535 2904 598 2993 ipsi
611 2928 679 2969 non
693 2904 814 2987 modo,
827 2905 885 2970 sed
898 2906 997 2969 etiam
1013 2906 1167 2972 universo
1182 2907 1312 2971 nomini

235 3026 373 3069 romano
398 3004 608 3094 exprobraret
634 3006 819 3088 avaritiam,
835 3029 953 3070 aurum
976 3006 1188 3094 liquefactum
1215 3007 1251 3073 in
1274 3031 1314 3073 os

236 3106 306 3186 ejus
324 3105 455 3171 inludit.

279 3208 335 3281 IV„
360 3208 460 3287 Inde,
485 3208 644 3299 praelectis
667 3210 792 3298 ubique
809 3212 991 3300 impositis,
1011 3212 1191 3299 Mitylenen
1209 3210 1311 3277 adiit:

237 3332 314 3374 mox
327 3310 361 3373 in
371 3309 498 3373 Ioniam
511 3334 616 3400 usque
624 3313 796 3402 processit,
804 3312 1034 3402 acMagnesiae,
1042 3312 1162 3378 deinde
1174 3312 1311 3401 Ephesi,

235 3428 400 3502 gratanter
418 3430 571 3503 exceptus
592 3430 651 3479 est.
670 3414 803 3502 Ephesii
823 3436 928 3502 quum
945 3415 1015 3480 aliis
1035 3414 1134 3479 rebus
1154 3414 1312 3480 omnibus

236 3514 352 3579 eximia
374 3514 409 3577 in
433 3536 542 3605 regem
561 3514 668 3581 studia
685 3514 908 3600 declararunt,
925 3533 998 3580 tum
1024 3518 1122 3581 etiam
1141 3517 1312 3583 Romano·

236 3636 321 3701 rum,
332 3638 412 3705 quas
424 3618 458 3681 in
468 3618 551 3683 urbe
563 3642 621 3682 sua
630 3617 877 3701 collocaverant,
886 3634 1006 3682 statuas
1020 3634 1225 3683 everterunt:
1242 3641 1312 3706 quo

235 3720 368 3783 nomine
383 3740 452 3792 nnn
470 3720 513 3783 ita
533 3720 638 3785 multo
657 3736 732 3808 post
750 3718 865 3784 acerbe
880 3721 1026 3785 mulctati
1044 3736 1131 3784 sunt.
1151 3720 1200 3783 Ex
1217 3720 1311 3785 Ionia

266 3940 282 4005 s
296 3944 329 3991 11.
343 3942 396 3991 tn'v.
411 3940 480 4007 Epit.
497 3964 532 3979 -
544 3940 654 4008 Appian.
669 3969 704 3979 -
718 3940 735 4008 S
750 3946 797 3991 111.
811 3944 863 3992 Liv.
876 3945 943 4009 Epit.
959 3972 995 3981 -
1004 3944 1059 3992 vat.
1073 3944 1142 3992 Max.
1155 3944 1206 3999 lx,
1221 3944 1262 3992 13.
1275 3970 1309 3979 --

232 4026 343 4092 Appiau.
355 4053 390 4064 -
405 4024 509 4075 Diodor.
525 4025 591 4091 apud
607 4026 688 4075 Voles.
701 4027 809 4076 -Velt
824 4031 863 4090 ll,
880 4028 920 4076 rs.
936 4056 971 4067 —
983 4028 1039 4077 Cic.
1054 4046 1101 4094 pro
1118 4031 1202 4079 scam.
1219 4040 1245 4098 qt
1261 4044 1310 4095 pro

232 4108 279 4174 leg.
288 4110 374 4157 Manil.
384 4126 438 4173 cap.
450 4110 474 4156 5.
486 4138 519 4147 -
529 4109 592 4159 nltn.
603 4112 735 4171 xxxm,
749 4114 773 4159 3.
