2875 4900
287 392 355 466 382
381 396 446 463 JO.
469 391 659 461 FREINS.
680 394 814 461 SUPP.
837 393 890 461 ΙΝ
915 394 1028 460 LOC.
1051 392 1146 460 LlB.
1167 392 1301 460 XCIX.

285 518 346 581 lius
362 514 453 579 arieti
474 512 620 595 cederet,
637 512 803 576 continuis
817 511 944 600 aliquot
960 511 1111 576 noctibus
1126 528 1217 577 aceto
1235 511 1345 601 perfu-

286 617 411 681 derant.
422 616 562 679 Pecunia
576 614 630 677 bic
643 615 814 701 imperata,
826 614 957 701 Lappan
969 614 1077 702 petiit,
1093 613 1151 677 ubi
1163 636 1196 677 se
1213 614 1250 677 L.
1260 615 1347 677 Octa·

287 719 358 781 vius
373 719 557 782 incluserat.
568 715 736 794 Metellus,
750 736 825 777 euru
841 715 924 778 nihil
938 731 1101 797 moratus,
1114 715 1146 777 vi
1159 715 1351 804 expugnavit

286 819 414 898 locum,
432 818 631 903 Octavioque
647 838 716 877 non
734 816 804 879 siue
823 816 952 904 probris
975 816 1124 899 dimisso,
1142 840 1226 903 quos
1242 840 1349 881 secum

193 918 197 935 '
258 998 266 1009 ·
288 920 447 984 habuerat
462 918 575 982 Cilicas
591 916 632 981 ad
653 940 759 980 unum
778 939 891 982 omnes
909 914 1082 983 interfecit.
1101 920 1172 982 Hoc
1189 919 1351 1007 aegerrime

289 1022 396 1085 ferens
411 1020 582 1101 Octavius,
598 1020 771 1106 assumptis
783 1019 927 1083 Sisennae
942 1020 1062 1109 copiis,
1079 1044 1153 1085 nam
1170 1021 1224 1083 ille
1238 1021 1350 1085 morbo

289 1120 490 1200 decesserat,
514 1120 670 1183 auxilium
694 1119 890 1206 quibusdam
913 1123 1118 1186 Cretensium
1142 1122 1241 1187 tulit:
1263 1144 1351 1185 revo-

289 1223 366 1285 catis
387 1219 504 1285 deinde
527 1220 609 1302 illis,
626 1221 781 1285 Aristioni
798 1244 833 1285 se
853 1223 1039 1304 conjunxit,
1058 1222 1270 1312 Hieropydua
1285 1247 1351 1287 mu·

289 1324 396 1386 nitum
416 1320 576 1411 oppidum
597 1323 738 1404 tenenti,
762 1323 854 1412 quod
874 1324 1022 1413 Cydonia
1045 1324 1227 1407 decedens,
1252 1328 1351 1401 victo,

289 1424 346 1511 qui
363 1446 397 1487 se
414 1424 592 1505 objecerat,
610 1424 645 1489 L.
656 1426 769 1507 Basso,
786 1448 892 1513 nuper
908 1441 1045 1514 ceperat.

332 1527 367 1591 L.
385 1524 447 1589 Sed
463 1523 523 1589 ubi
538 1525 688 1589 Metellus
712 1524 858 1607 advenit,
875 1527 994 1591 relictis
1011 1527 1241 1608 munimentis,
1258 1526 1349 1591 ambo

290 1648 324 1691 se
337 1626 545 1706 conjecerunt
561 1626 594 1689 in
612 1648 729 1691 naves:
745 1626 791 1690 ibi
807 1627 841 1692 iu
858 1627 960 1690 altum
978 1644 1106 1691 evectos
1123 1644 1217 1691 atrox
1231 1644 1350 1714 tempe·

290 1744 354 1791 stas
370 1728 506 1817 impegit
521 1727 688 1809 litoribus,
704 1728 864 1815 multique
877 1730 1039 1794 navalium
1051 1730 1217 1794 sociorum
1231 1732 1352 1793 naufra-

290 1830 344 1919 gio
361 1828 531 1893 desiderati
543 1844 631 1892 sunt.
647 1831 696 1893 De
714 1829 765 1892 his
779 1830 877 1893 rebus
893 1832 1043 1895 aculeatis
1059 1832 1198 1895 invicem
1215 1829 1350 1920 epistolis

289 1931 498 2019 imperatores
513 1929 580 1993 duo
594 1930 801 2017 scripserunt.
814 1932 963 1996 Metellus
976 1933 1089 1997 datum
1101 1949 1248 1998 asenam
1256 1955 1351 2023 popu·

290 2032 383 2121 loque
394 2054 527 2097 romano
541 2034 718 2121 imperitus,
732 2032 930 2121 gloriamque
941 2057 1044 2099 rerum
1055 2034 1271 2121 gerendorum
1283 2034 1354 2121 en'pi

289 2136 349 2199 sibi
356 2158 378 2197 a
387 2136 551 2222 Pompeio,
564 2148 784 2222 gestantemque
788 2138 923 2223 precum
934 2136 1144 2222 querebatur,
1155 2138 1214 2223 qui
1222 2135 1271 2198 ad
1277 2135 1352 2197 acci·

283 2236 418 2326 pt'endas
441 2236 564 2299 urbium
587 2235 759 2298 deditiones
782 2236 921 2322 legatwn
945 2240 979 2300 in
1001 2240 1140 2301 alienam
1154 2240 1350 2325 provinciam

289 2339 426 2401 tttt'st'sset.
437 2336 612 2424 Pompeius
626 2336 662 2399 id
670 2360 692 2398 a
703 2360 734 2399 se
746 2339 803 2400 rite
815 2352 910 2426 atque
918 2337 1162 2427 ordtitesactum
1175 2340 1350 2405 asserebat:

291 2439 465 2503 universam
484 2440 566 2502 entis
586 2437 739 2518 insulam,
758 2462 856 2526 quum
877 2440 970 2504 nulla
982 2464 1061 2529 pars
1077 2440 1144 2531 eJ'us
1156 2438 1350 2530 praefinitum

290 2540 429 2605 Gabinia
442 2539 509 2629 lege
524 2540 652 2604 modum
666 2540 811 2622 escedas,
825 2541 872 2604 ad
885 2564 975 2605 suam
988 2565 1100 2605 cetram
1110 2545 1268 2631 pertinere
1273 2569 1287 2623 ;
1300 2565 1350 2604 net
1399 2628 1400 2633 η

290 2639 400 2731 officio
411 2665 443 2706 se
455 2641 650 2731 diffusarum.
665 2641 729 2707 Sed
741 2643 810 2706 hrec
820 2659 1000 2731 utcumque
1015 2645 1158 2733 speciose
1171 2644 1277 2727 dicta,
1288 2667 1348 2708 uon
1399 2688 1400 2699 .

290 2744 442 2832 tegebant
453 2743 583 2831 penitus
596 2743 726 2808 insitam
739 2744 850 2808 animo
863 2745 1093 2827 ambitionem,
1107 2762 1144 2808 ut
1155 2769 1268 2836 neque
1279 2747 1351 2809 ami·

291 2846 425 2910 cissimis
447 2845 515 2926 ejus
532 2844 768 2933 probarentur,
785 2845 908 2911 nedum
927 2863 964 2910 ut
981 2846 1022 2911 ab
1037 2849 1187 2912 instituto
1204 2869 1350 2914 revocare

290 2947 458 3012 Metellum
475 2964 618 3035 possent.

321 3119 338 3184 5
351 3121 378 3168 L.
389 3120 441 3169 Liv.
456 3121 521 3186 Epit.
536 3149 571 3158 -
587 3121 710 3170 Plutarch.
