2875 4900
329 370 394 457 164
497 374 563 440 lO.
591 370 929 439 FREINSHEMII
957 365 1209 444 suppum..

322 493 471 557 violentia
484 491 731 570 inhorrescunt,
752 488 879 568 Asiam,
901 488 1012 553 denno
1025 488 1211 553 Mithridate
1232 488 1364 568 initam,

323 594 358 657 L.
371 592 515 657 Muraena
530 589 703 654 concussit.

367 693 439 756 Vll.
462 694 494 755 Is
514 690 644 755 relictus
665 710 685 751 a
705 689 794 753 Sulla
818 712 896 753 cum
922 688 1099 754 limbrianis
1121 688 1314 779 legionibus,
1334 705 1367 750 ut

320 792 430 858 Asiam
441 790 621 870 ordinaret,
640 790 797 877 triumphi
810 788 1004 877 cupiditate,
1018 789 1095 855 belli
1111 789 1251 853 novandi
1264 811 1366 853 causas

321 891 608 979 circumspiciebat.
623 889 843 970 Mithridates,
857 891 892 953 in
904 891 1044 978 patrium
1060 913 1198 979 regnum
1212 912 1367 968 reversus,

319 992 440 1056 bellum
455 990 585 1054 Colchis
600 1006 696 1077 atque
711 990 905 1077 Bosporanis
917 990 1068 1072 faciebat,
1085 992 1142 1079 qui
1157 990 1285 1054 romani
1297 991 1368 1053 belli

320 1110 465 1180 tempore
488 1091 529 1155 ab
554 1090 689 1179 imperio
712 1090 780 1170 ejus
806 1089 999 1155 defecerant.
1021 1091 1137 1155 Colchi
1156 1090 1368 1155 Mithridatem

319 1190 422 1255 filium
437 1191 539 1278 regis,
558 1212 651 1273 eum,
670 1192 762 1271 cujus
780 1190 933 1257 adversus
947 1192 1123 1257 Fimbriam
1139 1193 1304 1279 pmclara,
1324 1208 1368 1255 ta-

319 1290 413 1354 metsi
437 1288 562 1371 infelix,
586 1312 684 1377 opem
706 1290 830 1372 Inerat,
852 1314 961 1381 regern
983 1292 1222 1381 deposcebant,
1243 1293 1370 1381 votique

317 1408 485 1481 compotes
496 1393 587 1474 facti,
602 1392 708 1457 statim
720 1416 809 1457 arma
820 1393 1045 1482 deposuerant.
1059 1395 1146 1483 Ergo
1156 1394 1370 1473 Mithridates,

273 1506 275 1509 ’
318 1494 449 1582 ingenio
468 1508 502 1556 et
518 1494 632 1581 peritia
647 1516 757 1557 rerum
771 1494 936 1581 suspicax,
952 1492 1010 1557 lilii
1024 1493 1305 1583 profectorestutia
1323 1514 1370 1556 re-

319 1594 493 1657 bellionem
514 1616 584 1657 eam
607 1610 744 1681 eoeptam
761 1594 951 1676 arbitratus,
976 1616 1044 1681 quo
1067 1594 1129 1657 sibi
1147 1616 1284 1682 regnum
1299 1593 1371 1657 Col·

246 1716 250 1725 ¹
318 1692 455 1757 chorum
477 1708 700 1779 extorqueret,
719 1691 815 1757 adse
837 1694 974 1757 comiter
992 1710 1143 1759 vocatum
1163 1694 1371 1782 compedibus

316 1791 422 1855 aureis
439 1792 560 1873 vinxit,
581 1808 613 1855 et
628 1793 725 1879 paulo
738 1809 814 1880 post
826 1793 1005 1875 interiecit3
1024 1795 1159 1858 minime
1173 1796 1298 1860 recenti
1313 1795 1372 1857 hu·

318 1912 484 1955 manarum
501 1892 660 1955 mentium
677 1890 905 1975 fluctuatione,
925 1911 964 1958 ut
982 1917 1072 1959 nunc
1086 1896 1266 1960 liberorum
1283 1918 1373 1960 causa

314 2008 462 2078 querant
474 2014 590 2081 regna,
606 2014 695 2056 nunc
709 2015 886 2081 regnorum
900 2016 996 2059 causa
1007 1994 1158 2059 occidant
1172 1997 1307 2061 liberos.

360 2094 448 2157 VIII.
465 2094 502 2156 In
519 2094 724 2179 bosporanos
738 2091 855 2158 deinde
868 2093 951 2159 adeo
966 2117 1114 2183 magnam
1134 2098 1305 2185 copiarum
1321 2120 1373 2160 na·

315 2194 471 2280 viumque
487 2192 616 2281 collegit
630 2192 893 2274 multitudinem,
908 2210 948 2258 at
961 2195 1108 2283 plerique
1127 2213 1242 2261 contra
1258 2200 1375 2261 Roma·

315 2314 376 2355 nos
395 2290 494 2379 magis
513 2292 582 2355 haec
597 2292 707 2355 omnia
729 2310 838 2380 parata
852 2294 1159 2382 interpretarenmr,
1177 2321 1280 2385 qnam
1296 2320 1375 2386 quos

312 2392 368 2456 ille
383 2391 512 2456 volebat
526 2392 697 2456 invasurus
712 2392 825 2458 rideri.
843 2395 1051 2484 Suspiciones
1070 2397 1190 2462 horum
1211 2398 1304 2464 haud
1323 2421 1376 2487 pa·

316 2515 390 2555 rum
400 2513 531 2556 movere
542 2492 750 2575 credebatur,
765 2494 855 2582 quod
864 2496 1068 2561 Mithridates
1078 2500 1290 2564 Artohamnt
1300 2503 1377 2587 Cap·

218 2667 225 2682 ³
316 2591 482 2678 padociam
504 2592 548 2655 ita
565 2593 764 2676 restituerat,
782 2612 820 2658 ut
837 2612 945 2660 tamen
961 2597 1031 2661 loca
1045 2598 1170 2685 aliquot
1190 2618 1378 2689 opportuna

313 2707 386 2754 tum
400 2713 531 2779 quoqne
547 2694 710 2758 retineret.
723 2695 762 2757 In
772 2695 833 2759 hac
844 2696 1035 2785 egritudine
1051 2700 1255 2774 animorum,
1275 2725 1376 2789 quum

314 2790 356 2854 ad
378 2791 553 2856 Murenam
570 2791 744 2857 Archelaus
764 2817 840 2859 curn
862 2819 965 2860 uxore
985 2814 1018 2862 et
1032 2798 1141 2864 liberis
1161 2803 1377 2891 perfugisset;

315 2891 396 2954 adeo
416 2913 570 2981 magnum
587 2892 752 2958 adomnia
764 2913 969 2961 momentum
986 2900 1112 2982 attulit,
1127 2901 1245 2980 utiam
1261 2925 1377 2978 nemo,

315 2992 394 3077 quin
409 2991 649 3079 suscipiendum
663 2995 900 3078 essetbellum,
913 2997 1087 3064 dubitaret.
1103 3003 1140 3064 In
1154 3025 1275 3092 magna
1288 3007 1378 3070 illum

314 3090 452 3172 invidia,
472 3093 537 3172 jam
554 3114 574 3155 a
588 3107 736 3182 tempore
756 3095 973 3162 chaeronensis
992 3121 1109 3188 pugnae
1132 3101 1254 3186 fuisse,
1280 3126 1379 3192 supra

312 3191 534 3274 ostendimus3
553 3215 659 3280 neque
679 3194 776 3258 eximi
791 3198 860 3285 regi
880 3214 1025 3284 poterat,
1041 3201 1243 3288 sequioribus
1262 3204 1379 3270 eondi-

314 3291 458 3388 tionibus
473 3293 606 3381 transigi
619 3295 780 3382 pomisse,
796 3298 823 3360 si
833 3300 935 3386 magis
947 3299 989 3362 ad
1002 3321 1094 3364 suam
1105 3304 1263 3390 gratiam,
1280 3329 1380 3395 qnam

309 3391 354 3454 ad
367 3413 551 3473 romanam,
565 3393 742 3458 Archelaus
759 3399 958 3486 respexisset.

357 3491 416 3554 IX.
430 3490 533 3580 Igitur
543 3490 596 3556 ille
613 3494 842 3582 perigrinus,
860 3499 1056 3586 suspicacem
1070 3503 1152 3590 regis
1165 3505 1323 3570 anirnum
1339 3529 1381 3571 ne

311 3590 420 3653 liberis
432 3589 564 3677 quidem
579 3614 727 3678 parcere,
741 3595 819 3685 luga
833 3599 970 3663 salutem
985 3599 1139 3688 adeptru,
1154 3603 1256 3669 etiam
1272 3607 1382 3672 vindi·

308 3689 375 3752 euri
389 3689 528 3754 volebat.
541 3691 683 3778 Quoque
698 3696 799 3784 magis
809 3717 956 3764 moveret
968 3702 1163 3784 Muraenam,
1180 3723 1307 3791 sponte
1325 3731 1383 3773 sua

307 3789 385 3856 satis
402 3790 435 3853 in
452 3789 536 3854 hanc
557 3794 749 3859 sententiam
767 3799 942 3885 proclivem
960 3817 1098 3868 nactus:
1112 3805 1233 3886 «Herc,
1253 3808 1383 3897 inquit,

343 3996 359 4060 s
372 3999 416 4045 VI.
426 3997 483 4044 vel.
497 3997 566 4048 Max.
578 4025 610 4036 -·
620 3999 691 4048 Oros.
699 4027 734 4038 -—
742 4003 849 4067 Appiae.
858 4031 892 4041 -
902 4006 965 4054 vett.
975 4033 1009 4044 -
1016 4009 1140 4058 Plutarch.
1149 4037 1185 4047 —
1195 4013 1254 4061 biv.
1264 4018 1337 4082 Epic
1350 4006 1384 4054 -ἕ

304 4077 320 4143 5
334 4081 403 4128 vm.
416 4081 490 4130 Oros.
499 4083 547 4138 vt,
559 4097 583 4128 a.
599 4107 633 4122 -ι
645 4084 753 4148 Appiae.
766 4085 878 4135 Mithrid.
891 4115 926 4124 -
939 4089 1001 4148 Dio,
1013 4089 1057 4139 lib.
1070 4093 1192 4141 XXXIX.
