2875 4900
267 398 331 477 aad
439 395 507 463 JO.
533 393 873 463 FREINSHEMII
901 392 1147 460 SUPPLEM.

261 537 342 579 saeva
351 512 549 595 dominatio,
566 514 676 601 plures
693 512 834 579 subinde
846 512 950 576 claros
961 512 1048 575 viros
1060 513 1102 576 ad
1114 512 1235 578 Sullam
1249 537 1331 579 con·

260 616 373 705 fugere
381 614 554 702 compulit,
563 614 751 701 reipublicae
760 612 953 702 periculum,
961 628 994 676 et
1000 612 1220 677 miserandum
1229 615 1330 678 Urbis

260 731 382 781 statum
397 715 602 795 nuntiantem
617 714 715 778 simul
726 713 816 778 haud
831 714 892 777 levi
904 736 962 801 spe
976 713 1161 795 interjecta,
1180 714 1271 796 fore,
1292 732 1330 779 ut

260 816 401 881 consiliis
415 815 673 880 adversariorum
691 833 823 881 senatus
839 815 1019 897 resisteret,
1036 814 1197 903 siquidem
1213 832 1329 880 aucto·

259 919 353 981 ritate
372 918 467 981 Sullae
480 918 656 996 juvaretur.
679 918 810 1005 Quippe
826 920 862 982 L.
881 918 986 1003 (lirina
1008 917 1078 980 sine
1098 916 1171 980 ullis
1189 918 1329 981 comitiis

261 1020 394 1083 tertium
417 1020 551 1101 consul,
568 1022 629 1084 Cn.
651 1020 816 1107 Papirium
834 1015 1016 1083 Carbonem
1041 1016 1160 1082 ducem
1181 1018 1329 1100 ejusdem

260 1121 429 1203 factionis,
441 1120 596 1209 collegam
615 1120 802 1185 adsciverat.

306 1222 348 1285 X.
371 1221 476 1310 Igitur
493 1220 583 1285 dedit
600 1221 641 1286 ad
657 1238 806 1286 senatum
818 1221 947 1302 literas,
966 1219 1103 1307 quibus,
1119 1236 1330 1301 enumerato,

262 1322 462 1408 quantumin
470 1321 623 1386 Numidia
631 1340 774 1411 quaestor
781 1345 842 1411 pro
849 1321 1026 1410 republica,
1034 1338 1193 1409 quantum
1202 1320 1329 1409 legatus

167 1496 170 1503 ‚
261 1422 348 1486 bello
365 1423 538 1505 cimbrico,
553 1440 585 1487 et
599 1423 718 1488 deinde
730 1440 849 1511 praetor
864 1424 898 1486 in
911 1422 1037 1503 Cilicia,
1048 1422 1200 1509 belloque
1218 1422 1329 1486 sociali

263 1524 377 1587 consul
391 1523 508 1587 laboris
524 1524 739 1606 exhausisset,
752 1548 803 1590 res
816 1525 969 1588 adversus
977 1522 1198 1587 Mithridatem
1212 1540 1329 1613 gestas,

260 1622 524 1713 dominarumque
540 1627 687 1715 gentium
710 1648 884 1691 numerum
906 1642 939 1690 et
959 1626 1112 1690 ferociam
1133 1626 1329 1692 extollebat:

260 1741 426 1815 postremo
433 1727 543 1791 multis
551 1744 583 1791 et
590 1727 856 1792 accumtiiverbis
866 1726 1330 1816 imputabat,setotclan'ssimis

261 1829 353 1908 vias,
371 1826 717 1917 inimicorumfizctione
731 1828 826 1892 domo
832 1829 951 1918 pulsis,
963 1827 1144 1918 pefflm
1159 1826 1329 1893 solatium-

261 1952 321 2017 que
329 1932 492 1995 exstitisse.
507 1930 621 1993 Atsibi
628 1950 692 1993 non
702 1930 802 1994 aliam
806 1952 870 2019 pro
879 1930 1035 2019 ep'nsmodi
1042 1931 1157 1992 nonu
1162 1932 1327 2016 groti'cem,

261 2054 359 2118 quom
366 2034 623 2121 proscriptionem
635 2033 762 2121 cqoiis,
773 2034 957 2095 eversionem
966 2029 1089 2108 donnes,
1097 2030 1196 2093 coedes
1206 2034 1327 2095 anu'co·

262 2156 333 2195 rum
339 2182 350 2213 ,
355 2130 483 2219 fugam
496 2134 607 2196 uxort's
619 2132 845 2221 liberorumque
858 2130 972 2220 referri
977 2157 990 2212 ,·
1004 2133 1061 2220 qui
1071 2134 1134 2195 via:
1146 2144 1177 2195 ct
1184 2154 1269 2219 oegre
1282 2135 1330 2195 in·

261 2232 394 2296 columes
406 2233 454 2296 ad
460 2256 493 2296 se
497 2235 657 2321 pervenire
659 2235 843 2322 potuissent.
859 2234 895 2297 V
889 2246 1034 2297 cnturnm
1046 2235 1145 2319 igitur
1151 2255 1212 2295 sese
1217 2256 1330 2321 prope·

261 2333 343 2395 dr'em
352 2332 484 2397 ultorem
496 2330 734 2419 naoleficiorum,
746 2348 778 2398 et
786 2336 844 2423 qui
848 2358 888 2397 co
892 2348 1119 2423 perpetrassent
1125 2358 1137 2396 :
1144 2348 1328 2398 ceterorum

262 2457 336 2496 'vero
346 2436 456 2498 civium
464 2483 474 2515 ,
490 2449 606 2498 veteres
618 2437 725 2499 novr've
726 2434 846 2522 forent
850 2483 860 2515 ,
876 2437 1091 2499 incusatorum
1103 2437 1265 2498 neminem.

306 2535 365 2599 XI.
383 2533 434 2598 Ad
441 2535 497 2599 has
507 2536 629 2618 literas,
640 2560 743 2624 quum
755 2561 837 2601 nova
849 2536 1032 2603 sollicitudo
1041 2537 1246 2625 perturbaret
1256 2560 1329 2600 om-

264 2635 507 2716 niumanimos,
525 2637 708 2701 L.Valerius
724 2638 858 2702 Flaccus
872 2653 1001 2702 senatus
1016 2639 1165 2725 princeps
1180 2639 1329 2702 luculen-

263 2752 328 2800 tam
343 2735 384 2800 de
396 2737 609 2824 praesentibus
625 2740 805 2802 orationem
815 2740 849 2802 in
863 2739 952 2803 curia
962 2739 1093 2820 habuit3
1109 2753 1142 2801 et
1151 2739 1329 2803 assentien-

264 2839 495 2928 tibus,quibus
516 2839 698 2905 concordiae
718 2839 865 2905 studium
886 2857 973 2922 erat,
990 2855 1104 2904 auctor
1124 2839 1274 2903 mittendi
1286 2840 1328 2904 ad

263 2940 384 3003 Sullam
398 2941 519 3028 legatos
534 2940 606 3005 fuit.
622 2942 679 3005 His
692 2941 899 3024 mandatum,
918 2956 953 3006 ut
965 2940 1133 3004 concilim
1142 2963 1213 3004 eum
1225 2943 1329 3004 inimi·

262 3041 305 3104 cis
313 3041 490 3120 studerem
495 3053 695 3131 peterentque
702 3091 713 3122 ,
731 3059 783 3123 ut,
797 3045 828 3106 si
839 3043 921 3130 qnid
931 3045 1035 3106 caveri
1047 3038 1182 3130 sibifidc
1196 3043 1327 3131 publica

261 3141 376 3220 'vellem
396 3145 628 3231 quamprimum
641 3167 679 3206 ea
689 3145 730 3207 de
741 3166 774 3206 re
788 3143 895 3208 literas
907 3143 955 3207 ced
965 3157 1108 3207 senatum
1117 3145 1260 3207 mitteret.

307 3243 381 3306 XII.
405 3245 489 3306 Cum
504 3244 692 3309 consulibus
708 3244 797 3309 idem
810 3261 939 3309 senatus
955 3245 1035 3333 egit,
1053 3257 1090 3307 nt
1100 3245 1216 3306 betereo
1225 3292 1236 3323 ,
1250 3243 1327 3308 dnm

261 3343 300 3406 de
322 3342 488 3407 oolwttote
504 3343 603 3409 Sullae
622 3348 765 3409 rescitum
780 3360 870 3425 esset,
885 3369 908 3407 a
929 3343 1095 3409 decoribus
1114 3344 1326 3424 abstinerem

261 3467 335 3535 rtcvc
344 3468 429 3533 spem
433 3449 526 3533 pacis
536 3469 607 3510 cum
619 3449 735 3511 civibus
750 3458 1003 3546 eoprunpercnt:
1020 3467 1095 3508 nam
1109 3444 1170 3526 illi,
1186 3443 1327 3509 dimissis

261 3569 318 3632 per
335 3545 518 3610 universam
532 3547 657 3615 ltaliam
674 3547 957 3634 perquisitoribus,
972 3546 1143 3636 pecuniam
1158 3559 1191 3607 et
1206 3545 1326 3632 copias,

262 3663 462 3711 etannonam
468 3645 1328 3737 undiquecontrahebant,opulentissimumquemque

260 3747 486 3830 sollicitantes,
503 3771 619 3812 eorum
638 3751 776 3814 maxime
792 3751 1008 3838 populorum,
1024 3748 1082 3835 qui
1098 3769 1203 3834 nuper
1218 3745 1326 3835 adepti

258 3850 310 3928 jus
324 3850 459 3914 civitatis
480 3872 621 3914 romanae
639 3852 784 3934 lucrant,
803 3850 893 3940 quod
910 3851 1040 3916 illorum
1059 3872 1154 3914 causa
1169 3849 1281 3912 omnia
1295 3867 1327 3914 et

296 4071 311 4137 §
326 4073 369 4118 tx.
382 4073 487 4137 Appien.
498 4074 570 4123 civit.
580 4073 625 4124 lib.
637 4077 657 4122 l.
669 4103 702 4112 -
716 4075 769 4123 ttv.
784 4073 849 4137 Epit.
864 4101 899 4108 -
912 4074 987 4121 Auct.
1004 4073 1095 4120 devm
1108 4073 1142 4120 ill.
1156 4075 1183 4120 iu
1198 4073 1329 4122 Cinna-

258 4157 274 4222 S
289 4157 333 4218 Π·
349 4155 456 4221 appan.
