2875 4900
274 396 343 495 594
449 400 518 467 ro.
548 398 891 471 rnsrnsnrmu
922 398 1172 473 sonatan.
1213 384 1217 391 “

270 525 361 610 signo
373 519 510 585 convelli
523 522 580 583 viu
587 542 681 609 posse
695 520 907 600 nuntiabant,
919 542 997 585 enm
1008 542 1127 612 magna
1137 523 1341 587 festinatione

269 623 437 711 pmcessit.
452 624 677 691 Oecunerunt
691 622 738 685 ibi
753 622 848 710 pauci
860 622 1097 712 speetrlatores,
1114 626 1290 713 occisosque
1300 648 1342 687 so

268 726 458 807 dolassem,
476 726 612 790 Ιιοεείιωι
631 726 815 788 summam
832 724 1066 790 multitudinem
1080 726 1205 806 adem
1224 728 1341 793 rente

268 846 358 891 runt.
371 827 420 891 lbi
432 828 567 891 Crassus
579 825 735 890 instruxit
747 826 867 907 anem,
880 825 1025 913 primum
1037 848 1079 891 ex
1091 827 1193 891 Cassii
1207 828 1341 892 consilio

268 928 455 1019 productis,
469 950 511 995 ne
524 926 857 1009 circumvenirentur,
870 926 1061 1009 ordinibus3
1074 926 1195 993 deinde
1208 929 1341 994 mutarit

268 1030 493 1118 contraxitque
519 1030 553 1093 in
579 1027 798 1117 quadratum,
822 1028 987 1096 duodenis
1009 1028 1052 1094 ad
1078 1031 1341 1119 unumquodque

268 1134 351 1197 latus
367 1132 531 1197 collocatis
543 1130 747 1195 cohortibus.
764 1132 922 1225 legiones
934 1132 1022 1196 enim
1035 1154 1188 1205 mmanas
1200 1150 1340 1221 septem,

269 1258 379 1323 neque
399 1235 568 1323 pauciores
590 1234 757 1298 sociorum
779 1235 933 1299 cohortes
952 1234 1113 1314 habebst3
1139 1236 1291 1321 equitum
1311 1253 1341 1299 et

268 1336 347 1401 levis
363 1351 535 1400 armaturae
556 1334 598 1399 ad
618 1350 777 1422 quaterna
793 1335 914 1402 millia:
930 1358 1004 1424 quas
1021 1338 1139 1426 etipsa
1156 1336 1340 1417 distribuit,

271 1453 308 1502 ut
326 1438 460 1527 singulis
482 1436 673 1502 cohortibus
695 1437 802 1526 gravis
822 1454 994 1507 armaturae
1013 1439 1096 1504 alam
1117 1438 1269 1525 equitum
1287 1439 1340 1503 ad·

269 1540 372 1605 deret.

311 1641 467 1705 XXXIX.
482 1640 612 1722 Quum,
621 1641 666 1703 ita
676 1638 825 1704 ordinata
834 1640 919 1721 acie,
931 1640 1060 1705 cassius
1067 1641 1206 1705 alterum
1217 1662 1339 1720 cornu,

184 1758 187 1767 ’
268 1742 405 1805 alterum
428 1741 463 1805 P.
487 1743 621 1805 Crassus
643 1742 847 1829 imperatoris
868 1740 975 1823 lilius,
996 1742 1174 1831 imperator
1189 1741 1261 1829 ipse
1276 1764 1340 1805 me·

267 1842 358 1907 dium
375 1864 491 1932 agmen
508 1842 661 1923 duceret3
682 1842 724 1906 ad
738 1841 906 1907 modicum
922 1841 1064 1926 flumen,
1080 1844 1202 1909 Balisso
1217 1866 1336 1909 nomen

266 1960 350 2020 erat,
366 1958 571 2031 perventum.
591 1944 642 2008 lbi
659 1946 778 2033 raptim
794 1967 833 2009 ex
846 1945 901 2009 siti
916 1962 1079 2011 recreatus
1096 1946 1277 2027 exercitus,
1293 1949 1337 2010 ie-

264 2046 406 2110 stinante
423 2048 560 2126 Crasso,
581 2044 614 2108 in
632 2061 845 2135 conspectum
861 2046 1008 2113 hostium
1023 2069 1145 2137 magno
1162 2047 1268 2135 gradu
1282 2047 1337 2111 ad-

267 2146 386 2212 duotus
400 2162 457 2213 est.
477 2148 546 2229 Illi,
561 2150 699 2211 maxima
715 2148 883 2237 copiarum
895 2165 987 2237 parte
999 2164 1075 2237 post
1087 2150 1227 2237 primam
1238 2150 1336 2215 aciem

267 2248 456 2314 abscondita
475 2249 528 2338 (et
544 2265 613 2313 erat
628 2248 720 2312 lootis
736 2250 923 2336 inaequalis,
941 2248 1086 2339 tegendis
1103 2249 1230 2317 insidiis
1249 2250 1337 2313 arbo

266 2374 341 2415 rum
361 2351 492 2431 objectu
508 2350 646 2439 aptus),
669 2373 778 2439 neque
800 2374 940 2416 numero
957 2351 1217 2432 formidabilem,
1233 2372 1337 2439 neque

266 2454 373 2540 specie
389 2475 546 2543 magnum
560 2453 772 2535 objecerunt,
789 2475 865 2518 narn
881 2477 922 2518 ex
933 2469 1098 2543 praesepto
1112 2455 1246 2518 Surenae
1262 2453 1338 2518 ruti

266 2555 364 2618 lautia
382 2577 471 2618 arma
488 2555 627 2642 pellibus
645 2569 678 2618 et
694 2555 815 2619 tunicis
836 2555 1038 2620 obtexerant.
1061 2555 1126 2620 Sed
1141 2554 1337 2620 dissimulata

267 2656 433 2744 primum,
462 2652 582 2719 deinde
608 2654 718 2718 subito
746 2671 896 2738 ostensa,
922 2656 1082 2721 exercitus
1107 2679 1335 2745 armorumque

268 2757 370 2822 moles
384 2756 540 2836 majorem
559 2777 599 2819 ex
616 2755 796 2844 improviso
814 2773 971 2822 terrorem
985 2758 1096 2839 injecit
1107 2759 1273 2825 Romanis.

311 2859 378 2922 XL.
402 2859 473 2922 lam
497 2856 641 2952 primurn
665 2855 814 2922 horribili
837 2859 977 2948 strepitu
997 2877 1076 2924 suut
1093 2861 1262 2926 exterriti:
1279 2884 1336 2925 neo

268 2960 356 3024 enim
381 2958 468 3024 tubis
490 2973 547 3022 aut
570 2958 726 3024 cornibus
748 2981 891 3050 pugnam
916 2961 1101 3028 ascendunt
1124 2963 1257 3045 Parthi,
1281 2961 1336 3026 sed

267 3079 420 3150 tympana
436 3060 532 3126 simul
549 3060 660 3124 multis
677 3060 757 3124 locis
771 3061 952 3148 pulsantes,
966 3063 1058 3128 velut
1072 3064 1200 3131 ululatu
1215 3064 1336 3132 bellua·

266 3185 341 3227 rum
359 3179 393 3226 et
411 3163 535 3227 tonitru
551 3161 689 3225 mixtum
707 3163 869 3252 mugitum
886 3163 997 3229 aient:
1014 3163 1090 3228 dein
1108 3165 1236 3244 rejectis
1254 3167 1336 3230 inte·

266 3265 449 3353 gumentis,
475 3265 571 3354 galeas
595 3264 769 3352 loricaeque
791 3287 831 3328 ex
854 3265 1023 3355 Margiano
1045 3269 1133 3330 ferro
1156 3267 1336 3332 fulserunt:

266 3367 328 3454 ipsi
349 3367 444 3430 etiam
469 3366 565 3453 equi,
584 3367 695 3430 terreis
713 3367 849 3430 aeneisre
866 3367 1009 3454 squamis
1025 3366 1163 3447 muniti,
1182 3366 1336 3432 formida·

266 3468 362 3534 bilem
375 3467 567 3532 obtulerunt
578 3468 719 3555 speciem
733 3467 923 3532 visentibus.
938 3469 1030 3532 luter
1041 3489 1097 3531 eos
1111 3468 1254 3532 Surenas
1266 3489 1337 3554 prta

267 3570 398 3634 ueritate
409 3566 567 3656 culluque
579 3571 776 3657 conspicuus
787 3569 984 3649 exsultabat,
997 3589 1072 3634 acer
1081 3567 1170 3633 idern
1183 3569 1337 3647 bellator,
1406 3554 1407 3571 ¹

266 3688 299 3737 et
313 3669 448 3759 propius
455 3668 621 3734 Medicum
630 3669 745 3735 luxum
755 3670 884 3735 fucatus
897 3685 1131 3758 comptusque:
1142 3693 1219 3735 narn
1231 3669 1336 3736 caeteri

267 3772 377 3838 Parthi
394 3789 465 3836 turn
486 3771 582 3834 etiam
600 3773 747 3860 scythico
767 3795 859 3836 more
876 3795 1116 3862 germanoque,
1133 3773 1279 3838 crinibus
1296 3770 1335 3836 ad

264 3875 416 3940 verticem
432 3869 575 3954 reflexis,
592 3871 626 3935 in
642 3873 847 3938 altitudinem
864 3874 1089 3940 conabantur.

299 4079 315 4144 s
328 4077 534 4127 mvnmal.
548 4079 617 4127 Max.
631 4081 658 4136 1,
670 4081 740 4126 6.-
752 4080 1079 4144 Prummu-§mlx
1092 4081 1148 4128 Dio.
1162 4107 1198 4116 -
1213 4076 1333 4128 Plutarch,

263 4191 297 4200 -
310 4161 396 4228 §dila
408 4162 500 4212 Juatin.
510 4163 579 4222 XLI,
593 4179 617 4210 a.
632 4191 666 4200 —
678 4164 801 4212 Plutarch.
811 4167 911 4212 -Tao
921 4165 1004 4212 Genu.
1014 4181 1072 4229 cap,
1082 4165 1126 4212 38.
