2875 4900
301 297 371 394 398
473 299 542 366 JO.
571 297 909 364 FRElNSHEMll
943 298 1186 366 SUPPLEM.

299 444 356 486 rex
374 419 540 484 lenitatem
558 439 746 496 romanam,
763 438 862 503 quam
876 415 960 498 rim,
980 417 1119 505 experiri
1139 418 1269 498 maluit;
1286 421 1352 483 mis·

298 544 403 610 soque
415 518 647 599 caduceatore,
662 517 786 607 legatos
799 516 972 580 transdidit
984 517 1191 582 Mithridatis.

343 625 401 688 IX.
416 621 481 686 Sed
492 621 671 685 obsistente
685 618 768 699 titio,
786 641 891 705 quum
905 619 990 706 arqui
1003 619 1085 683 nihil
1096 619 1306 708 impetrasset,
1317 637 1352 700 et,

295 728 401 791 Araxe
423 722 632 802 transmisso,
655 720 767 784 venire
788 719 983 807 Pompeium
1006 719 1154 800 audiret,
1179 741 1352 806 quanquam

294 826 436 892 eruentis
454 824 584 903 amicis,
600 821 813 912 cognatisque
831 821 980 884 Artaxata
998 821 1147 909 praesidio
1168 822 1352 902 muniverat,

294 931 491 995 Romanose
503 923 616 989 statuit
626 921 757 987 dedere.
770 922 998 987 Sextodeeimo
1015 923 1091 987 inde
1102 925 1252 988 milliario
1265 941 1352 987 castra

294 1027 471 1114 Pompeius
487 1026 665 1104 locaverat3
681 1023 860 1110 auditoque
874 1024 1023 1113 Tigranis
1041 1025 1351 1105 adventu,t1ibunos

293 1129 529 1218 praefectosque
547 1125 682 1190 honoris
697 1147 795 1188 causa
811 1126 939 1190 miserat
958 1125 1098 1190 obviam.
1113 1127 1179 1190 Eos
1197 1128 1289 1190 amici
1305 1150 1351 1189 co·

294 1231 456 1315 mitesque
481 1227 564 1317 regis
589 1226 788 1312 conspicati,
811 1226 845 1289 in
869 1243 993 1290 metum
1014 1225 1146 1291 adducti
1170 1243 1266 1310 sunt,
1288 1229 1351 1315 quia

293 1332 465 1419 Tigranes,
482 1327 614 1392 nemine
628 1327 810 1415 praemisso,
826 1348 933 1413 neque
951 1344 1110 1415 potestate
1126 1351 1164 1392 ea
1178 1329 1350 1418 impetrata,

291 1431 462 1511 veniebat,
486 1453 528 1492 ne
549 1429 710 1492 hostiliter
733 1429 970 1517 exciperentur.
987 1427 1050 1493 Sed
1070 1431 1240 1520 Tigranes,
1264 1431 1350 1495 diffu-

292 1533 456 1622 gientibus
484 1531 624 1611 caetcris,
651 1530 755 1594 nihilo
785 1531 890 1594 secius
920 1531 1106 1594 institutum
1135 1531 1199 1596 iter
1231 1534 1349 1621 peregit.

293 1637 408 1717 Quum
420 1635 540 1698 vallum
556 1633 692 1696 intraret
707 1653 825 1719 eques,
840 1631 908 1696 duo
923 1632 1071 1720 Pompeii
1089 1633 1220 1698 lictores
1237 1634 1352 1697 descen·

292 1735 370 1800 dere
380 1737 566 1816 jusserunt,
579 1734 668 1822 quod
680 1735 729 1796 ita
743 1733 868 1821 regredi
879 1748 987 1798 costra
999 1757 1135 1798 romana
1146 1759 1213 1799 non
1226 1737 1332 1800 laceret.

334 1840 376 1902 X.
396 1837 523 1902 Idcirco
538 1834 676 1924 pedibus
690 1834 832 1923 perrexit
845 1833 887 1898 ad
902 1834 1051 1922 Pompeii
1065 1837 1226 1918 tribunal,
1241 1860 1258 1901 e
1271 1851 1348 1900 tanto

289 1939 375 2004 fastu
401 1961 457 2001 rex
480 1935 580 2000 modo
603 1958 718 2024 regum
740 1935 782 2000 ad
802 1933 990 2022 pudendam
1013 1936 1230 2002 humilitatem
1253 1938 1349 2001 animo

289 2039 459 2128 delapsus,
486 2038 602 2101 habitu
626 2037 712 2100 inter
737 2035 908 2124 pristinam
930 2061 1086 2125 pompam
1112 2053 1145 2101 et
1169 2053 1347 2126 praesentem

286 2145 453 2206 fortunam
468 2155 657 2227 temperato.
669 2139 856 2202 imitatione
868 2140 1070 2228 persicorum
1086 2163 1203 2228 regum
1218 2143 1347 2204 tunicam

286 2243 363 2307 albo
376 2242 486 2307 colore
501 2238 705 2322 distinctam,
725 2240 886 2328 aliamque
901 2258 1024 2306 vestem
1041 2265 1242 2330 purpuream
1259 2261 1346 2307 totam

289 2344 439 2433 (Candys
460 2343 546 2424 haec,
566 2342 620 2405 illa
641 2343 772 2432 Sarapis
788 2343 1008 2431 vocabantur)
1034 2361 1160 2436 gestare
1182 2367 1348 2410 consuere·

286 2464 363 2512 rat:
386 2462 529 2510 eastum
549 2444 676 2526 omisit,
694 2445 810 2509 tiaram
832 2469 908 2510 curn
929 2444 1110 2512 diademate
1130 2449 1276 2512 retinuit.
1294 2445 1346 2511 Sed

285 2570 493 2638 progressus,
509 2546 568 2611 ubi
584 2548 759 2635 Pompeius
776 2564 861 2629 erat,
876 2545 1059 2611 detractum
1079 2548 1177 2635 capiti
1201 2547 1243 2612 ad
1261 2547 1347 2636 pedes

285 2652 373 2715 iliius
386 2649 568 2738 deponere,
584 2649 654 2736 ipse
665 2650 887 2738 procumbens
901 2649 1036 2714 adorare
1050 2651 1279 2738 imperatorem
1295 2674 1347 2713 cu·

231 2779 235 2787 ’
284 2754 350 2843 pit,
375 2752 436 2815 hoc
459 2754 516 2815 uni
533 2775 566 2815 se
582 2751 732 2838 Ponprcio
751 2751 829 2814 dare
850 2752 1002 2839 proefatus
1024 2774 1031 2815 :
1052 2774 1151 2840 neque
1173 2754 1345 2841 qu'usquom

285 2853 435 2933 amnas,
462 2867 521 2916 aut
539 2852 694 2932 Romani,
718 2866 778 2915 aut
803 2854 954 2931 Barbari,
970 2849 1061 2939 fidei
1081 2876 1113 2917 se
1129 2858 1345 2943 penninarum

273 2956 403 3047 suisse5
427 2978 525 3043 neque
546 2969 635 3042 turpe
657 2955 719 3016 sibi
740 2956 942 3034 existimare,
970 2957 1000 3019 ei
1019 2958 1090 3018 viro
1112 2956 1243 3044 sudp'ici,
1266 2976 1344 3044 quem

283 3060 428 3123 Fortuna
440 3080 538 3145 supra
554 3078 659 3119 ornnes
672 3054 844 3120 extuaret.

327 3161 387 3224 xi.
399 3158 573 3246 Pompeius
588 3179 688 3220 manu
701 3157 925 3237 sublevatum,
939 3180 1047 3245 neque
1063 3158 1235 3246 procidere
1247 3158 1285 3223 ad
1297 3178 1345 3246 ge·

284 3284 349 3325 nua
363 3282 493 3348 passus,
510 3258 658 3323 diadema
675 3260 742 3322 suis
761 3260 912 3323 manibus
925 3260 1022 3347 capiti
1033 3262 1102 3340 ejus
1118 3260 1291 3349 imposuit,
1303 3282 1345 3321 rr·

283 3384 425 3452 gemque
447 3360 633 3448 appellavit,
655 3376 688 3423 et
706 3360 874 3425 considere
893 3362 1012 3441 jussit:
1032 3362 1101 3449 ipse
1123 3362 1210 3429 inter
1232 3379 1342 3451 patrem

282 3464 452 3551 filiumque
466 3460 610 3540 medius,
626 3461 768 3550 benigna
783 3462 931 3527 oratione
942 3464 1146 3551 compellavit
1160 3488 1168 3528 ι
1181 3488 1279 3553 neque
1290 3485 1343 3526 er·

280 3565 390 3629 cmtse
412 3565 492 3652 ipsos
513 3564 685 3641 Armenia,
715 3576 746 3626 et
770 3566 894 3651 insuper
915 3567 1058 3629 amicitia
1081 3588 1219 3629 romana
1242 3580 1342 3629 auctos

280 3692 358 3747 esse,
377 3665 599 3731 confirmabat.
617 3666 658 3729 Se
669 3688 766 3752 porro
790 3666 875 3729 nihil
892 3666 1112 3755 adempturum
1129 3690 1253 3747 eorum,
1278 3688 1342 3753 quoe

280 3771 329 3835 ad
343 3794 413 3833 etun
435 3768 518 3831 daem
539 3767 725 3846 tenuissem
747 3768 804 3830 sed
824 3790 922 3856 neque
946 3768 1075 3833 reddere
1094 3769 1216 3833 dudum
1237 3771 1342 3833 nmina

314 3981 391 4045 ΙζΙΙΙ.
405 3978 469 4025 Piut.
486 4004 518 4012 -
531 3976 583 4023 [ἰν.
596 3976 661 4039 Epir.
672 4002 707 4011 ο-
719 3978 822 4041 Eutrop,
834 4003 869 4011 —
884 3978 992 4041 Appiau.
1009 4003 1043 4013 -
1059 3978 1116 4024 Dio.
1136 4004 1170 4013 —-
1191 3976 1207 4041 s
1230 3979 1262 4024 X.
1278 3976 1338 4023 Curt.

280 4065 331 4118 ΙΙΙ,
346 4065 376 4118 3,
394 4077 433 4119 ¹7·
444 4088 478 4097 -
490 4061 547 4107 nio.
560 4086 594 4096 -
607 4060 710 4123 Eutrop.
724 4086 758 4094 -
768 4059 832 4105 Veli.
