2875 4900
334 357 389 425 IN
418 349 531 424 LOC.
559 355 654 422 ΠΒ.
684 355 773 424 CXI
800 354 1010 424 leltut.
1137 353 1207 449 715

132 509 145 534 a
156 465 266 542 curam
281 491 381 564 atque
395 463 608 556 industriam,
625 495 725 562 qrtam
744 491 894 564 tempora
910 491 1020 540 nostra
1043 493 1078 541 et
1095 478 1206 567 reipu-

133 611 146 635 ι
156 579 248 644 blicae
263 575 458 644 desiderant.
471 609 485 634 ι

175 681 266 744 VllI.
285 680 429 746 Similem
444 678 563 744 deindo
572 677 613 742 ad
624 677 760 759 milites,
776 678 834 765 qui
845 677 997 759 aderant,
1013 680 1205 746 concionem

130 788 264 869 habuit,
278 787 349 849 laeta
363 785 513 848 omnium
528 785 769 849 acclamatione.
784 783 909 848 Eodem
923 801 1073 872 tempore
1083 786 1206 852 laudati

131 889 173 954 ab
188 889 254 952 hoe
269 903 384 951 senatu
398 903 476 950 sunt
489 886 654 950 sociorum
666 885 921 973 promptissimi;
936 884 1090 974 douaque
1104 903 1137 950 et
1149 888 1206 952 ho·

133 1013 231 1054 nores
258 988 378 1054 decreti
404 986 562 1068 Rhodiis,
585 987 771 1075 Spartanis,
799 986 1065 1052 Atheniensibus.
1095 989 1205 1076 thue

129 1090 381 1156 Massiliensium
406 1087 501 1170 fidei,
529 1086 621 1175 quod
643 1101 771 1176 posset,
796 1088 969 1175 praemium
994 1087 1204 1169 redderetur,

129 1193 322 1272 Phocaeam,
345 1192 398 1256 oui
423 1211 515 1254 suam
541 1189 701 1278 originem
727 1187 866 1252 debebat
886 1190 1046 1272 Massilia,
1068 1191 1208 1266 liberam

129 1317 200 1360 esse
213 1295 391 1375 jusserunt.
406 1291 500 1382 Cotyi
517 1311 668 1379 quoque,
685 1289 744 1377 qui
759 1287 906 1354 Sadalam
921 1289 1024 1354 lilium
1038 1291 1204 1360 cThrtcia

128 1419 205 1461 oum
224 1395 389 1484 equitibus
409 1385 765 1483 guingentis'miserat,
782 1406 862 1454 acta>
878 1393 1005 1479 gratim
1022 1393 1203 1482 reguloqua

129 1521 266 1562 munera
280 1498 386 1562 missa.
400 1489 518 1560 lisdem
531 1494 714 1560 honoribus
729 1512 787 1558 ron
800 1493 973 1575 Deiotarus
985 1496 1122 1562 affectus
1135 1512 1200 1575 cst,

129 1600 187 1689 qui
204 1615 372 1664 sexcentos
389 1597 567 1662 adduxerat
581 1597 725 1682 equites,
741 1612 774 1659 ot
792 1595 1017 1683 Rbuscipolis,
1035 1619 1134 1683 quem
1150 1619 1202 1662 sc·

127 1701 223 1790 qunti
241 1715 334 1764 erant
351 1721 390 1762 ex
408 1697 600 1763 Macedonia
621 1695 766 1762 ducenti.
791 1697 856 1768 Sed
879 1697 983 1762 effusa
1007 1701 1198 1764 maxime-in

125 1803 245 1868 Iubam
266 1803 372 1868 studia
393 1801 553 1883 fuerunt,
567 1800 660 1880 cujus
683 1800 818 1864 victoria
835 1812 984 1888 magnam
1004 1801 1105 1865 ciuilis
1122 1802 1199 1866 belli

123 1903 328 1996 profligatam
353 1919 479 1993 partem
499 1902 684 1968 eredebant.
708 1903 901 1966 Ptolemaeus
922 1923 1057 1988 quoque
1074 1903 1200 1967 Araletoe

125 2004 230 2089 lilius,
247 2007 300 2070 cui
317 2021 408 2070 tutor
427 2004 468 2069 ab
489 2021 604 2068 senatu
623 2005 717 2070 datus
735 2005 912 2093 Pompeius
928 2005 1051 2083 fuerat,
1068 2027 1125 2068 rex
1139 2027 1197 2094 ap·

122 2107 261 2195 pellatus
289 2124 359 2191 est3
387 2127 546 2194 sororque
579 2108 748 2195 Cleopatra
776 2107 938 2170 abstinere
963 2128 999 2170 re
1045 2129 1067 2170 o
1089 2107 1196 2187 jussa,

123 2206 217 2294 quod
232 2229 250 2271 a
266 2207 458 2298 propinquis
475 2223 509 2272 et
524 2207 634 2272 amicis
649 2210 746 2297 pueri·
761 2225 929 2295 ereptum,
947 2209 982 2270 iu
1000 2129 1091 2296 gria
1105 2209 1196 2274 oolli-

122 2307 233 2398 gcndo
247 2309 375 2398 copias,
391 2309 567 2398 repetitum
581 2308 658 2374 ibat.

168 2407 226 2474 [x.
245 2409 303 2475 His
319 2409 363 2474 ita
379 2409 557 2492 ordinatis,
573 2410 767 2499 Pompeius,
788 2433 891 2499 quum
908 2412 952 2477 ob
969 2427 1099 2500 tempus
1115 2413 1193 2477 anui

121 2510 390 2576 transmissurum
409 2534 497 2575 mare
514 2513 671 2577 Caesarem
692 2534 760 2578 nou
775 2512 1005 2593 arbitraretur,
1022 2513 1192 2577 Thessalo-

122 2612 204 2677 nicae
219 2611 363 2677 hiemare
378 2613 601 2680 constituerat.
614 2612 736 2679 Eadem
748 2614 861 2703 opinio
871 2616 1029 2703 praefectis
1041 2614 1191 2679 classium

121 2713 228 2778 fraudi
241 2714 305 2779 fuit
313 2764 323 2800 ,
338 2736 406 2803 quo
419 2716 635 2805 negligentius
652 2716 747 2780 litora
759 2716 972 2781 custodirent.
994 2718 1040 2784 M.
1058 2716 1192 2781 Bibulus

121 2837 219 2880 naves
247 2832 379 2880 centum
408 2816 521 2880 decem
547 2820 695 2904 Corcyrae
719 2817 878 2899 habebam
903 2816 961 2881 sed
985 2817 1060 2906 quia
1082 2840 1191 2905 neque

119 2914 218 2981 naves
238 2932 388 2997 ornatas,
414 2940 522 3006 neque
545 2920 681 3007 remiges
703 2935 833 3006 paratos
849 2934 1014 3000 tenuerat,
1038 2919 1130 3006 prius
1149 2917 1191 2982 ad

119 3020 343 3083 coutinentem
365 3022 469 3085 Caesar
492 3021 633 3111 appulit,
653 3043 752 3109 quam
777 3021 905 3084 occurri
926 3035 1046 3108 posset.
1074 3019 1189 3107 Neque

116 3120 287 3185 Lucretius
304 3118 448 3207 Vespillo
468 3136 501 3186 et
518 3116 683 3186 Minucius
702 3122 826 3202 Rufus,
841 3121 899 3209 qui
914 3144 990 3185 cum
1004 3119 1189 3185 octodecim

116 3221 248 3285 laelianis
263 3221 400 3285 navibus
414 3216 506 3286 eraut
519 3224 624 3303 Orici,
641 3240 808 3311 opponere
821 3244 857 3287 se
871 3222 942 3287 ausi
957 3237 1068 3303 erunt3
1081 3242 1188 3308 quan·

115 3344 214 3411 quam
227 3325 332 3388 Caesar
344 3322 434 3387 lraud
446 3322 555 3411 plures
569 3322 743 3387 duodecim
755 3340 908 3389 rostratas
920 3322 1071 3411 presidio
1084 3320 1187 3387 duxe-

115 3438 175 3487 rat.
187 3424 292 3512 Igitur
301 3423 454 3504 Bibulus,
468 3440 637 3513 comperto
648 3427 779 3490 Caesaris
790 3424 950 3506 adventu,
963 3448 1068 3513 quum
1078 3424 1187 3490 adhue

114 3525 236 3611 aliquas
255 3526 356 3615 excipi
379 3548 475 3589 naves
498 3548 593 3614 posse
614 3542 776 3613 speraret,
797 3512 907 3591 vacuis
926 3527 1088 3607 occurrit,
1105 3549 1185 3613 quas

115 3648 190 3691 eum
206 3627 304 3693 Fusio
323 3627 444 3720 ¹Caleno
465 3626 569 3716 legato
589 3627 800 3698 Brundisium
817 3630 939 3710 Cesar,
961 3627 1002 3691 ad
1018 3644 1185 3717 transpor-

114 3726 227 3791 tandas
243 3728 382 3816 reliquas
398 3728 507 3816 copias
523 3729 699 3793 remiserat.

148 3966 249 4030 svm.
266 3968 327 4027 Dio,
346 3966 609 4033 lib.x1.1,p.1ooet
626 3984 683 4019 rra.
703 3996 737 4007 -
754 3970 844 4018 Lucan
865 3998 899 4007 -
919 3969 1082 4034 Eutropvt,
1097 3968 1136 4015 ro.
1148 3996 1183 4004 -

115 4052 140 4095 L.
153 4050 250 4115 Ampel.
259 4080 293 4088 —-
304 4054 366 4103 Coea.
379 4053 407 4101 B.
425 4052 478 4101 Cir.
496 4054 547 4109 111,
561 4052 603 4100 iiia.
623 4082 657 4089 -
677 4053 757 4100 Strah.
773 4053 816 4101 lib.
835 4056 909 4102 xvll
917 4090 924 4112 ‚
940 4072 966 4119 p.
982 4056 1084 4116 79⁶·-
1103 4053 1119 4117 s
1136 4055 1181 4102 lx.

114 4135 224 4199 Appian.
237 4136 291 4184 clv.
304 4136 347 4185 lib.
361 4138 382 4184 11
391 4173 397 4192 ,
407 4154 432 4203 p.
444 4140 503 4191 ido.
