2875 4900
300 352 373 440 466
481 355 553 424 JO.
580 354 922 424 FREINSHEMH
953 356 1199 425 SUPPLEM.

300 477 451 541 «nummi
467 474 560 541 robis
576 476 804 565 eriperentur?
814 509 827 533 »
839 476 957 564 Neque
972 474 1030 542 diu
1042 495 1118 567 post
1128 481 1263 545 Cautius
1273 502 1367 545 senex

299 578 479 644 admodum
502 578 680 643 exstinctus
702 593 771 659 est3
794 577 845 642 vir
861 579 998 643 summis
1017 579 1201 645 honoribus
1218 583 1254 645 in
1273 604 1366 670 repu-

298 682 383 747 blica
396 703 493 758 usus,
507 680 707 770 optimarum
724 700 853 767 semper
866 681 1026 768 partium,
1041 697 1076 745 et
1086 681 1276 771 incorrupta
1288 683 1366 745 inte·

297 785 423 875 gritatis
439 784 534 847 fama.
554 782 657 847 Paulo
672 798 749 846 ante
768 796 908 846 mortem
927 781 1076 847 dedicato
1093 784 1273 872 Capitolio,
1293 806 1366 848 oon·

297 908 477 953 summasse
490 884 674 949 felicitatem
688 883 763 947 vitae
776 885 866 947 visus
877 900 942 965 est,
955 885 1121 973 praecipuo
1133 902 1205 950 tum
1224 886 1365 963 bonore,

298 1005 331 1053 et
349 1009 454 1076 usque
467 985 509 1050 ad
524 983 614 1049 aliud
629 984 837 1066 incendium,
851 985 1108 1074 Vespasianique
1119 1004 1271 1077 tempora
1283 1011 1366 1054 mau-

297 1112 385 1153 suro.

340 1190 479 1257 XXXV.
497 1190 567 1255 Nec
584 1189 768 1271 omiserim,
785 1213 859 1278 quae
876 1205 948 1255 tum
961 1192 992 1257 ei
1003 1214 1064 1281 per
1079 1196 1248 1259 somnium
1262 1198 1365 1265 oblata

295 1295 398 1361 futuri
420 1292 542 1381 specics
565 1290 706 1357 dicimr:
723 1313 865 1380 namque
881 1309 959 1380 post
978 1292 1218 1360 dedicationem
1239 1297 1364 1365 duabus

296 1396 461 1463 continuis
476 1392 628 1458 noctibus
645 1394 824 1457 somniasse
841 1393 962 1457 dicitur
978 1416 987 1457 ε
1003 1395 1123 1483 prima,
1141 1398 1257 1461 lovem
1270 1399 1363 1489 Opti·

296 1522 388 1564 mum
404 1497 601 1577 Maximum,
621 1496 818 1583 praetextatis
834 1495 1060 1584 compluribus
1075 1498 1198 1562 circum
1211 1522 1302 1565 aram
1320 1504 1364 1566 lu·

295 1599 466 1679 dentibus,
489 1619 595 1660 unum
618 1596 812 1677 secrevisse,
834 1612 933 1685 atque
951 1598 1093 1686 sigillum
1118 1601 1248 1684 Rome,
1276 1603 1362 1690 qnod

294 1722 396 1766 manu
414 1698 576 1789 gestabat,
596 1696 630 1761 in
654 1697 724 1778 ejus
747 1698 857 1762 sinum
876 1696 1142 1786 deposuissezat
1161 1703 1362 1791 insequenti,

293 1800 556 1866 animadvertisse
571 1820 605 1864 se
623 1797 657 1861 in
674 1799 800 1887 gremio
816 1799 992 1887 Capitolini
1006 1800 1095 1878 loris
1112 1803 1266 1869 eumdem
1283 1829 1362 1894 pue·

293 1926 389 1987 rum;
413 1924 511 1990 quem
534 1920 637 1987 quum
664 1898 790 1963 detrahi
811 1899 980 1983 jussisses,
1005 1902 1212 1991 prohibitum
1234 1908 1362 1971 monitu

294 2006 375 2087 Dei,
394 2022 551 2091 tanquam
565 2002 593 2065 is
609 1999 652 2065 ad
668 2001 804 2065 nitelam
817 2001 1004 2089 reipublicae
1019 2002 1223 2070 educaretur.

338 2104 492 2170 XXXVI.
503 2101 610 2167 Acdie
619 2102 788 2189 proximo,
804 2124 908 2190 quum
917 2101 1112 2169 adoraturus
1126 2106 1160 2170 in
1169 2108 1360 2197 Capitolium

294 2205 532 2285 adscendisset,
553 2202 688 2268 obvium
707 2202 770 2265 sibi
787 2204 824 2269 C.
840 2205 1027 2286 Octavium,
1045 2207 1102 2293 qui
1117 2225 1231 2295 possm
1250 2212 1361 2301 Augu.

293 2328 364 2375 stus
377 2324 426 2373 est
439 2304 636 2395 appellatus,
653 2326 824 2390 nunquam
837 2320 932 2369 antea
946 2304 1072 2388 risum,
1091 2329 1160 2373 non
1174 2309 1244 2374 sine
1259 2310 1361 2375 admi·

294 2412 418 2477 ratione
435 2406 618 2487 contuitus,
635 2404 773 2470 similem
788 2404 871 2470 dixit
881 2428 1002 2494 puero,
1020 2405 1062 2472 de
1079 2430 1146 2496 quo
1160 2411 1360 2477 somniasset

295 2510 438 2594 Quidam
457 2509 550 2574 aliter
566 2506 732 2571 somnium
747 2507 854 2572 Catuli
870 2523 1056 2596 exponunt,
1076 2509 1135 2576 sed
1147 2511 1267 2577 eodem
1280 2516 1360 2578 reti·

294 2613 393 2679 dente
417 2609 608 2701 significatu.
630 2610 723 2674 Inter
744 2608 814 2672 hee
835 2631 921 2696 pona
945 2610 1133 2692 Fabricius,
1156 2611 1199 2677 ad
1222 2615 1359 2680 insulam

291 2714 478 2780 Tiberinum
495 2711 679 2800 pertinens,
697 2725 879 2774 exstructus
897 2727 965 2792 est3
985 2712 1043 2800 qui
1062 2711 1105 2776 ad
1124 2730 1272 2780 nostram
1287 2735 1360 2783 ωει-

290 2833 357 2882 tem
370 2817 560 2902 incorrupta
571 2828 733 2878 structura
744 2811 831 2875 hanc
843 2801 1090 2900 inscriptionem
1100 2815 1246 2902 pet-udis,
1260 2818 1360 2882 LFo·

292 2921 407 2983 bricius
423 2916 456 2982 C.
468 2917 505 2980 F.
525 2914 598 2980 Cur.
611 2914 647 2978 V
642 2916 702 2978 ίαν.
706 2910 908 3001 faciwrdum
924 2914 1056 2978 curavit.

336 3018 506 3084 XXXVII.
526 3018 613 3081 Dum
628 3015 661 3077 in
674 3013 765 3078 Urbe
777 3014 838 3077 ista
853 3011 955 3095 liunt,
967 3015 1178 3105 Allobroges,
1191 3041 1292 3106 quam
1305 3017 1359 3084 diu

290 3122 458 3186 volverunt
472 3117 606 3192 animis,
622 3115 834 3180 rebellionem
850 3131 1049 3204 coeptavere,
1066 3118 1151 3183 facto
1169 3120 1205 3184 in
1226 3121 1357 3186 Galliam

290 3221 539 3284 Narbonensem
558 3219 694 3306 impetu.
710 3215 776 3280 Sed
793 3219 830 3282 C.
840 3217 1013 3282 Pontinius
1027 3218 1149 3284 idoneo
1167 3222 1242 3287 loco
1259 3241 1358 3289 castrt

291 3337 449 3417 metatus,
465 3336 502 3385 ut
517 3285 698 3400 adomnia,
717 3339 791 3405 quae
803 3333 934 3406 tempus
946 3322 1143 3408 postularet,
1160 3339 1279 3410 praesto
1292 3347 1358 3388 esse

290 3440 419 3512 posset,
438 3422 596 3488 Manlium
618 3419 795 3484 Lentitmm
815 3442 891 3484 cum
914 3420 1017 3507 copiis
1036 3419 1078 3486 ad
1095 3421 1257 3512 oppidum
1273 3425 1357 3488 Ven-

291 3525 368 3588 tiam
378 3522 602 3612 recipiendum
612 3519 864 3603 misit.Ventini,
878 3521 1053 3608 repentino
1061 3521 1208 3587 hostium
1217 3524 1356 3589 adventu

288 3626 410 3708 territi,
428 3623 586 3714 oppidum
608 3623 832 3709 reliquerunt3
848 3622 906 3709 qui
920 3622 1022 3686 relicti
1036 3639 1148 3704 erant,
1162 3625 1268 3690 missis
1282 3648 1355 3688 ora.

288 3727 430 3808 toribus,
453 3726 620 3816 petierunt
640 3745 762 3812 pacem.
788 3725 918 3788 Interea
940 3725 1018 3789 totis
1036 3725 1121 3816 agris
1141 3725 1183 3790 ad
1203 3727 1354 3792 auxilium

321 3959 337 4023 5
355 3958 480 4007 XXXIV.
494 3957 581 4005 Seuer.
592 3971 632 4019 ep.
647 3967 690 4015 97.
708 3981 743 3990 —
756 3953 880 4003 Plutarch.
893 3956 921 4004 in
931 3956 984 4007 Cic.
1000 3985 1036 3996 -
1051 3960 1111 4008 Tac.
1124 3961 1188 4009 Hiar.
1199 3962 1250 4018 111,
1267 3975 1309 4020 pa.
1322 3985 1355 3995 —

286 4042 302 4107 ς
322 4043 433 4091 XXXV.
452 4043 553 4090 Sueten.
570 4039 596 4086 in
611 4041 677 4102 Aug.
691 4053 747 4102 otp-
766 4046 810 4099 94.
827 4065 862 4075 -
878 4038 896 4104 S
912 4041 1243 4092 XXXV1.Tertnllian.de
1255 4041 1356 4098 Δαίω,

286 4140 339 4188 cap.
352 4126 394 4180 46.
406 4151 439 4161 -
450 4125 512 4183 Dio,
525 4121 568 4171 lib.
579 4121 657 4178 XLV,
666 4120 721 4168 init.
731 4147 767 4158 -
777 4121 846 4186 rtgt.
857 4123 924 4171 Anu.
