2875 4900
295 370 361 443 158
464 372 532 439 JO.
559 370 899 439 FREINSHEMII
931 370 1174 439 SUPPLEM.

291 496 402 559 abesse
417 492 557 572 Sullam,
575 490 683 559 ornari
698 490 806 579 signa,
821 490 939 553 armari
951 489 1160 578 ordinarique
1176 494 1345 557 exercitum

287 594 398 673 jussit,
421 608 459 656 ut
481 591 682 680 imperatoris
702 591 805 655 oculis
826 612 924 677 quam
941 591 1191 678 pulcherrimam
1213 595 1345 682 speeiem

291 694 469 773 objicerent
483 714 490 755 :
505 712 640 779 magnos
655 690 743 754 enim
753 691 795 755 ab
807 713 848 755 eo
860 680 1022 769 bonores,
1035 714 1097 757 nec
1105 694 1269 759 immerito
1277 716 1346 782 spe·

289 794 396 874 rabam
412 814 470 880 spe
483 807 590 855 tamen
606 792 743 871 majores
757 808 950 879 assequutus
962 809 1022 857 est.

334 896 436 959 XVII.
453 892 536 957 Nam
553 908 591 956 ut
608 913 684 955 eum
701 892 853 956 accedere
867 891 910 957 ad
930 916 965 957 se
983 893 1090 974 Sulla,
1110 894 1272 983 simulque
1286 911 1347 960 tres

290 997 430 1084 aquilas,
445 1010 478 1058 et
493 993 652 1082 egregiam
669 992 731 1056 sub
747 994 846 1083 signis
862 995 1085 1076 juventutem,
1105 1016 1280 1084 rerumque
1294 1019 1347 1085 ge·

291 1112 412 1161 starum
428 1094 625 1159 conscientia
638 1092 774 1157 alacrem
787 1092 948 1184 adspexit,
965 1093 1129 1159 desiIIitex
1138 1100 1349 1185 equo,appel·

160 1264 163 1269 ,
291 1198 459 1285 latusque,
474 1211 513 1259 nt
526 1218 586 1283 par
602 1209 689 1275 erat,
707 1216 727 1257 n
745 1196 902 1283 Pompeio
919 1194 1114 1284 Imperator,
1133 1197 1273 1263 vicissim
1290 1200 1349 1263 Im·

284 1314 461 1387 peratorem
477 1298 569 1361 illum
583 1297 747 1377 salutarim
761 1298 902 1361 multum
918 1297 1127 1379 mirantibus,
1140 1300 1197 1386 qui
1210 1300 1349 1363 nominis

291 1400 388 1479 hujus
404 1401 563 1464 honorem
578 1397 774 1462 adolescenti
788 1398 948 1463 tributum
966 1399 1005 1462 iri
1026 1399 1160 1463 minime
1175 1417 1351 1489 exspectas·

290 1518 363 1567 sent
377 1500 418 1565 ab
434 1523 475 1564 eo
488 1500 593 1580 Sulla,
609 1500 665 1587 qui
682 1498 724 1563 de
739 1499 802 1563 isto
818 1522 893 1563 curn
910 1500 1116 1587 Scipionibus
1130 1515 1164 1565 et
1176 1502 1288 1566 Mariis
1301 1501 1351 1565 di·

291 1602 432 1665 micaret.
447 1600 569 1664 Caetera
579 1621 711 1687 quoque
723 1598 765 1663 ad
774 1600 920 1663 eamdem
933 1600 1072 1665 formam
1081 1602 1241 1666 comitatis
1250 1602 1350 1667 inere.

290 1702 446 1790 Pompeio
467 1701 608 1765 venienti
628 1722 795 1789 assurgere
815 1700 857 1765 de
881 1701 975 1783 sella,
995 1717 1092 1789 caput
1113 1703 1260 1791 operire:
1281 1726 1352 1791 que

290 1803 498 1891 postmodum
515 1803 610 1867 etiarn
628 1801 767 1866 dictator
781 1802 906 1891 privato
917 1803 1072 1884 servavit,
1085 1825 1190 1867 unum
1202 1806 1351 1869 omnium

292 1903 482 1991 Pompeium
497 1901 562 1965 hoc
577 1902 703 1965 honore
719 1900 881 1991 dignatus.

334 2004 456 2068 XVIII.
481 2002 544 2067 Sed
569 2018 602 2067 et
624 2002 757 2066 consilia
778 2024 854 2066 cum
880 2025 921 2066 eo
944 2003 1206 2069 communicabat
1222 2004 1353 2083 omnia,

289 2126 322 2173 et
334 2109 512 2197 plurimum
526 2106 559 2169 in
570 2105 639 2185 ejus
650 2106 769 2169 virtute
783 2104 1046 2193 reponebatspei.
1058 2104 1244 2193 Aliquando
1256 2106 1352 2172 etiam

291 2211 356 2301 egit
375 2232 450 2273 cum
469 2230 528 2287 eo,
545 2222 582 2269 ut
599 2206 632 2270 in
650 2206 845 2293 Cisalpinam
857 2205 994 2269 Galliam
1011 2228 1087 2269 cum
1100 2207 1238 2295 imperio
1252 2206 1354 2295 pruli-

290 2312 472 2375 cisceretnr.
492 2339 505 2364 a
520 2310 578 2371 Est
590 2308 678 2371 enim
691 2308 754 2386 ibi,
768 2307 830 2386 ait,
850 2306 892 2387 Q.
907 2306 1073 2388 Metellus,
1085 2308 1135 2371 vir
1147 2308 1311 2395 optimus,
1323 2321 1355 2369 et

290 2411 397 2476 «bello
412 2432 478 2476 non
494 2407 712 2498 spernendus:
726 2406 783 2472 sed
796 2406 905 2472 nescio
918 2406 1086 2494 quomode
1099 2407 1231 2496 segnius
1244 2408 1292 2472 ibi
1304 2428 1355 2470 res

290 2514 412 2601 .gerit,
426 2533 523 2600 quam
540 2511 609 2575 haeo
622 2527 767 2597 ternpore
778 2508 975 2574 desiderent.
989 2509 1093 2574 Nobis
1106 2509 1245 2574 maxims
1256 2511 1293 2574 in
1302 2529 1354 2572 ce·

288 2615 434 2679 «lenitate
455 2633 527 2700 spes
547 2627 615 2693 est;
639 2612 700 2675 nisi
720 2611 961 2699 quamprimum
975 2611 1153 2692 vincimus,
1171 2612 1354 2676 vincimur:

289 2747 302 2772 a
313 2731 345 2779 et
356 2715 410 2778 hic
424 2712 555 2801 quidem
571 2711 679 2774 omnia
691 2712 909 2799 prosperrime
922 2726 1106 2774 cesserunt:
1122 2714 1243 2800 pacati,
1258 2728 1356 2802 quot·

288 2832 422 2906 «quoto
438 2829 528 2903 tergo
541 2813 752 2901 reliquimus,
768 2813 897 2899 populi,
913 2827 970 2876 tua
984 2813 1103 2876 virtute
1119 2813 1172 2877 alii
1185 2813 1355 2894 adjuncti:

286 2917 378 2982 «dno
406 2915 551 2979 hostium
576 2914 736 2978 exercitus
763 2912 829 2976 lusi
854 2913 1042 3001 fingatique,
1069 2913 1204 2978 totidem
1227 2917 1271 2980 ad
1296 2939 1357 2981 nos

288 3033 427 3107 «sponte
449 3014 684 3094 concedentes,
707 3029 741 3077 et
757 3013 888 3076 initium
906 3013 1047 3076 victorie
1070 3013 1303 3102 magnificum,
1325 3033 1358 3081 et

290 3137 435 3208 «partem
454 3115 544 3180 hand
559 3115 705 3204 exiguam
724 3117 880 3178 fecerunt.

333 3221 424 3283 XIX.
442 3250 455 3274 «
469 3221 527 3282 Est
545 3234 652 3282 tamen
673 3216 781 3282 adhuc
795 3215 983 3280 adversariis
999 3215 1197 3302 permultum
1213 3218 1356 3300 virium;

288 3343 418 3407 «neque
440 3337 561 3384 temere.
589 3317 822 3398 debilitentur,
849 3317 1006 3404 quamdiu
1022 3317 1217 3404 Cisalpinam
1241 3335 1358 3383 tenere

289 3421 446 3486 ·Galliam
464 3435 621 3508 possunt,
643 3420 732 3483 unde
749 3420 810 3483 illis
831 3441 923 3482 novae
944 3439 1073 3505 semper
1089 3418 1190 3506 copie
1211 3422 1359 3486 submit-

289 3537 444 3602 «tantur,
470 3521 567 3585 etiam
595 3537 682 3584 trans
709 3521 806 3606 Alpes
829 3519 1007 3583 colentium
1030 3517 1239 3582 affluentibus
1267 3520 1359 3585 haud

289 3621 432 3711 «prucis.
447 3622 489 3684 Et
502 3620 591 3684 hunc
605 3621 636 3684 in
650 3641 747 3684 usum
762 3620 924 3707 digressus
935 3643 954 3682 a
965 3641 1018 3682 me
1029 3620 1177 3683 Metellus
1191 3638 1262 3684 erat
1275 3645 1286 3686 z
1300 3623 1361 3686 sed

290 3721 408 3786 «video
427 3735 648 3786 senescentem
667 3719 736 3798 ejus
754 3720 907 3784 virtutem
918 3718 1051 3799 juvenili
1070 3718 1196 3783 fervore
1208 3721 1361 3786 excitau-

325 3951 341 4017 5
360 3951 430 3998 XVI.
448 3949 547 3998 Cluver.
562 3947 617 3996 Itsl.
630 3947 715 4010 Antiq.
726 3949 763 4006 11,
778 3948 802 3996 5.
818 3975 853 3984 -
871 3949 984 4006 ΟΜΝ,
999 3963 1041 3996 20.
1059 3975 1093 3984 -
1111 3947 1175 3998 elue
1189 3976 1222 3986 -
1239 3948 1258 4014 §
1274 3954 1363 4001 ΠΗ,

290 4036 388 4084 sallust.
402 4034 502 4086 fliiuv.
515 4049 542 4082 a.
556 4059 591 4068 -
604 4030 667 4078 Plut.
678 4057 713 4066 -
725 4032 831 4095 Appium
841 4029 914 4081 Ciril.
927 4030 970 4078 lib.
982 4033 1005 4078 1.
1017 4029 1077 4095 -S
1091 4032 1186 4080 xvrn.
1200 4035 1318 4096 Appian.
1327 4063 1364 4072 ..-

290 4118 348 4169 val.
362 4122 430 4168 Msx.
440 4120 473 4174 V,
486 4133 516 4176 s,
527 4131 552 4178 9.
562 4143 596 4152 -
610 4115 673 4162 Plut.
