2875 4900
221 376 225 389 ·
297 350 371 421 606
475 353 541 419 IO.
568 349 1183 421 FIIEINSIIEMIISUPPLEM.

296 477 420 553 nmis,
446 485 591 539 transeat
601 470 752 559 flumen,
776 470 884 535 als'eao
909 469 980 535 loeo
1006 494 1240 560 congresswus.
1265 477 1366 565 Igitur

298 578 439 657 majore,
455 596 554 663 quam
574 596 658 663 opus
676 588 735 637 aut
759 572 965 639 consuetudo
986 592 1087 656 esset,
1112 577 1254 665 strepitu
1272 580 1366 643 motis

297 677 428 759 eastris,
443 698 547 765 quum
562 673 596 739 id
612 686 747 762 quoque
760 674 872 739 subito
889 676 1079 741 nuntiatum
1094 676 1248 743 hostibus
1266 696 1365 757 esset,

296 778 337 842 ad
350 776 591 866 insequendum
605 796 661 839 eos
674 774 822 839 illiciunt

341 880 416 943 VII.
440 881 504 967 Spe
526 876 667 941 victor-ire
689 874 885 965 predaeque,
901 891 936 940 et
955 900 998 941 ue
1012 878 1152 967 fugienti
1163 880 1364 944 sdlicetRo·

296 1003 395 1045 mano
419 980 561 1069 spatium
584 975 744 1042 evadendi
769 976 905 1058 darent,
928 975 1051 1041 llumen
1072 978 1364 1068 transgrediuntur.

296 1082 336 1147 Id
352 1082 410 1145 ubi
425 1104 463 1145 ex
475 1096 553 1145 roto
571 1094 670 1166 atque
683 1079 924 1168 exspectatione
935 1079 1070 1143 Labieni
1079 1080 1223 1145 laeuam:
1235 1114 1250 1137 ι
1260 1083 1365 1147 lIabe-

297 1214 310 1241 ι
320 1185 379 1265 tis,
391 1183 510 1269 inquit,
524 1181 657 1263 milites,
671 1204 770 1269 quam
784 1181 983 1269 postulastis,
995 1182 1163 1273 pugnandi
1177 1185 1323 1272 copiam,
1337 1203 1366 1248 et

296 1317 309 1343 ι
319 1301 357 1369 ut
372 1285 464 1347 locus
480 1306 542 1371 pro
557 1282 653 1347 nobis
666 1298 766 1363 esset,
783 1282 919 1347 feliciter
933 1298 1083 1347 curatum
1097 1300 1166 1348 est:
1179 1307 1237 1351 vos
1249 1284 1365 1367 modo,

294 1416 308 1443 a
318 1408 417 1473 quam
433 1385 559 1465 soletis,
576 1408 708 1473 operam
722 1401 873 1473 praestare
885 1385 1098 1449 memineritis
1109 1418 1132 1450 ι.
1146 1384 1201 1451 Sic
1210 1409 1364 1451 converse

296 1490 444 1581 agmine,
458 1511 562 1577 quum
578 1488 719 1575 impetus
732 1488 767 1551 in
786 1487 940 1552 Treviros
953 1486 1062 1569 lieret,
1077 1488 1141 1568 illi,
1158 1489 1305 1553 novitate
1322 1490 1364 1551 rei

295 1590 446 1672 attoniti,
462 1612 504 1653 ne
521 1590 659 1679 primam
680 1586 814 1676 quidem
827 1588 1075 1677 impressionem
1090 1590 1248 1655 tulerunt.
1263 1590 1364 1677 Equi-

297 1710 400 1774 tatus,
414 1691 577 1755 immissus
588 1689 629 1755 ad
642 1690 752 1772 silvas,
769 1690 966 1779 fugientium
983 1690 1149 1779 ingentem
1160 1689 1283 1755 endem
1297 1690 1363 1755 edi·

296 1794 355 1859 dit.
374 1796 422 1857 Ita
441 1808 551 1858 motus
567 1791 778 1855 Trevirorum
791 1813 977 1879 repressus,
993 1792 1102 1857 civitas
1118 1815 1138 1855 a
1154 1792 1301 1857 labieno
1316 1814 1363 1855 re·

295 1911 399 1985 cepta.
423 1892 597 1974 Germani,
615 1893 674 1979 qui
695 1892 816 1955 auxilio
835 1892 1030 1975 veniebant,
1045 1892 1155 1959 audita
1168 1915 1225 1973 re,
1243 1908 1282 1955 ut
1300 1909 1364 1957 erat

295 2012 403 2087 gesta,
421 1993 559 2059 domum
581 1993 719 2082 regressi
738 2010 840 2058 sunt:
862 2015 940 2059 cum
962 1993 1002 2057 iis
1020 1994 1197 2083 propinqui
1216 1992 1364 2059 Indutio-

297 2098 378 2163 mari
394 2113 482 2161 trans
494 2095 648 2159 Rhenum
662 2094 846 2159 abiveruut.
866 2096 1010 2161 Civitatis
1024 2096 1198 2185 imperium
1215 2097 1365 2187 Cingeto-

295 2199 376 2289 rigi,
395 2220 493 2286 quem
511 2196 555 2260 ob
573 2195 719 2261 studium
739 2219 815 2287 erga
831 2198 995 2263 Romanos
1010 2220 1103 2263 socer
1119 2197 1363 2264 indutiomarus

296 2322 403 2388 nuper
417 2299 600 2386 expulerat,
615 2314 664 2363 est
677 2297 845 2364 traditum.

341 2401 431 2466 VIII.
454 2400 554 2465 Victis
571 2398 612 2464 ad
629 2399 720 2464 hunc
737 2399 873 2466 modum
888 2401 1047 2485 Treviris,
1067 2404 1173 2466 Cesar
1188 2400 1230 2466 de
1247 2401 1363 2466 Rheno

295 2503 415 2566 iterum
430 2499 630 2566 transeundo
643 2500 860 2584 deliberabat,
876 2501 999 2590 duplici
1013 2504 1200 2569 stimulatus
1211 2504 1363 2569 utilitate:

294 2604 409 2686 alteia,
428 2619 467 2668 ut
483 2603 633 2690 puniret,
647 2603 705 2691 qui
723 2620 837 2668 contra
853 2626 889 2668 se
906 2605 1023 2670 auxilia
1036 2605 1176 2670 Treviris
1191 2605 1362 2687 miserant3

295 2703 411 2787 altera,
435 2727 477 2768 ne
498 2719 649 2792 receptus
671 2703 761 2791 apud
780 2727 837 2769 eos
857 2705 1039 2795 Ambiorigi
1060 2722 1155 2772 esset.
1179 2706 1311 2772 Idcirco
1332 2711 1362 2772 in

295 2805 416 2871 finibus
440 2805 650 2869 Trevirorum
677 2803 768 2870 haud
790 2806 896 2870 multo
924 2829 1041 2894 supra,
1065 2831 1165 2895 quam
1186 2809 1278 2896 prius
1298 2827 1364 2874 erat

295 2925 532 2998 transgressus,
550 2921 684 2995 pontem
704 2907 815 2996 paucis
833 2906 949 2972 diebus
965 2909 1089 2991 effecit,
1104 2926 1183 2974 nota
1195 2926 1267 2988 tum
1278 2913 1362 2976 mili·

295 3011 382 3075 tibus
395 3009 536 3092 ratione,
553 3008 611 3074 sed
623 3008 664 3073 ad
676 3007 870 3074 hodiernam
883 3010 1052 3099 segnitiem
1065 3033 1156 3076 nunc
1165 3035 1301 3100 prorsus
1312 3016 1362 3078 in·

295 3111 451 3177 credibili.
471 3111 601 3200 Quippe
617 3132 685 3174 non
701 3109 737 3174 in
754 3111 872 3198 praeliis
889 3109 989 3174 modo
999 3159 1015 3192 ,‚
1025 3110 1083 3176 sed
1099 3113 1201 3200 magis
1213 3115 1249 3176 in
1266 3137 1362 3202 opere

294 3215 420 3278 romani
446 3213 554 3278 militis
575 3213 692 3276 invicta
715 3211 850 3276 durities
872 3229 951 3277 erat.
972 3214 1063 3278 luter
1077 3230 1191 3280 cetera
1208 3217 1362 3304 pontibus

294 3313 458 3378 struendis
474 3314 519 3377 ita
534 3329 603 3377 erat
619 3313 799 3395 exercitus,
818 3330 856 3378 ut
870 3314 1049 3402 quemlibet
1064 3317 1167 3381 letum
1183 3335 1217 3382 et
1229 3319 1364 3406 profun-

294 3414 374 3480 dum
395 3437 525 3478 amnem
546 3414 698 3479 facillimo
722 3416 856 3504 negotio
878 3417 1096 3482 transmittere
1114 3436 1235 3506 posset.
1262 3420 1361 3500 Cujus

294 3517 340 3580 rei
358 3539 417 3604 per
433 3517 487 3580 illa
505 3532 539 3580 et
556 3517 725 3604 sequentia
742 3533 909 3605 tempora,
933 3518 968 3581 in
986 3519 1158 3600 Danubio,
1169 3523 1210 3585 in
1226 3523 1361 3605 Rheno,

294 3617 328 3680 in
347 3617 512 3706 Euphrate
529 3618 712 3705 frequentia
728 3617 923 3684 documenta
941 3617 1114 3685 dederunt.

339 3719 396 3784 lx.
412 3718 516 3788 ¹llatio
532 3733 639 3783 autem
651 3719 898 3810 jungendorum
912 3721 1063 3808 pontium
1078 3722 1147 3787 haec
1160 3724 1224 3789 luit
1235 3726 1360 3789 usitata.

293 3823 373 3886 Lato
389 3820 481 3884 alveo
497 3842 611 3901 naves,
629 3823 816 3909 superiore,
835 3847 934 3910 quam
951 3823 1008 3888 ubi
1024 3847 1107 3913 pons
1128 3825 1361 3906 destinaretur,

329 4025 344 4088 5
356 4026 411 4071 vlt.
425 4023 478 4070 [ἰν.
492 4023 558 4088 Epir.
571 4049 605 4058 -
615 4021 677 4070 Caes.
687 4050 722 4060 -
736 4021 752 4089 §
766 4025 835 4073 vlu.
848 4027 915 4091 Lips.
926 4026 957 4075 de
967 4027 1043 4076 tulit.
1053 4031 1127 4080 Rom.
1137 4029 1282 4088 tibuunt.
1293 4048 1322 4078 rr
1334 4045 1359 4078 er

297 4109 337 4162 13,
347 4121 371 4154 et
385 4107 489 4155 I'nIIorr.
501 4107 544 4155 lib.
556 4109 593 4164 II,
607 4106 671 4154 Dial.
684 4107 708 4154 5.
722 4135 757 4144 -
766 4108 835 4155 Suid.
850 4139 883 4146 —
895 4113 952 4160 Dio.
966 4139 1002 4149 —-
1017 4113 1079 4161 cars.
