2875 4900
314 410 387 478 aad
487 410 554 475 JO.
580 406 919 475 FREINSHEMll
950 402 1194 477 SUPPLEM.

312 534 347 595 in
365 529 510 618 singulos
531 542 621 589 utres
641 526 774 613 praemio
794 526 953 606 excitans,
972 548 1121 614 magnam
1138 550 1289 616 aquarum
1309 550 1359 589 ρο.

312 633 399 722 piam
421 626 621 691 inferendam
639 626 673 689 in
698 624 855 713 oppidum
881 642 999 691 curat:
1021 650 1079 716 per
1096 628 1224 693 eosdem
1246 628 1358 691 inutilis

313 732 409 796 turba
426 730 604 794 educitur:
624 728 668 790 ita
690 727 725 789 in
747 728 866 791 multos
884 727 952 791 dies
968 728 1139 795 adversum
1160 731 1243 794 sitim
1261 729 1360 816 provi·

313 834 419 898 detur.
429 833 603 895 Enimvero
617 827 786 910 Metellus,
802 829 854 891 cui
866 829 972 893 omnis
983 851 1056 919 spes
1072 830 1105 894 iu
1119 854 1159 895 eo
1172 846 1239 897 erat
1248 830 1358 917 posita,

313 951 351 999 ut
371 937 542 1022 imparatos
557 929 918 1017 opprimeret,=tantum
939 930 1085 1019 quinque
1107 930 1231 997 dicrum
1251 930 1357 995 cibaria

312 1052 440 1126 portare
455 1033 591 1097 militem
605 1032 753 1110 jusserat.

357 1136 412 1200 lV.
434 1134 579 1214 Idcirco,
604 1130 775 1196 deficiente
798 1146 1000 1213 commeatu,
1022 1133 1191 1219 Aquinum
1214 1155 1287 1197 cum
1309 1154 1358 1195 sex

311 1237 454 1301 tnillibus
472 1235 612 1299 militum
636 1233 869 1297 frumentatum
891 1234 987 1297 misit.
1006 1236 1047 1296 At
1066 1234 1242 1317 Serninus,
1258 1233 1358 1297 occul·

310 1340 382 1403 tatis
405 1338 508 1400 tribus
527 1335 698 1398 bominum
721 1334 880 1414 millibus,
902 1356 977 1397 cum
994 1333 1134 1415 caeteris,
1154 1356 1237 1423 quos
1256 1354 1356 1397 secum

310 1440 465 1520 babebat,
480 1437 646 1523 Aquinum
666 1433 708 1497 ad
728 1456 871 1523 pugnam
893 1434 979 1523 cogit
994 1456 1001 1497 :
1015 1455 1053 1497 ea
1068 1433 1147 1497 dum
1168 1432 1356 1509 conseritur,

309 1518 402 1629 si'gno
416 1538 493 1603 dato
508 1550 707 1624 procurrunt
722 1533 845 1597 iusidias
861 1558 869 1596 ε
885 1534 930 1598 sic
946 1534 1095 1621 Aquinus
1110 1534 1242 1599 dimidia
1257 1533 1355 1621 copia·

308 1662 382 1704 rum
397 1654 505 1727 parte,
524 1651 557 1698 et
573 1657 658 1722 equo
677 1634 841 1721 armisque
858 1633 999 1714 amissis,
1022 1634 1075 1697 vix
1094 1658 1114 1697 a
1130 1636 1260 1699 Metello
1277 1656 1356 1697 rece·

306 1757 400 1828 ptus,
416 1754 449 1803 et
462 1736 589 1802 obsidio
608 1758 683 1800 cum
699 1758 814 1823 magna
831 1736 1053 1800 Romanorum
1070 1736 1245 1823 ignominia
1262 1736 1355 1799 soluta

307 1856 364 1905 est.
386 1842 444 1903 llis
463 1836 664 1902 successibus
681 1836 722 1899 ab
742 1836 893 1924 Hispanis
911 1836 1072 1901 Sertorius
1093 1838 1126 1901 in
1148 1838 1260 1902 celum
1279 1834 1353 1911 tolli;

306 1944 370 2006 hoc
380 1942 574 2029 imperatore
585 1938 646 2001 sibi
657 1936 775 2017 decus,
790 1936 934 2018 divitias,
947 1937 1115 2002 victoriam
1127 1940 1265 2026 quisque
1272 1957 1354 2025 spon·

305 2044 403 2108 dere:
416 2064 524 2128 neque
536 2039 590 2102 illc
606 2038 794 2118 omittebat,
809 2039 981 2107 omniane
996 2061 1107 2126 parare
1116 2062 1276 2105 novorum
1288 2036 1354 2101 ami·

304 2166 431 2223 comm,
441 2141 581 2230 retinere
588 2153 734 2203 veterum
749 2138 1018 2219 benevolentiam,
1029 2140 1165 2204 comiter
1175 2134 1353 2229 appellando

303 2246 464 2334 singulos,
483 2239 638 2306 donando
654 2241 698 2303 ob
712 2240 884 2320 virtutem,
901 2240 998 2305 annis
1013 2264 1094 2305 auro
1114 2258 1212 2330 atque
1231 2254 1352 2329 argento

302 2346 443 2423 ornatis,
460 2343 643 2432 sagulisque
659 2342 772 2429 pictis,
793 2356 826 2404 et
846 2363 979 2406 romana
998 2341 1168 2430 disciplina
1189 2342 1351 2409 exercitum

303 2446 344 2510 ad
358 2446 495 2535 speciem
511 2460 544 2507 et
556 2442 659 2507 robur
668 2440 873 2506 instruendo.

349 2548 387 2610 V.
409 2545 473 2609 Sed
495 2561 528 2608 et
546 2544 764 2607 nobilissimos
787 2565 825 2607 ex
845 2543 955 2608 amicis
977 2546 1106 2634 populis
1128 2569 1264 2634 pueros,
1284 2539 1351 2605 ludo

302 2651 393 2713 Oscae
404 2645 572 2726 instituto,
586 2644 695 2732 graecis
708 2644 881 2730 latinisque
892 2645 991 2708 literis
1005 2647 1137 2719 curabat
1148 2643 1351 2716 erudiendos,

303 2748 463 2812 civitatem
477 2767 644 2808 romanam
658 2745 868 2833 promittens,
884 2745 939 2809 ubi
951 2745 1186 2813 adolevissent:
1201 2763 1234 2812 et
1245 2747 1278 2810 hi
1291 2743 1353 2830 qui·

302 2850 376 2915 dem
395 2847 538 2913 Sertorio
553 2866 648 2908 usum
670 2844 824 2908 obsidum
845 2845 1046 2934 praebebant3
1061 2847 1117 2912 sed
1130 2851 1209 2937 quia
1223 2843 1351 2910 nominis

299 2949 421 3015 invidia
441 2947 567 3027 aberat,
585 2947 690 3010 securi
706 2947 865 3032 vacuique
887 2947 1070 3034 suspicione
1087 2964 1254 3034 parentes,
1275 2946 1351 3010 ultro

302 3051 424 3116 liberali
441 3066 474 3112 et
488 3049 625 3111 honesta
641 3068 778 3110 suorum
796 3045 987 3110 educatione
1004 3047 1206 3114 lutabantur.
1225 3051 1295 3114 Mos
1307 3065 1353 3107 ve-

301 3169 354 3215 tus
366 3151 604 3214 Germanorum
621 3146 854 3235 Gallorumque
867 3171 925 3236 per
936 3147 1111 3214 Celtiberos
1126 3151 1160 3213 in
1174 3147 1350 3240 Hispaniam

300 3252 506 3318 introductus
531 3251 655 3329 fuerat,
678 3264 715 3312 ut
739 3248 938 3335 principibus
956 3248 1075 3312 virtrue
1094 3267 1279 3339 prestantes
1299 3245 1350 3310 viri

300 3351 433 3414 comites
442 3371 492 3427 „se
518 3347 751 3436 adjungerent,
782 3347 952 3412 indiscreta
976 3350 1190 3416 familiaritate
1213 3353 1348 3417 lotorum

300 3449 590 3535 adversorumque,
612 3463 710 3533 atque
735 3447 831 3510 etiam
855 3449 968 3513 mortis
990 3451 1068 3515 socii
1087 3474 1095 3515 :
1113 3475 1186 3515 nam
1212 3475 1253 3517 ne
1268 3449 1349 3539 quis,

299 3550 416 3612 amisso
429 3545 527 3626 duce,
543 3547 636 3610 vivus
652 3569 691 3609 ex
704 3546 772 3610 acie
790 3565 1022 3631 reverteretur,
1037 3550 1210 3618 devotione
1225 3547 1348 3619 terribili
1399 3551 1401 3560 ’

299 3646 542 3734 adstringebant
555 3646 662 3710 fidem.

341 3751 397 3814 vl.
409 3749 535 3812 llorum
545 3746 662 3829 major,
673 3770 771 3835 quam
783 3750 934 3836 cuiquam
944 3752 1037 3833 alias,
1048 3753 1192 3818 Sertono
1203 3771 1349 3842 nomenis

296 3849 486 3942 apparebat:
498 3847 598 3912 multa
610 3849 697 3912 enim
712 3873 787 3913 eum
801 3851 835 3913 in
847 3851 903 3915 bas
914 3852 1001 3940 leges
1014 3855 1110 3918 millia
1121 3855 1347 3942 sequebantur;

330 4057 389 4119 §lb
401 4051 478 4102 Tacit.
490 4052 574 4099 Germ.
584 4067 639 4116 cap.
653 4059 693 4106 tt.
711 4079 748 4088 —
765 4053 822 4101 Nic.
835 4054 976 4102 Damascena.
990 4055 1034 4102 lib.
1046 4055 1120 4115 xvh
1131 4057 1197 4126 apqd
1210 4055 1336 4107 Athen-Vl
1341 4087 1347 4108 t

298 4143 335 4186 al.
347 4166 382 4176 —
393 4135 515 4188 rhama.
525 4136 552 4183 in
564 4137 658 4184 δοκοῖ.
671 4151 725 4200 cap.
739 4137 781 4184 a3.
795 4163 829 4174 --
842 4137 940 4185 Sallust.
955 4139 1050 4188 lucem
1058 4143 1097 4188 16.

336 4221 355 4254 s
