2875 4900
297 380 365 454 500
462 384 531 451 JO.
558 380 900 453 FREINSHEMII
929 380 1178 451 SUPPLEII.

338 504 487 569 cxxtu.
515 504 652 568 Senatus
676 518 784 567 tamen
805 502 936 591 publice
960 502 1092 591 regibus
1114 502 1354 593 civitatibusque

294 604 533 669 commendavit
554 606 671 669 virum.
697 604 751 667 Ob
773 626 845 667 eam
867 626 955 684 rem,
977 620 1012 667 et
1031 604 1162 693 pmpris
1179 606 1295 670 merita
1313 610 1356 670 fa·

235 758 236 765 ,
296 727 465 795 mamque,
481 706 696 795 plurimorum
719 705 824 769 obviis
840 705 957 771 studiis
979 720 1134 793 exceptus
1148 705 1357 796 adjutusque,
1391 715 1392 718 ’

294 824 403 873 tamen
423 830 526 897 quum
550 806 711 871 Vibonem
727 807 886 888 venisset,
901 830 921 871 a
937 806 1054 888 Vibio,
1071 828 1170 893 quesn
1188 808 1301 873 mult'u
1314 809 1357 871 al·

293 909 414 973 fecerat
428 907 613 989 beneficiis,
631 908 886 995 praelbcttrmque
903 909 1033 972 labrum
1052 908 1211 975 habnemt
1224 910 1262 973 in
1283 933 1356 975 con·

293 1014 417 1093 sulatu,
435 1010 535 1075 domo
552 1011 721 1091 exclusus,
742 1010 838 1075 etism
857 1031 876 1074 a
892 1012 928 1075 G.
945 1010 1083 1099 Virgilio
1098 1010 1207 1075 litems
1225 1014 1355 1100 accepit,

294 1114 455 1179 abstinere
469 1108 575 1177 Sicilia
587 1110 762 1191 lubentes:
780 1112 911 1201 ign'tura
931 1111 1105 1177 Brundisio
1121 1113 1354 1193 nnnsmittens,

269 1278 271 1283 ,
292 1230 457 1301 ventoque
481 1211 642 1293 rejectus,
664 1211 779 1277 iterato
796 1234 897 1277 cursu
915 1213 1154 1301 Dyrrhachium
1173 1215 1302 1281 tenuit:
1316 1216 1353 1279 ibi

293 1316 369 1401 quia
391 1315 478 1378 inter
498 1312 763 1377 exscendeudum
783 1330 868 1378 terra
883 1330 1077 1397 tremuerat,
1094 1331 1129 1379 et
1141 1317 1353 1405 reciprocare·

292 1430 342 1479 rat
356 1434 487 1502 aequor,
511 1413 649 1479 celerem
667 1414 697 1478 ei
712 1414 857 1479 reditum
869 1430 959 1481 vates
973 1416 1202 1505 predixerunt
1222 1420 1296 1508 Ipse
1311 1436 1352 1482 ta·

293 1538 368 1580 mon
385 1516 484 1608 tristis
502 1529 534 1578 et
549 1513 693 1595 abjectus
709 1516 839 1599 animo,
858 1538 1045 1605 quanquam
1064 1518 1354 1583 Greciaemiritates

292 1616 409 1683 studiis
425 1618 459 1680 in
477 1640 553 1682 eunt
571 1617 754 1699 certabant,
769 1617 985 1707 privatimque
996 1620 1178 1685 amicorum
1190 1618 1296 1687 officia
1308 1644 1351 1683 su·

292 1734 458 1806 perorant3
478 1740 545 1782 non
564 1718 702 1782 aliorum
721 1718 1016 1801 consolationibus,
1029 1742 1098 1783 non
1111 1721 1276 1808 sapientie
1288 1744 1351 1785 mo·

220 1844 224 1849 ·
293 1820 386 1901 nitis,
407 1840 594 1907 quanquam
611 1817 647 1885 id
663 1817 810 1888 studium
825 1820 988 1908 precipue
1001 1819 1122 1900 jactare
1136 1822 1270 1902 soliurs,
1284 1823 1351 1887 alle·

292 1922 438 1986 rebatur.
632 1930 637 1941 '

334 2024 482 2087 CXXIV.
499 2024 626 2087 Interea
641 2022 777 2087 Clodius
790 2024 878 2088 bona
891 2024 962 2105 ejus
976 2024 1155 2105 subjecerat
1170 2024 1285 2105 bastae,
1299 2050 1351 2091 nec

290 2142 450 2189 sectorem
467 2122 665 2212 reperiebat:
682 2122 830 2189 incendit
844 2146 923 2215 ergo
937 2125 1046 2207 rillas3
1059 2124 1177 2207 diratit,
1193 2128 1284 2192 velut
1297 2149 1351 2215 pu-

291 2226 459 2307 blicatam,
486 2224 644 2307 domum,
672 2246 746 2289 area
772 2226 912 2291 libertati
937 2244 1132 2292 consecrati.
1155 2230 1234 2293 IIaec
1250 2230 1350 2293 omnis

156 2330 159 2335 '
292 2326 1139 2415 quum‚territisoptimatibus‚tarnceleriterexvoto
1149 2330 1350 2408 coniecisset,

291 2426 460 2515 praefidens
476 2427 605 2509 animo,
624 2428 856 2516 neminemque
871 2428 1073 2518 superiorem
1091 2431 1239 2519 potentia
1252 2448 1349 2511 murs,

290 2530 325 2592 in
352 2527 546 2616 Pompeium
572 2528 762 2618 insurgere,
784 2545 818 2593 et
844 2529 946 2619 ipsius
969 2531 1141 2596 sollicitare
1159 2547 1233 2596 acts
1252 2533 1350 2621 ooepit.

291 2629 447 2692 Preterea
463 2629 656 2718 lignonem,
676 2630 735 2719 qui
749 2629 869 2699 ductus
884 2633 919 2698 in
934 2632 1102 2721 triumpho
1115 2651 1186 2698 tum
1200 2633 1308 2700 adbuc
1321 2636 1349 2698 in

283 2726 437 2819 vcustodia
454 2727 541 2818 apud
558 2731 593 2795 b.
611 2731 774 2813 Flavium,
789 2733 931 2801 amicum
951 2735 1117 2823 Pompeii,
1135 2735 1349 2817 detinebatur,

289 2831 426 2920 acceptis
448 2831 595 2919 pecuniis
616 2831 764 2897 liberavit
783 2835 964 2923 emisitque.
983 2836 1061 2899 Erat
1075 2858 1116 2900 eo
1135 2859 1225 2901 anno
1242 2853 1352 2926 praetor

289 2934 325 2998 L.
339 2932 484 3013 Flavius,
503 2955 523 2996 a
539 2955 607 3021 quo
623 2934 708 2998 forte
725 2955 825 3023 super
840 2958 964 3000 omnam
979 2937 1112 3003 Clodius
1128 2939 1241 3026 petiit,
1255 2957 1293 3004 ut
1306 2941 1334 3004 T
1329 2942 1350 3002 i·

286 3057 421 3122 guonem
440 3033 562 3099 addisci
571 3033 714 3124 juberet,
736 3036 894 3124 cupidum
907 3059 942 3100 se
955 3037 1088 3103 videndi
1104 3039 1174 3120 ejus
1191 3039 1348 3106 simulans.

289 3135 478 3201 Adductum
493 3135 612 3202 deinde
626 3137 795 3202 collocarit
807 3139 842 3202 in
857 3139 1027 3221 convivio,
1046 3161 1154 3229 neque
1167 3143 1279 3208 Flavio
1292 3159 1349 3207 sta·

290 3239 368 3319 tim,
390 3259 498 3325 nsque
519 3253 632 3326 postea
652 3239 810 3327 Pompeio
832 3241 995 3329 repetenti
1014 3241 1174 3323 reddidit3
1197 3244 1255 3308 sed
1270 3242 1348 3333 apud

290 3359 324 3403 se
344 3339 544 3427 aliquamdiu
562 3339 732 3425 habitum,
750 3341 908 3430 imposuit
925 3343 960 3408 in
983 3365 1118 3425 narem,
1134 3359 1168 3408 et
1183 3349 1349 3436 profugere

286 3456 391 3520 Jusnt.

335 3539 465 3605 CXXV.
490 3541 554 3606 Sed
574 3542 628 3606 ille
643 3558 832 3632 tempestate
844 3545 980 3626 relatus,
997 3565 1102 3632 qnurn
1114 3567 1134 3609 a
1148 3545 1222 3611 Sex.
1242 3547 1348 3614 Clodio

290 3643 390 3707 missu
406 3642 532 3708 tribuni
547 3661 695 3732 receptus
712 3644 754 3708 ad
769 3646 892 3711 Urbem
912 3644 1142 3727 reduceretur,
1157 3647 1305 3728 Flauus,
1317 3669 1347 3709 re

289 3741 437 3832 cognita,
460 3740 502 3806 ad
522 3764 597 3805 eum
620 3741 839 3830 diripiendum
860 3745 1044 3811 excummit
1058 3768 1067 3809 ε
1083 3746 1126 3812 ad
1145 3765 1298 3834 quartum
1312 3747 1346 3810 ab

221 3963 225 3970 “
323 3961 339 4027 s
352 3961 471 4010 cum.
481 3959 589 4025 Appiana.
602 3983 638 3998 -
650 3961 702 4010 Cic.
711 3963 744 4009 sd
753 3963 830 4012 Attio.
839 3965 872 4012 ad
880 3966 980 4038 th·
989 3963 1022 4016 sd
1032 3966 1064 4028 Q.
1077 3966 1146 4016 nso.
1155 3978 1181 4016 et
1189 3983 1238 4032 pto
1248 3968 1346 4020 numo.

288 4063 343 4112 etp.
358 4047 388 4094 32
404 4057 428 4094 st
439 4053 481 4100 lo.
491 4069 526 4082 -·-
537 4044 659 4094 I’Iutunb.
667 4045 728 4112 -s
738 4046 859 4096 cult.
867 4049 926 4097 nio.
938 4075 973 4088 -
982 4050 1091 4115 Appius.
1099 4077 1136 4088 -
1148 4051 1202 4101 Cic.
1211 4067 1258 4116 pso
1266 4052 1345 4103 dono.

288 4147 310 4178 o.
323 4131 357 4178 ab
367 4141 391 4177 et
402 4129 443 4184 IS.
456 4155 492 4166 -
508 4131 600 4178 Asson.
615 4131 640 4177 ln
655 4129 708 4178 Mil.
724 4159 759 4168 —
772 4131 895 4181 Plutarch.
