2875 4900
265 411 322 480 IN
354 409 472 477 hoc.
498 408 592 476 LIB.
619 409 807 478 LXXVII
835 411 1041 483 LlVIANI.
1142 409 1184 482 13

119 547 247 596 tuerent
267 529 441 594 bominum
461 528 505 591 ob
530 528 690 616 periculn3
714 551 781 593 non
807 530 915 593 minus
939 529 1118 595 metuende
1139 532 1183 596 ob

120 631 290 720 penuriam
305 627 498 694 solitudines
514 645 627 694 erant:
646 651 719 694 sero
736 630 770 692 in
787 629 947 694 bubulcos
965 652 1085 718 paucos
1100 633 1182 696 inci·

118 731 259 808 derunt,
278 732 336 820 qui
349 730 425 796 dare
441 729 574 818 quidem
595 729 677 795 nihil
689 746 839 820 poterant
854 745 983 820 egentes
998 731 1184 820 egentibus,

119 831 177 896 sed
192 833 341 923 agnitum
354 831 495 896 Marium
514 829 654 896 celeriter
668 830 828 913 jubebant
839 856 872 896 sc
883 832 1050 897 subducem
1059 858 1074 914 ;
1082 835 1185 923 paulo

118 935 203 997 curin
229 946 481 1022 eccemagnum
505 929 638 1022 cffsur'sse
666 935 802 1022 equrirrm
828 955 974 1014 martura,
997 957 1069 1022 quoe
1095 933 1185 1000 illum

119 1048 282 1124 quoererst.

165 1137 304 1201 XXXII.
318 1133 463 1200 Plurima
478 1151 550 1198 turn
564 1133 726 1198 malorum
740 1135 845 1223 Imago
863 1134 1117 1198 circumsistebat
1129 1133 1187 1199 bo·

121 1237 265 1300 minem:
281 1235 409 1318 nudus,
428 1234 592 1317 daenes,
611 1235 723 1323 inops,
739 1234 825 1298 inter
842 1235 956 1300 mortis
970 1249 1003 1299 et
1014 1250 1186 1300 contume-

120 1338 236 1402 liarum
259 1336 406 1402 assiduos
427 1353 585 1418 terrores,
601 1335 745 1416 Italiam,
767 1357 864 1422 quam
884 1334 1065 1399 bonoribus
1081 1335 1185 1424 impe·

120 1439 242 1526 riisque
259 1439 325 1503 suis
344 1437 440 1502 toties
456 1453 643 1518 ornaverat,
661 1437 761 1500 semel
776 1437 960 1525 iterumque
977 1435 1185 1519 defenderat,

121 1555 160 1603 ut
171 1538 323 1603 hostilem
337 1524 455 1602 terrim
467 1537 579 1627 fugere
594 1537 781 1628 cogebatur.
796 1539 930 1624 Iamque
940 1537 1036 1600 etiam
1052 1537 1185 1602 comites

122 1637 217 1704 tedio
235 1655 269 1703 et
291 1637 398 1703 inedia
416 1638 624 1722 fatiscebant3
642 1660 763 1725 quum,
782 1639 899 1703 omissa
916 1638 1045 1702 militari
1065 1639 1134 1720 riu,
1150 1639 1185 1704 iu

122 1737 326 1827 profundum
341 1760 456 1802 nemus
472 1739 610 1803 secessit.
630 1738 679 1802 lbi
693 1761 797 1827 quum
815 1761 1029 1804 aerumnosam
1041 1761 1118 1804 sane
1131 1761 1188 1804 no·

123 1853 207 1902 ntem
224 1839 401 1927 exegisset,
418 1855 554 1928 cogente
574 1839 700 1928 inopia,
722 1854 755 1903 et
771 1862 926 1928 corpore,
943 1839 1049 1905 donec
1065 1839 1187 1928 aliquid

121 1955 305 2028 superesset
330 1939 472 2022 vidum,
497 1961 634 2022 usurus,
661 1938 840 2003 secundum
862 1939 939 2003 litus
962 1940 1114 2022 incessit,
1131 1939 1187 2004 nd·

122 2039 257 2104 hortans
280 2039 431 2122 comites,
452 2063 490 2102 ne
510 2037 679 2125 dficererrt
697 2042 830 2120 cerbus,
852 2063 925 2105 neve
948 2061 1013 2128 spes
1035 2061 1107 2103 suas
1126 2063 1186 2103 esc·

122 2153 255 2222 nemas,
280 2154 311 2204 et
330 2141 487 2228 promrisa
511 2143 675 2203 rrumr'rrum
700 2143 871 2203 mmmmm
899 2139 1028 2203 mollitie
1048 2160 1187 2203 corrum-

116 2255 237 2329 perent.
978 2257 982 2271 ·

165 2339 324 2404 XXXIII.
344 2339 416 2404 Sibi
430 2340 533 2418 enim,
553 2359 649 2426 quum
669 2341 738 2402 ruri
757 2337 1003 2405 adolescentulus
1014 2353 1137 2428 agent,
1152 2339 1189 2403 td

122 2458 275 2507 osterum
292 2443 440 2520 everrisse,
458 2455 494 2504 ut
509 2454 622 2527 septem
634 2437 725 2529 pulli
739 2439 877 2528 aquilini
888 2464 959 2505 cum
976 2441 1041 2530 isso
1060 2438 1187 2505 nidoris

124 2547 223 2608 sinum
237 2542 433 2623 deciderent,-
441 2540 687 2631 parentibusque
704 2542 768 2604 suis
785 2540 940 2606 consultos
955 2541 1131 2629 haruspices
1142 2562 1188 2603 re·

122 2641 379 2734 spondeise,fhrc
391 2666 423 2708 se
435 2640 617 2707 nwrtalr'um
631 2644 769 2705 onmium
783 2643 1006 2725 clarissimum,
1020 2664 1187 2707 summum·

122 2768 183 2835 quc
192 2748 355 2835 imperium
367 2748 416 2810 uti
422 2746 531 2835 septies
541 2758 699 2833 capessat,
702 2742 818 2831 fatale
829 2766 900 2809 esse.
910 2743 949 2808 Id
962 2742 1092 2832 quidem
1104 2764 1187 2832 srepe

120 2847 256 2929 jactasse
277 2846 418 2935 Marium
441 2846 477 2910 in
504 2847 653 2911 confesso
678 2860 748 2925 est3
775 2845 822 2908 rei
843 2868 921 2909 vero
944 2843 1042 2908 fidem
1064 2857 1187 2905 nature

124 2948 231 3011 avium
244 2948 337 3037 periti
350 2945 526 3034 derogant,
539 2961 709 3037 negantes,
722 2946 862 3033 aquilam
874 2947 968 3032 plura
984 2942 1114 3007 duobus
1126 2962 1188 3005 ova
1324 3018 1330 3029 .

125 3070 247 3135 parere.
263 3046 327 3113 Sed
345 3062 452 3111 tamen
470 3045 505 3110 id
521 3068 596 3110 vere
614 3068 673 3110 seu
689 3045 770 3109 falso
787 3043 984 3131 expositum,
1001 3040 1105 3105 Mario
1117 3056 1187 3118 turn

126 3150 281 3237 temporis
302 3148 446 3237 profuit,
469 3164 507 3213 ut
529 3147 570 3212 nd
592 3162 734 3211 extrema
760 3143 870 3209 omnio
892 3164 982 3231 spem
997 3141 1188 3230 animosque

125 3250 260 3315 comites
279 3250 329 3315 sui
347 3248 515 3314 durarent.
530 3246 594 3312 Sed
609 3246 665 3311 ubi
683 3245 725 3311 ad
742 3264 855 3333 pessus
867 3242 917 3305 bis
933 3241 1019 3305 mille
1034 3241 1188 3332 quingen·

128 3367 176 3415 tos
197 3352 374 3416 Mmturnis
392 3348 586 3432 abfuerunt,
610 3348 707 3412 simul
728 3345 877 3435 equitum
896 3344 978 3408 elam
1002 3342 1042 3407 ad
1060 3364 1094 3407 se
1112 3360 1186 3407 teo·

126 3450 258 3515 dentem
284 3452 411 3515 eminus
437 3442 657 3538 conspexere,
671 3448 768 3513 simul
786 3446 867 3513 duas
887 3468 983 3511 naves
1005 3445 1187 3526 onerarias,

128 3574 228 3640 prope
241 3552 334 3633 litus,
350 3572 409 3638 per
422 3550 512 3638 quod
523 3548 716 3615 incedebant
729 3548 807 3637 ipsi,
818 3548 888 3612 vebs
902 3548 1073 3612 facientes:
1088 3546 1188 3636 igitur

127 3650 166 3714 ad
181 3652 239 3717 bas
255 3653 352 3717 citato
366 3674 463 3716 cursu
480 3650 593 3733 delati,
610 3650 761 3739 projectis
776 3649 811 3712 in
828 3670 915 3713 mare
931 3645 1121 3736 corporibus
1134 3644 1187 3709 nd·

127 3768 247 3819 natum.

170 3832 321 3918 XXXIV.
347 3852 389 3918 Et
413 3852 553 3919 Granius
576 3850 730 3940 quidem,
753 3850 851 3915 altera
868 3850 999 3914 navium
1018 3860 1187 3933 exceptus,

125 3952 158 4015 in
173 3950 337 4019 &adam
350 3953 487 4019 insulam
502 3950 633 4033 trajecit.
648 3951 770 4017 Marius
783 3974 919 4040 corpore
934 3949 1070 4039 gravior,
1084 3944 1188 4009 multo

161 4147 179 4213 s
189 4150 313 4199 mm.
323 4148 430 4213 Ipptm.
441 4150 497 4201 civ.
507 4148 550 4199 lib.
561 4148 582 4197 1.
592 4176 627 4189 -
637 4148 759 4199 Plntrrcb
