2875 4900
192 272 196 280 Ι
267 329 987 406 INLOC.LIB.XCV1L1V1AN1.
1089 329 1158 426 ²95

142 451 246 516 xvn.
263 449 328 524 Sed
339 473 453 518 earum
469 451 581 516 multo
598 473 675 516 oum
689 450 908 516 exsecratione
923 451 1036 516 nefarii
1052 451 1159 516 borni·

102 553 165 634 nis,
185 553 291 618 missis
306 551 350 617 ad
359 552 529 618 Metellum
542 551 776 639 Pompeiumre
791 551 919 640 legatis,
932 551 966 616 in
983 549 1079 616 iidem
1091 553 1159 616 llo·

101 674 269 718 manorum
283 675 421 737 venere3
436 651 615 742 presertim
628 652 687 717 ubi
700 666 834 739 sumpto
846 651 984 740 imperio
998 653 1159 740 Perperna

100 753 207 816 statim
219 751 360 820 crudelis
374 752 540 842 apparuit,
556 753 660 818 tribus
672 753 852 820 illustribus
862 753 957 834 viris,
969 753 1027 841 qui
1039 777 1105 818 una
1121 777 1160 818 ex

100 853 186 918 Urbe
200 853 431 943 profugerant,
447 854 622 942 fratrisque
634 853 720 937 lilio,
736 854 923 922 interiectis.
935 855 1040 944 igitur
1047 854 1161 922 Metel·

100 954 164 1036 lus,
184 953 339 1022 adversus
362 955 458 1022 talem
479 956 609 1024 bostem
632 955 764 1022 duobus
786 956 980 1024 exercitibus
1001 977 1070 1022 rem
1091 979 1159 1024 non

99 1056 241 1147 indigere
253 1056 419 1140 judicans,
434 1057 594 1124 diversam
607 1056 772 1144 Hispanias
785 1074 908 1145 partem
923 1057 1054 1124 interim
1072 1080 1162 1145 paca·

100 1171 209 1239 sunu,
222 1156 451 1227 ἀώεΙΙωάιωι
464 1157 622 1246 Pompeio
635 1157 776 1244 reliquit.
790 1159 881 1224 lnter
894 1156 1025 1246 hesper
1037 1158 1163 1245 aliquot

98 1256 166 1322 dies
176 1257 302 1324 levibus
312 1258 545 1336 certaminibus
557 1279 662 1345 quum
677 1271 808 1322 tenuta
823 1259 979 1348 utrinque
994 1260 1077 1324 vires
1093 1261 1162 1326 aoi-

100 1358 209 1444 rtuque
224 1375 346 1442 essem,
362 1347 490 1442 decirss
506 1357 561 1422 die
574 1356 699 1424 collatis
716 1357 816 1448 signis
832 1357 1042 1424 dimicatum:
1055 1362 1162 1426 neutri

98 1460 186 1524 enim
201 1459 326 1526 diutius
336 1446 553 1526 remdifferre
569 1458 735 1547 placebat,
752 1456 843 1544 quod
858 1459 1053 1546 Perpemam
1069 1460 1164 1526 Pom·

98 1561 190 1646 peius
204 1577 390 1649 sperneret,
410 1560 589 1649 Perperna,
602 1559 710 1625 donee
724 1559 760 1624 in
776 1557 886 1624 officio
902 1560 1020 1626 milites
1035 1577 1162 1640 essent,

98 1683 215 1726 eorum
227 1661 391 1728 utendum
405 1683 504 1750 opera
520 1661 744 1726 arbitraretur.

139 1763 264 1828 XVlll.
278 1761 343 1828 Sed
360 1785 398 1839 aa
418 1785 530 1852 pugna
549 1777 671 1828 temere
686 1784 707 1826 a
726 1761 889 1849 Perperna
903 1762 1093 1841 commissa,
1111 1761 1162 1826 di-

96 1886 199 1950 gnum
217 1865 359 1936 auctoris
374 1863 595 1951 imprudentia
612 1863 737 1929 exitum
754 1861 888 1928 habuit:
906 1885 1047 1951 namque
1065 1863 1164 1928 Porn-

98 1966 209 2052 peius,
229 1979 322 2053 parte
340 1966 511 2053 copiarum
531 1964 660 2032 idoneis
679 1965 760 2030 locis
776 1963 945 2031 subsidere
963 1965 1068 2047 jussa,
1087 1988 1164 2030 eum

97 2067 212 2132 decem
223 2067 414 2132 cohortibus
427 2068 604 2156 prooessit,
619 2087 758 2154 eamque
773 2067 864 2131 velut
873 2087 979 2132 escam
993 2080 1030 2130 ut
1043 2065 1164 2144 objice·

97 2184 144 2233 ret
158 2169 264 2252 hosti,
280 2169 397 2258 sparsit
409 2193 468 2258 per
484 2192 640 2257 campum
654 2190 751 2250 suos,
768 2183 800 2232 et
814 2167 1010 2257 Perpernam
1025 2189 1082 2256 spe
1101 2167 1164 2232 hu·

93 2273 143 2350 jus
172 2269 398 2360 opprimendas
424 2293 541 2336 manus
562 2271 673 2336 illexit.
700 2272 750 2335 lta
774 2285 942 2334 contracto
970 2267 1165 2346 certamine,

96 2371 190 2459 qnasi
205 2372 355 2438 resistere
369 2393 438 2436 non
453 2387 585 2459 posset,
600 2370 730 2436 hostem
748 2368 883 2436 deduxit
900 2370 941 2437 ad
959 2371 1069 2436 locum
1088 2369 1165 2434 insi-

96 2472 247 2555 diarum3
264 2474 323 2539 ubi
337 2474 379 2538 ab
393 2488 537 2563 utroque
554 2474 653 2539 latere
671 2472 978 2561 prorumpentibus,
996 2473 1053 2560 qui
1074 2488 1165 2537 erant

96 2574 268 2651 occultati,
284 2596 476 2656 conversus,
489 2575 692 2639 Sertorianos
707 2572 750 2639 ad
763 2574 1021 2641 internecionem
1038 2572 1164 2639 cecidit.

138 2678 235 2743 xlx„
245 2676 459 2764 Perpernam,
471 2698 576 2761 quum
586 2698 700 2741 senon
709 2676 819 2741 minus
833 2698 986 2756 suorum,
997 2696 1096 2762 quam
1108 2673 1167 2737 ho·

99 2779 199 2843 stium
215 2793 309 2843 metu
319 2778 354 2841 in
366 2777 514 2842 sentibus
527 2775 723 2857 abdidisset,
737 2776 870 2863 quidam
886 2776 1012 2863 equites
1026 2790 1165 2837 retraxe-

100 2894 197 2961 runt3
224 2876 346 2966 probra
366 2875 518 2964 dirasque
539 2877 800 2957 cumulantibus,
822 2876 880 2964 qui
898 2898 974 2939 eum
995 2871 1166 2951 videbant,

98 2977 312 3059 Sertorianis,
327 2978 415 3067 quod
430 2978 524 3043 homo
537 2976 632 3043 ar'lrila'
640 2980 935 3067 proestantrisirmun
952 2977 1057 3039 vuum
1072 2972 1148 3039 dolo
1155 3020 1165 3052 ,

94 3094 229 3167 ¹creterris
243 3101 350 3143 onmes
361 3082 517 3167 inperitae
531 3093 563 3143 et
575 3078 748 3143 stoliditate
758 3077 950 3167 perdidisset.
962 3078 1004 3141 At
1019 3074 1071 3140 ille
1085 3074 1169 3141 nibil

98 3180 206 3261 aliud,
223 3203 324 3268 qnam
337 3196 376 3243 ut
389 3182 496 3245 salvus
508 3180 551 3245 ad
566 3182 795 3271 imperatorem
812 3176 1043 3258 deduceretur,
1059 3190 1170 3263 postu·

98 3282 209 3347 labat:
222 3281 338 3345 habers
354 3284 438 3346 carin
455 3306 487 3346 se
503 3284 684 3371 prircipum
700 3302 905 3345 romanorum
918 3276 1042 3357 lrlerus,
1059 3276 1169 3365 qru'bus

96 3385 254 3449 Sertorrm
267 3387 302 3449 ia
318 3382 448 3449 lutum
464 3388 629 3451 cerinum
646 3383 713 3464 lbi,
730 3379 982 3471 prudentissime
995 3378 1168 3467 ‚praesenti-

97 3487 160 3553 bus
184 3508 285 3551 usum
306 3508 377 3551 esse
397 3486 610 3573 Pompeium,
630 3486 734 3549 Roma
749 3482 922 3563 judicavit,
939 3479 1045 3571 quod,
1062 3480 1169 3568 prius·

97 3611 199 3675 quam
225 3588 260 3652 in
280 3602 495 3675 conspectum
521 3587 648 3652 veniret
675 3586 856 3674 Perperna,
881 3584 977 3665 jussit
1000 3582 1167 3647 hominem

98 3688 225 3771 occidi,
236 3688 388 3777 epistolas
402 3710 510 3778 neque
520 3689 598 3777 legit
609 3688 694 3776 ipse,
710 3710 818 3775 neque
830 3685 981 3777 legendas
991 3682 1172 3759 concessit,

98 3789 157 3855 sed
167 3791 329 3855 continuo
342 3790 496 3855 cremarit
507 3811 642 3871 omnes5
660 3810 767 3877 eoque
783 3788 869 3853 facto
885 3807 1042 3851 novarum
1058 3802 1168 3845 rerum

133 4010 150 4075 S
164 4014 249 4062 xvir.
258 4016 332 4061 om.
341 4038 377 4049 -
387 4010 510 4061 nuum.
524 4037 559 4049 -
570 4012 678 4077 appan
692 4009 754 4074 -s
767 4009 864 4059 xvm.
874 4004 997 4055 innan.
1008 4002 1034 4051 tn
1044 4003 1130 4066 φωρ.
1144 4010 1170 4048 n

101 4097 195 4147 Sestos.
205 4124 241 4135 —-
251 4098 325 4145 om
337 4122 373 4133 -
386 4094 497 4160 Appirn.
