2875 4900
335 371 390 443 m
422 374 534 444 noe.
561 374 653 443 ma.
681 376 710 443 c
740 375 954 443 mvmm.
1112 376 1173 473 39·

106 516 213 583 quum
226 494 381 581 utrinque
391 492 605 576 crederentur,
616 511 649 558 et
657 494 757 583 pedes
769 495 865 559 etiam
877 496 1027 560 cominus
1038 516 1183 587 suggres-

107 620 164 661 sus
181 618 286 683 equos
306 592 516 677 confoderet,
536 597 646 661 multis
665 596 872 685 fortibusque
889 598 965 661 viris
981 600 1123 681 amissis,
1140 601 1183 665 ad

107 715 213 763 castra
229 698 433 787 refugerunt.

152 800 262 864 XXII.
286 800 425 888 Sequuti
442 816 521 863 sunt
537 800 693 881 victores,
719 799 1009 889 irrumpebantque
1030 823 1105 864 eum
1130 804 1183 865 lu·

107 902 292 991 gientibus,
310 903 372 967 nisi
389 901 613 983 Mithridates,
628 924 663 965 re
673 902 817 990 provisa,
831 901 978 990 peditum
990 904 1183 992 pbalangem

106 1004 326 1090 opposuisset.
345 1005 417 1069 lloc
434 1004 600 1091 praelium,
614 1002 758 1067 detracta
776 1005 863 1093 regi,
883 1026 981 1090 quam
995 1005 1135 1068 habehat
1147 1006 1182 1067 iu

106 1102 315 1190 eqtsestribus
340 1104 464 1193 copiis,
493 1103 632 1183 fiducia,
661 1105 785 1193 magnis
816 1092 997 1169 commodis
1026 1106 1182 1169 victorem

106 1204 289 1269 exercitum
314 1205 427 1287 auxit3
450 1206 608 1293 brevique
632 1205 766 1270 liberior
790 1206 888 1294 ipsis,
908 1208 1076 1296 angustior
1095 1208 1183 1271 hosti

106 1306 343 1388 frumentatio,
375 1307 609 1375 abundantiam
637 1308 785 1371 romanis
813 1309 948 1389 castris,
976 1310 1120 1397 inopiam
1152 1328 1186 1374 et

105 1428 201 1493 paene
217 1406 477 1495 desperationem
493 1408 590 1497 regiis
604 1408 722 1471 attulit.
739 1410 824 1473 Nam
837 1409 871 1472 in
884 1410 1073 1499 regionibus
1085 1413 1185 1498 paulo

105 1522 182 1573 ante
201 1532 261 1596 per
278 1509 452 1574 Lucullum
468 1510 598 1574 vastatis
616 1510 740 1598 exiguae
760 1511 861 1598 copim
876 1526 986 1594 erant3
1006 1533 1114 1599 neque
1129 1535 1183 1577 ac·

105 1612 166 1673 ciri
181 1612 330 1700 longius,
347 1613 494 1699 equitatu
509 1632 625 1699 magna
642 1632 680 1674 ex
699 1627 790 1699 parte
806 1612 941 1693 amisso,
959 1628 1120 1700 poterant.

151 1712 278 1777 XXIII.
298 1712 401 1803 Igitur
421 1713 532 1777 crebra
557 1712 679 1777 fiebant
703 1713 744 1777 ad
770 1713 964 1801 Pompeium
983 1715 1182 1804 transbrgia3

105 1814 230 1902 quibus
255 1815 406 1879 efferatus
430 1813 652 1894 Mithridates,
677 1836 761 1902 quos
778 1814 891 1878 eadem
910 1814 1040 1877 molitos
1058 1835 1183 1902 cogno-

104 1928 215 1990 verat,
230 1914 444 1979 acerbissimis
457 1915 624 2003 suppliciis
640 1914 812 1981 afficiebat.
827 1913 908 1981 Inde
919 1916 1088 2003 pauciores
1096 1917 1182 1997 jam,

105 2015 149 2077 ob
175 2013 437 2103 magnitudinem
461 2036 565 2103 poenae
586 2016 749 2081 deterritis
776 2016 963 2104 plerisque,
985 2017 1181 2106 transfugie-

104 2116 204 2199 bant;
224 2115 283 2179 sed
301 2138 367 2179 nou
387 2115 462 2179 ideo
484 2116 629 2180 cessabat
651 2119 808 2205 penuria,
831 2138 916 2203 quae·
929 2114 1061 2181 tandem
1084 2118 1180 2181 etiam

105 2218 246 2281 inritum
267 2217 309 2282 ad
331 2217 487 2282 interiora
509 2218 601 2308 regni
624 2218 675 2283 sui
693 2215 917 2281 Mithridatem
940 2218 1083 2282 retrusit.
1108 2217 1181 2281 Una

104 2340 180 2408 spes
194 2332 281 2401 erat,
296 2319 462 2399 futurum,
476 2334 515 2383 ut
529 2320 564 2381 in
578 2320 657 2383 locis
672 2320 763 2381 omni
779 2317 870 2383 clade
886 2317 962 2383 belli
976 2320 1096 2382 vexatis
1113 2341 1180 2382 non

104 2421 165 2485 diu
190 2420 309 2486 durare
331 2423 498 2486 Romanus
514 2436 645 2510 postet:
665 2442 735 2485 eam
759 2421 883 2486 irritam
905 2422 1053 2509 Pompeii
1070 2422 1180 2510 provi·

104 2523 218 2587 dentis
233 2525 327 2604 fecit,
351 2524 427 2610 qui,
451 2521 591 2588 dimissis
614 2523 654 2586 ad
672 2523 852 2612 longinqua
867 2521 1181 2604 frumentatoribus,

105 2627 280 2690 maximam
297 2647 436 2689 annonae
451 2626 517 2690 vim
534 2649 552 2690 a
570 2640 663 2713 tergo
680 2624 818 2688 subvehi
834 2626 981 2706 jusserat.
1000 2625 1113 2707 Quum
1128 2642 1179 2688 es-

104 2743 154 2792 set
171 2726 308 2816 adeptus
324 2715 473 2810 hostem,
488 2727 529 2792 nd
546 2727 736 2791 orientalem
750 2726 843 2816 regni
855 2727 982 2816 plagam
996 2726 1181 2806 redactum,

104 2831 348 2895 circumvallare
369 2848 514 2920 pugnam
538 2829 747 2893 detractantis
771 2845 872 2892 castra
894 2829 1008 2916 eoepit,
1031 2828 1113 2890 vallo
1132 2828 1180 2889 vi-

104 2933 188 3020 ginti
215 2933 317 2996 femus
343 2932 549 3014 milliarium,
574 2929 761 3018 crebrisque
787 2931 821 2993 ln
847 2930 1020 2995 circumitu
1045 2929 1181 2992 castellis

104 3031 320 3096 exaedificatis.

149 3133 273 3198 XXIV.
296 3133 336 3198 ld
358 3155 441 3221 opus
464 3132 686 3216 Mithridates,
707 3134 775 3197 sire
797 3133 942 3222 praelium
965 3131 1091 3211 vitans,
1114 3131 1182 3193 sive

102 3257 164 3323 per
178 3233 451 3323 imprudentiam,
464 3259 537 3322 quae
551 3237 653 3298 ferme
664 3234 846 3323 precedere
858 3234 1068 3298 calamitatem
1084 3232 1181 3315 solet,

104 3359 177 3402 nou
195 3336 375 3425 impedivit.
394 3337 493 3400 Fame
510 3359 587 3400 mox
601 3353 759 3426 urgente,
774 3335 936 3425 quidquid
951 3336 985 3398 in
1004 3335 1115 3398 castris
1126 3331 1181 3414 ju-

102 3453 296 3502 mentorum
313 3455 400 3519 erat,
417 3439 638 3525 consumpsit3
656 3461 698 3502 ne
719 3440 765 3502 sic
787 3436 919 3525 quidem
938 3436 1022 3499 ultm
1034 3437 1182 3524 quinque

103 3555 138 3604 et
161 3539 376 3629 quadraginta
402 3539 470 3603 dies
494 3539 674 3604 sufficiente
697 3541 796 3604 victu.
821 3541 977 3603 Praeterea
1001 3539 1121 3603 multos
1141 3538 1183 3602 ad

102 3642 300 3728 Pompeium
332 3661 486 3705 romanos
519 3641 637 3705 milites
664 3643 774 3704 venire
806 3640 973 3728 quotidie,
1009 3655 1182 3728 totumque

102 3741 219 3806 Marcii
236 3742 331 3831 Regis
350 3743 547 3824 exercitum,
567 3741 733 3808 didicerat.
752 3744 857 3833 Igitur
873 3744 983 3831 lugam
1001 3741 1181 3821 meditans,

104 3868 172 3932 quo
187 3843 361 3908 consilium
375 3867 472 3908 suum
487 3844 651 3908 occultum
666 3848 769 3925 foret,
785 3845 881 3908 solito
898 3843 1012 3922 latius,
1027 3857 1060 3905 et
1074 3863 1180 3927 usque

139 4053 246 4122 §nh
265 4055 322 4106 llio.
340 4083 375 4094 -
393 4059 500 4122 Appiam
515 4085 550 4094 -
566 4061 649 4105 Front.
671 4085 705 4094 -
725 4057 742 4122 s
763 4054 851 4105 1111.
868 4056 976 4120 Appias.
997 4081 1031 4090 --
1050 4051 1132 4100 Frout.
1151 4079 1184 4087 —-

103 4144 162 4193 Dio.
175 4171 210 4180 -
226 4143 242 4210 s
256 4139 354 4192 xxtlt.
373 4142 457 4192 frent.
470 4145 494 4201 l,
510 4159 530 4193 1.
544 4171 578 4180 —-
591 4132 699 4208 prlau.
