2875 4900
287 436 357 509 566
463 440 532 506 JO.
558 435 899 506 FREINSIIEMII
931 432 1174 502 SUPPLEM

285 560 439 639 dimenti,
457 580 556 645 quarn
577 556 686 627 auxilii
710 555 782 618 fore
798 570 905 636 ratus,
921 552 1099 617 dimiserat.
1115 550 1180 616 Sed
1192 551 1336 629 Romani,
1395 559 1396 562 ’

284 663 473 751 priusquam
486 658 528 723 ad
539 658 706 723 castellum
718 656 888 744 pervenire
897 670 1025 743 posset,
1038 654 1220 741 assequuti,
1234 674 1339 716 manus

284 782 455 824 conserere
478 776 644 839 coactum,
667 772 836 821 verterunt
858 757 894 819 in
915 757 1037 845 lugam.
1057 755 1171 837 Quum
1190 752 1232 817 ad
1251 753 1339 817 millia

284 862 431 950 quinque
442 860 650 940 cecidissent,
668 858 892 939 Aristobulus,
903 880 982 921 cum
992 858 1081 921 mille
1088 854 1340 921 admodumriris

283 985 343 1053 per
366 962 525 1045 objectam
545 962 691 1025 hostium
713 962 816 1024 aciem
835 960 1009 1047 eruptione
1024 960 1126 1040 facta,
1145 956 1339 1023 blachema-

284 1080 371 1147 tem,
387 1064 504 1152 reliqui
527 1064 560 1127 in
585 1063 700 1126 collem
722 1060 897 1149 quemdam
919 1061 1160 1149 perlegerunt:
1184 1058 1340 1123 castellum

283 1165 385 1230 biduo
403 1180 642 1255 expugnatum
657 1162 880 1243 Aristobulus,
898 1186 976 1228 cum
993 1160 1061 1225 lilio
1077 1174 1210 1249 captus,
1226 1158 1267 1223 ad
1281 1159 1340 1223 Ga·

284 1265 429 1348 binium,
444 1282 477 1329 et
493 1265 533 1329 ab
549 1266 615 1329 hoc
629 1267 768 1329 Romam
783 1265 938 1329 remissus
950 1278 1011 1329 est
1024 1264 1163 1327 Senatus
1179 1262 1341 1327 Aristoba-

232 1358 237 1365 ’
282 1368 351 1431 lum
368 1368 402 1430 in
419 1367 548 1431 vincula
559 1365 665 1447 dedit3
682 1365 766 1431 filios
780 1364 920 1442 dimisit,
934 1367 1011 1453 quia
1025 1364 1205 1445 Gabinius,
1217 1364 1262 1427 ita
1273 1384 1340 1427 cum
1395 1401 1396 1418 κ

284 1482 386 1530 matre
401 1490 515 1531 eorum
534 1468 709 1556 pepigisse,
725 1467 913 1554 scripserat,
928 1488 1033 1554 quum
1049 1488 1104 1547 se,
1121 1480 1155 1529 et
1169 1486 1246 1554 quae
1261 1481 1342 1529 tene·

283 1565 357 1647 bat,
373 1567 408 1629 in
425 1566 521 1631 fidem
536 1590 704 1631 romanam
720 1566 863 1631 dederet.

326 1668 512 1735 XXXVIII.
532 1667 650 1733 Judaeis
665 1667 706 1732 ad
723 1668 815 1733 bunc
829 1670 898 1733 lere
912 1667 1050 1732 modum
1063 1668 1204 1756 pacatis,
1220 1666 1340 1757 expedi·

283 1768 406 1833 tionem
427 1768 584 1834 Gabinius
604 1770 637 1832 in
654 1770 775 1833 Arabas
796 1769 966 1834 Nabataeos
987 1768 1175 1834 adornabat.
1202 1770 1246 1835 tii
1264 1769 1340 1833 enim

283 1884 353 1932 toto
363 1869 418 1932 illo
430 1868 581 1951 biennio,
594 1892 662 1957 quo
672 1871 708 1934 L.
723 1871 865 1935 Marcius
876 1870 1047 1959 Philippus
1058 1872 1219 1959 primum,
1233 1868 1341 1935 deinde
1395 1909 1396 1916 κ

283 1972 342 2033 Cn.
360 1972 518 2035 Lentulus
542 1971 767 2054 Marcellinus,
787 1972 941 2061 practorio
962 1972 1100 2059 imperio
1120 1988 1273 2037 rexerant
1294 1971 1342 2059 Sy·

281 2070 378 2152 riam,
394 2071 498 2135 vicina
513 2072 715 2135 incursantes
731 2072 874 2136 colorem
890 2073 927 2137 P.
940 2070 1058 2137 Clodio
1072 2073 1296 2161 prebuerant,
1309 2086 1340 2135 ut

281 2174 483 2236 consularem
502 2194 577 2235 cum
593 2171 784 2237 Macedonia
799 2174 1000 2261 provinciam
1019 2174 1145 2261 Syriam
1164 2174 1300 2254 faceret,
1314 2187 1341 2235 et
1395 2249 1396 2264 χ

280 2272 367 2336 illam
381 2274 417 2337 L.
432 2274 558 2353 Pisoni,
575 2272 660 2336 hanc
674 2276 715 2338 Α.
728 2270 886 2357 Gabinio,
900 2274 1070 2362 praemium
1086 2272 1211 2362 proditi
1228 2276 1340 2338 Cicero

279 2375 345 2454 nis,
362 2396 437 2438 curn
452 2374 594 2439 exercitu
610 2390 643 2439 et
655 2376 795 2464 pennis
809 2375 912 2440 daret.
931 2376 1029 2440 Forte
1039 2374 1206 2464 peridem
1220 2390 1340 2464 tempus

280 2474 505 2539 Arsacidarum
528 2475 668 2558 domus,
694 2475 866 2541 discordiis
891 2493 990 2564 atque
1012 2475 1194 2565 parricidiis
1217 2492 1339 2556 vexata,

279 2574 368 2642 baud
390 2575 488 2665 longo
509 2577 678 2642 intervallo
695 2576 780 2642 duos
797 2601 889 2667 neges
911 2578 1084 2644 Phraatem
1097 2593 1200 2666 atque
1219 2578 1339 2644 Mithri·

280 2673 386 2740 datern
403 2677 562 2743 amiserat.

322 2777 478 2843 XXXIX.
501 2777 653 2844 Phraates
670 2780 791 2843 scelere
806 2777 947 2843 liliorum
962 2779 1154 2846 interiectus
1172 2797 1269 2847 erat:
1288 2801 1341 2844 nec

277 2878 355 2966 ipsis
377 2880 464 2943 inter
481 2901 516 2942 se
534 2880 607 2968 plus
620 2880 747 2970 pietatis
763 2896 797 2944 et
811 2879 1006 2946 concordias.
1023 2880 1168 2964 Orodes,
1188 2883 1257 2972 qui
1266 2880 1339 2972 patri

277 2998 492 3064 successerat,
510 2979 733 3047 Mithridatem
752 2980 877 3065 Media,
893 3005 992 3071 quam
1008 2983 1063 3048 ille
1078 2983 1234 3066 tenebat,
1253 3005 1341 3072 expu-

277 3081 333 3166 lit;
349 3083 570 3167 Mithridates,
581 3107 656 3149 oum
669 3085 795 3149 Orsene
806 3083 1008 3150 nobilissimo
1021 3085 1220 3150 Parthorum
1230 3085 1272 3150 ad
1281 3085 1339 3150 Ga·

277 3184 404 3248 binium
423 3187 607 3274 profectus,
624 3187 770 3251 venalem
790 3186 909 3251 ducem
922 3187 1115 3251 muneribus
1135 3203 1168 3250 et
1186 3188 1339 3275 pollicita·

275 3287 420 3351 tionibus
439 3289 563 3377 magnis
578 3288 724 3370 induxit,
743 3305 797 3364 ut,
813 3289 941 3353 omissis
958 3289 1139 3371 Arabibus,
1156 3289 1191 3352 in
1210 3289 1339 3354 Parthos

274 3409 361 3450 anna
375 3405 589 3454 converteret.
600 3391 669 3456 Jam
681 3388 723 3452 ad
734 3390 934 3477 Euphratem
947 3390 1105 3454 Gabinius
1115 3413 1193 3454 cum
1203 3391 1339 3455 exercitu

273 3503 423 3564 venerat,
441 3510 544 3575 quum
558 3490 750 3555 Ptolemaeus
767 3494 926 3572 occurrit,
943 3493 1079 3557 literasa
1092 3493 1253 3580 Pompeio
1265 3491 1338 3556 affe·

273 3611 358 3668 rens.
373 3589 532 3655 Gabinius
549 3609 581 3658 et
595 3593 693 3657 literis
706 3592 914 3674 movebatur,
933 3593 1023 3682 quod
1036 3608 1169 3658 auctore
1185 3592 1338 3682 Pompeio

272 3677 409 3772 laceret,
431 3691 568 3780 impune
591 3695 754 3758 lactarunt
778 3715 929 3782 sperans,
948 3709 1001 3776 ct,
1024 3717 1127 3782 quum
1149 3695 1338 3758 Ptolemaeus

271 3792 466 3856 talentorum
488 3792 598 3858 decern
621 3795 719 3858 millia
736 3796 958 3883 promitteret,
983 3794 1209 3886 magnitudine
1225 3813 1338 3856 meree·

303 4009 761 4088 §xxxv11.sopph.anaq.xrv‚
779 4025 807 4058 n
818 4023 864 4070 ,a
875 3979 906 4059 le
918 4011 1052 4068 asnar.
1070 4011 1099 4059 o.
1118 4035 1152 4048 -
1170 4008 1294 4058 ruens.
1310 4006 1335 4052 a

269 4093 363 4140 Anton.
376 4107 431 4158 cap.
446 4093 470 4142 3.
485 4119 519 4132 -
534 4093 591 4146 nto.
616 4121 650 4132 -
667 4093 684 4164 s
700 4094 850 4144 mvtu.
860 4095 969 4159 Appias.
982 4093 1089 4144 Parthie.
1098 4106 1126 4143 et
1137 4094 1232 4159 Syriae.
1240 4117 1275 4130 -
1284 4089 1335 4141 cic.

269 4175 357 4238 patrita
373 4175 400 4223 iu
411 4177 481 4229 Orat.
672 4167 688 4188 “’
