2875 4900
286 347 357 446 690
453 351 522 418 lO.
549 348 890 418 FREINSIIEMII
919 350 1167 418 SUPPLEM.

285 486 319 535 et
334 492 417 560 aqua
432 485 466 535 et
479 492 515 534 re
529 469 743 534 frumentaria
756 469 870 562 hostes
883 469 1118 536 intercluserat
1135 471 1237 560 Igitur
1251 487 1341 535 castra

286 596 384 662 quam
407 569 553 662 proxime
576 570 704 636 hostem
722 571 856 660 posuit;
878 586 912 635 et
930 570 1109 660 postridie,
1130 595 1233 661 quum
1252 571 1342 636 Pom·

284 673 392 764 peiani
405 671 592 762 frequentes
607 687 764 761 squatum
778 672 970 754 exivissem,
984 672 1131 737 immisso
1143 672 1288 760 equitatu
1299 673 1343 735 ni·

273 776 332 841 'hil
346 777 391 840 eis
405 791 514 838 mmm
528 789 585 837 aut
597 774 810 861 tranquillum
823 797 893 840 esse
905 796 1018 862 passus
1032 791 1091 840 est.
1103 775 1151 838 Ea
1160 797 1197 839 re
1209 776 1344 866 cognita,

285 877 437 944 Afranius
454 891 552 962 atque
567 874 714 940 Petreius
731 873 765 940 id
781 875 909 940 consilii
926 875 1079 964 capiunt,
1099 892 1155 958 ut,
1175 899 1195 940 a
1212 875 1294 940 vallo
1309 875 1345 938 ad

283 1001 402 1068 aquam
418 976 557 1042 brachiis
576 972 704 1057 ductis,
722 977 932 1064 aquationem
948 976 1130 1065 expediant.
1151 975 1256 1058 Ilujus
1275 999 1344 1066 ope-

284 1081 328 1144 ris
350 1101 446 1146 causa
465 1100 569 1166 quum
587 1077 718 1166 longius
732 1079 830 1167 paulo
847 1077 1084 1160 discessissent,
1099 1078 1235 1142 liberam
1255 1080 1345 1143 collo-
1403 1150 1404 1171 χ

269 1179 409 1269 quendi
425 1179 613 1244 facultatem
634 1179 721 1244 nacti
745 1178 884 1262 milites,
907 1179 950 1244 de
970 1202 1050 1267 pace
1064 1202 1159 1269 agere
1177 1180 1345 1269 incipiunt;

201 1277 206 1290 ’
284 1281 505 1372 paulatimque
523 1301 563 1344 eo
580 1279 858 1370 progrediuntur,
879 1296 918 1344 ut
938 1282 1196 1346 incolumitatem
1218 1281 1346 1348 ducibus

283 1385 389 1472 pacti,
407 1405 467 1472 per
486 1380 646 1470 primores
662 1381 897 1446 centurionum
912 1383 1028 1448 Caesari
1047 1377 1297 1471 pollicerentur,
1317 1407 1346 1448 se

283 1485 375 1576 signa
390 1483 432 1548 ad
448 1473 526 1548 eum
540 1481 752 1549 translaturos
767 1505 848 1548 esse.

328 1583 481 1650 XXVIII.
498 1585 611 1667 Quum
624 1581 691 1665 jam
708 1584 859 1648 omnium
875 1583 1043 1648 voluntate
1056 1607 1119 1673 pro
1132 1586 1281 1650 confecta
1294 1608 1346 1674 par

284 1687 473 1768 haberetur,
487 1703 644 1774 tanquam
659 1707 727 1749 una
738 1707 780 1748 ex
792 1682 923 1750 duobus
934 1701 1039 1750 castra
1050 1687 1132 1752 facta
1147 1704 1274 1770 essent,
1287 1711 1348 1776 per

284 1786 377 1852 mixti
397 1786 533 1869 milites,
555 1802 593 1850 ut
613 1787 752 1874 quisque
771 1808 849 1850 suos
865 1785 901 1848 in
917 1787 1058 1852 tentoria
1077 1787 1278 1872 abduxerat,
1299 1805 1347 1854 aut

283 1885 414 1976 sequuti
429 1885 575 1967 fuerant,
596 1887 699 1950 multa
718 1885 875 1950 lactitiaet
887 1888 1102 1975 gratulatione
1121 1905 1256 1956 noctem
1274 1893 1347 1956 cele·

284 1988 432 2053 brabant.
453 1987 511 2051 llis
530 1987 628 2052 rebus
646 1984 784 2068 auditis,
798 1986 952 2052 Afranius
969 1989 1005 2053 in
1024 2006 1128 2055 castra
1140 1993 1296 2075 recurrit,
1311 1994 1346 2056 ita

284 2104 510 2178 comparatus,
534 2104 591 2170 ut,
610 2086 774 2176 quidquid
792 2087 981 2172 accidisset,
998 2089 1123 2176 latrinis
1148 2116 1219 2158 non
1244 2095 1347 2182 iniquo

281 2192 392 2256 animo
408 2190 586 2255 videretur.
604 2191 646 2253 At
665 2189 812 2255 Petreius
832 2190 986 2256 familiam
1010 2208 1132 2274 armat,
1150 2211 1279 2260 etcum
1296 2196 1348 2258 hac

283 2309 316 2358 et
333 2291 481 2380 praetoria
498 2290 652 2374 cohorte,
668 2307 701 2354 et
714 2291 828 2379 paucis
845 2291 988 2358 barbaris
1006 2295 1173 2385 equitibus
1188 2295 1348 2362 beneficia·

206 2454 209 2461 .
284 2394 338 2458 riis
353 2393 436 2475 suis,
451 2392 561 2457 subito
574 2390 718 2475 advolat,
736 2409 769 2457 et
784 2410 951 2483 quotquot
967 2394 1212 2486 deprehendere
1227 2399 1348 2465 Caesaris

284 2496 424 2559 militum
438 2510 563 2583 potest,
579 2492 770 2577 obtruncat,
782 2512 872 2561 tanto
886 2498 1013 2580 lurore,
1024 2516 1063 2563 ut
1073 2501 1170 2565 etiam
1184 2496 1347 2567 tribunum

284 2619 302 2659 e
325 2596 411 2678 suis,
434 2596 492 2683 qui
517 2595 655 2661 retinere
681 2596 841 2685 impetum
867 2599 937 2681 ejus
960 2602 1129 2685 voluerat,
1153 2604 1347 2671 confoderet

284 2696 411 2763 Deinde
434 2695 513 2761 flens
533 2696 684 2761 circumit
705 2701 909 2789 manipulos,
933 2725 975 2765 nc
999 2725 1052 2784 se,
1074 2726 1140 2768 neu
1160 2705 1347 2795 Pompeium

282 2800 449 2864 absentem
463 2797 615 2863 deserant
628 2794 854 2889 produntque,
868 2802 1028 2867 obsecrat.
1042 2803 1153 2887 Miles,
1166 2805 1282 2871 subito
1294 2807 1348 2869 im·

283 2902 416 2967 mutatis
438 2900 574 2983 animis,
595 2900 630 2965 in
652 2904 843 2990 praetorium
862 2904 1039 2969 concurrit
1058 2906 1109 2969 Ibi
1125 2906 1349 2986 jusjurandum

192 3004 198 3017 ⁸
282 3004 427 3094 concipit
447 3003 616 3085 Petreius,
632 3026 664 3067 se
685 3008 859 3069 mercium
877 3006 1032 3095 duraque
1050 3030 1115 3071 noa
1128 3009 1348 3097 pmditrtrwn,

281 3130 380 3195 neque
393 3104 608 3185 deserturum,
631 3127 731 3193 neque
750 3108 812 3171 sibi
824 3110 994 3197 sepmutr'm
1009 3133 1032 3173 a
1049 3108 1177 3199 reliquis
1191 3114 1349 3175 consilium

282 3220 469 3298 capturum:
485 3208 519 3271 in
532 3208 602 3271 haec
613 3207 714 3273 rerba
726 3207 814 3287 jurat
829 3208 898 3297 ipse
909 3210 1016 3299 prier3
1029 3208 1130 3301 adigit
1140 3228 1174 3275 et
1186 3214 1350 3277 Afranium

283 3309 317 3372 in
341 3308 477 3390 cadem,
504 3307 629 3373 tribuni
656 3310 954 3398 centurionesque,
979 3310 1099 3377 deinde
1122 3315 1283 3402 manipuli
1304 3336 1349 3379 se·

284 3427 442 3500 quuutur.

327 3512 451 3577 XXIX.
468 3511 606 3594 Juliani,
621 3512 679 3600 qui
697 3510 806 3577 adhue
825 3512 861 3576 in
880 3514 992 3579 castris
1010 3530 1135 3597 essent,
1149 3515 1291 3605 produci
1303 3516 1351 3596 ju·

283 3614 422 3695 bentur;
447 3613 504 3701 qui
519 3612 671 3701 producti
687 3630 781 3696 sunt,
796 3614 1038 3680 interficiuntur
1047 3616 1083 3680 in
1099 3618 1254 3705 praetorio
1268 3641 1278 3682 ε
1291 3618 1352 3707 ple·

281 3739 403 3806 rosque
415 3732 524 3779 tamen
541 3715 584 3795 ii,
600 3715 657 3803 qui
677 3733 882 3805 receperant,
897 3718 1023 3800 celant;
1038 3734 1207 3807 noctuque
1222 3742 1285 3809 per
1296 3719 1352 3783 val·

282 3820 351 3883 lum
368 3817 533 3881 emittunt.
554 3816 659 3881 Caesar
678 3830 788 3881 tamen
804 3816 977 3883 admissam
994 3819 1029 3883 in
1047 3842 1083 3885 se
1097 3818 1269 3908 perfidiam
1288 3841 1349 3883 nou

282 3920 438 3985 sustinuit
456 3917 594 4001 imitari,
618 3916 766 4005 quamvis
790 3920 910 3986 multos
930 3943 1008 3985 sane
1026 3942 1163 3987 suorum
1184 3922 1349 3999 amiseram

315 4118 332 4185 s
345 4118 468 4167 xxvtu.
479 4118 542 4167 Cara.
552 4144 586 4155 —
598 4116 707 4182 Appiae.
