2875 4900
910 152 926 187 Ι

320 355 383 427 16a
478 356 546 423 JO.
574 350 914 421 FREINSHEMII
945 349 1188 419 SUPPLEM.

314 482 432 543 simum
451 494 597 564 egressus
613 471 701 560 apud
720 470 863 534 diversos
883 471 1063 559 reperimr3
1089 467 1147 532 sed
1173 482 1209 529 nt
1232 461 1361 545 livianis

314 578 456 666 reliquiis
471 575 669 654 adhaeream,
682 594 755 661 quae
769 571 929 635 minorem
943 567 1161 657 annisviginti
1177 565 1313 644 faciunt,
1327 586 1362 627 ea

313 700 446 768 quoque
461 677 586 741 ratione
605 671 766 754 adducor,
789 670 879 758 quod
895 670 977 734 nihil
993 669 1035 734 ab
1053 690 1094 733 eo
1113 684 1187 731 aute
1204 666 1271 729 hac
1287 680 1363 727 tem-

311 803 391 868 pora
401 793 527 869 gestum
542 772 696 853 traditur,
709 793 813 859 quum
826 770 896 851 ejus
906 770 971 852 rei,
985 770 1014 833 si
1026 768 1270 846 affuissetaetas,
1280 786 1364 829 oora·

313 880 420 945 siones
438 876 554 941 multas
571 874 683 939 fuisset
697 870 884 953 habiturus;
899 869 1056 959 qnodque
1070 864 1238 933 GMe-rius
1254 888 1363 945 senex,

313 980 388 1043 ideo
402 1000 436 1043 se
452 977 572 1042 bellum
590 973 844 1039 mithridaticum
855 988 1024 1062 appetere,
1040 994 1107 1059 qno
1118 993 1152 1035 se
1163 970 1363 1058 potissimum

312 1078 465 1166 magistro
484 1075 567 1139 filius
584 1073 705 1139 militias
720 1072 906 1137 rudimenta
920 1087 1074 1160 poneret,
1088 1072 1270 1152 jactaverat.

356 1180 397 1243 ll.
413 1178 505 1243 Acris
521 1198 561 1241 ao
581 1196 668 1241 anno
686 1173 808 1255 hiems,
827 1194 931 1262 quum
947 1166 1181 1259 impedimento
1197 1170 1295 1235 rebus
1310 1190 1362 1257 ge·

311 1276 420 1342 randis
433 1294 533 1358 esset,
550 1298 590 1341 eo
605 1275 762 1341 intentius
774 1272 927 1363 cogendis
940 1271 981 1337 ad
994 1272 1117 1337 bellum
1131 1270 1277 1359 pecuniis
1287 1291 1364 1332 oon·

308 1379 395 1442 sules
411 1374 661 1455 incumbebant;
678 1390 711 1440 et
727 1397 769 1439 ne
784 1373 940 1439 militibus
958 1372 1119 1460 stipendia
1133 1370 1301 1451 deessent,
1318 1368 1363 1432 fe·

308 1476 503 1541 stinantibus
517 1476 549 1541 in
570 1496 697 1541 summa
717 1474 827 1562 inopia
842 1472 1008 1555 Patribus,
1029 1471 1363 1549 senatusconsultum,

308 1579 404 1667 quale
418 1594 489 1642 tum
505 1576 629 1665 potuit,
645 1576 767 1641 factum
782 1590 849 1655 est,
863 1584 899 1637 ut
910 1595 1010 1637 aureo
1022 1586 1116 1661 atque
1128 1583 1279 1659 argentea
1292 1580 1364 1633 tert·

301 1680 430 1769 plorum
441 1691 624 1743 amaracum
636 1676 856 1763 confiat-eatur.
866 1672 1030 1761 Principio
1047 1671 1131 1735 veris
1144 1670 1186 1735 ad
1198 1670 1293 1735 AEsin
1309 1668 1363 1733 llu-

309 1781 414 1863 vium,
432 1779 540 1844 Gallim
556 1794 628 1842 turn
637 1776 800 1864 Italiaeque
813 1774 1008 1855 terminum,
1026 1774 1066 1857 Q.
1077 1772 1154 1837 Pius
1170 1795 1248 1835 cum
1263 1773 1364 1861 legato

307 1879 466 1945 Carbonis
483 1878 630 1943 Casinate
646 1877 748 1965 signis
759 1875 882 1941 collatis
896 1873 1069 1939 dimicavit.
1083 1872 1134 1937 ab
1151 1889 1224 1937 orta
1240 1873 1313 1936 luce
1325 1869 1364 1934 ad

164 2014 172 2019 ·
309 1979 474 2045 meridiem
494 2001 621 2044 summa
642 1977 798 2064 utrinque
818 1975 1030 2041 contentione
1054 1988 1239 2062 pugnatum
1264 1994 1365 2061 quum

304 2095 406 2161 esset,
425 2078 615 2143 carboniam
633 2077 716 2141 acies
735 2077 809 2140 loco
833 2072 946 2157 cessit,
964 2074 1073 2139 multis
1091 2097 1131 2138 cx
1151 2096 1214 2138 sno
1231 2093 1365 2138 numero

307 2178 505 2245 desideratis.

351 2280 417 2343 1115
434 2277 558 2343 Idcirco
582 2276 694 2341 vicinis
721 2274 763 2339 ad
788 2276 954 2340 Metellum
978 2274 1224 2357 deficientibus,
1253 2274 1366 2339 consul

305 2379 410 2443 Carbo
429 2378 613 2468 ingentibus
632 2376 733 2466 copiis
750 2374 861 2454 affuit,
886 2393 952 2441 tam
972 2398 1074 2466 prope
1092 2376 1216 2441 collatis
1238 2375 1366 2458 castris,

307 2499 344 2544 ut
363 2479 485 2544 viribus
506 2479 654 2568 superior
669 2477 838 2542 obsessum
859 2495 968 2542 tenere
990 2477 1117 2543 hostem
1132 2477 1311 2545 videretur.
1327 2479 1365 2542 ln

306 2581 411 2646 Africa
426 2579 541 2645 deinde
557 2602 607 2642 res
626 2578 779 2660 turbatae,
795 2595 978 2668 praetorque
997 2581 1035 2644 C.
1046 2581 1164 2645 Fabius
1180 2581 1367 2646 Hadrianus

306 2688 439 2770 pro'pter
457 2681 619 2744 avaritiam
641 2699 679 2742 ac
703 2677 925 2742 crudelitatem
948 2681 982 2744 in
1004 2680 1089 2744 cives
1110 2703 1287 2762 romanos,
1312 2679 1366 2768 qni

307 2782 407 2846 Utiote
428 2779 728 2860 commorabantur,
742 2780 776 2842 in
797 2779 948 2867 praetorio
969 2801 1029 2843 suo
1045 2781 1137 2843 vivus
1154 2797 1293 2846 exustus
1310 2796 1365 2846 est.

306 2882 436 2971 Quippe
458 2881 558 2944 homo
579 2879 794 2967 nequissimus
810 2901 948 2970 regnum
965 2881 1079 2944 Africae
1099 2881 1274 2964 affectare,
1291 2905 1366 2946 coa·

303 2997 421 3068 ctaque
433 3003 601 3044 servorum
613 3002 713 3044 nunu
728 2979 769 3042 de
781 2979 966 3068 principum
979 3001 1059 3045 nece
1069 2981 1277 3069 conspirasse
1288 2981 1369 3047 dice

306 3081 412 3146 batam
426 3079 522 3144 Nulla
532 3079 741 3169 postmodum
752 3078 794 3143 de
808 3080 870 3144 hac
885 3103 920 3144 re
931 3081 1067 3166 quaetio
1081 3082 1159 3163 fuit,
1172 3105 1246 3148 non
1259 3083 1366 3149 solum

304 3180 349 3244 ob
371 3195 516 3267 tempora
538 3179 738 3269 reipublicae,
764 3178 822 3243 sed
844 3181 919 3266 quia
937 3181 1057 3262 justam
1081 3182 1181 3246 fuisse
1202 3186 1368 3250 ultionem

304 3301 466 3344 consensu
481 3295 610 3344 senatus
624 3295 656 3343 et
671 3279 819 3344 omnium
836 3279 1038 3346 credebatur.

350 3380 405 3445 lv.
427 3382 466 3445 ln
488 3379 634 3444 Sardinia
655 3403 787 3468 quoque
811 3381 914 3444 civilia
933 3404 1022 3446 arma
1044 3404 1079 3446 se
1101 3397 1369 3461 commoverant,

305 3479 508 3544 vincentibus
528 3494 560 3546 et
578 3479 624 3542 ibi
647 3480 805 3559 Sullanis;
825 3496 859 3544 et
882 3503 902 3544 a
919 3482 1024 3569 legato
1046 3482 1141 3546 Sullae
1160 3481 1196 3546 L.
1211 3481 1370 3570 Philippo

304 3579 486 3666 provincia,
510 3577 551 3660 Q
563 3579 706 3642 Antonio
727 3595 862 3667 praetore
884 3582 979 3668 pulso
1000 3596 1032 3644 et
1054 3581 1180 3661 occiso,
1203 3597 1370 3670 occupata

338 3757 354 3824 s
368 3761 388 3807 1.
400 3757 431 3805 n.
443 3739 472 3806 c‘
485 3759 549 3818 sm
563 3759 593 3806 n.
604 3757 632 3804 c.
645 3757 686 3806 n.
697 3785 733 3795 -
746 3757 810 3806 aaa
823 3758 929 3823 opnor.
941 3785 975 3796 -
985 3757 1039 3807 nv.
1052 3757 1118 3822 apte.
1134 3783 1170 3796 -
1182 3759 1263 3808 sua.
1273 3759 1370 3808 aava.

300 3843 376 3892 illast.
385 3857 439 3906 cap.
450 3843 495 3891 68.
503 3841 608 3890 -Vell
618 3843 654 3900 11,
665 3841 706 3892 ab.
722 3869 758 3879 —
771 3843 877 3906 Appias.
890 3869 925 3880 -
936 3843 1026 3906 Sapra,
1039 3843 1174 3901 mvn,
1188 3843 1232 3890 16.
1251 3869 1292 3880 -
1305 3842 1324 3908 s
1336 3843 1371 3890 Π.

297 3927 409 3991 Appiam
428 3953 462 3964 -
473 3925 528 3974 tal.
541 3928 608 3975 Max.
617 3927 678 3985 Vll,
695 3927 726 3982 6,
746 3934 772 3982 4.
785 3953 822 3962 -
833 3925 931 3975 Sallust.
947 3924 1011 3990 apud
1029 3926 1121 3974 Donat.
1140 3936 1164 3972 et
1178 3927 1277 3976 loeert.
1289 3941 1319 3975 a.
1335 3951 1371 3962 -

301 4009 379 4058 strab.
389 4009 433 4060 llb.
442 4011 475 4072 V,
485 4025 511 4074 p.
520 4024 581 4070 asp.
592 4035 625 4046 -
635 4009 748 4068 Oronv,
758 4024 800 4056 so.
813 4035 847 4045 -
858 4007 875 4073 S
890 4011 935 4057 111.
950 4007 1001 4056 liv.
1016 4009 1082 4072 Epit.
1097 4034 1133 4044 -
1145 4005 1199 4056 Cic.
1209 4009 1241 4055 in
1253 4011 1329 4056 verr.
1337 4009 1370 4064 V,

305 4095 351 4152 ³6,
364 4095 422 4154 etl,
434 4091 575 4154 ape-Vol.
586 4093 653 4142 Max.
664 4093 714 4150 lx,
728 4093 931 4141 ro.-0ros.-
941 4089 1039 4138 Pedion.
1051 4089 1154 4139 inVerr.
1166 4091 1185 4138 1.
1199 4117 1239 4127 —
1254 4089 1368 4156 Appiam
