2875 4900
304 347 374 431 414
478 348 547 413 JO.
574 346 920 414 FRElNSllEMlI
951 344 1198 413 SUPPLEM.

299 464 503 529 Mithridates
523 486 579 529 eos
596 465 783 552 expulerat,
803 464 933 529 Colchis
952 463 1177 531 Aristarchum
1194 489 1303 557 regern
1316 468 1366 534 de·

299 566 359 632 dit.
379 567 532 631 Comanis
546 567 690 631 Ponticis
706 564 908 629 sacerdotem
923 564 1067 653 praefecit
1082 567 1293 649 Archelaum,
1309 572 1365 634 Ar-

257 745 261 754 ·
300 667 419 748 oholai,
436 689 535 754 quem
550 668 638 731 Sulla
650 668 790 747 vicerat,
805 664 927 746 filium3
941 666 1032 753 quod
1041 667 1259 734 sacerdotium
1270 674 1366 761 regias

298 792 391 857 paine
404 791 483 857 opes
497 790 534 832 ac
545 767 736 856 dignitatem
750 766 901 831 babebat.
913 767 1045 830 Bellona
1056 766 1110 829 hic
1121 783 1155 830 et
1162 768 1366 857 Cappadocia

300 870 453 935 Comanis
470 868 657 949 colebatur,
678 867 813 957 paribus
833 867 1009 955 utrobique
1032 866 1173 957 legibus,
1194 885 1227 933 et
1245 871 1365 934 antisti·

297 988 369 1036 tum
383 970 558 1058 opulentia.
569 969 746 1057 Pompeius
754 969 932 1049 Archelao,
943 983 1059 1057 praeter
1067 990 1182 1057 agrum
1190 971 1364 1058 antiquitus

297 1094 444 1152 sacrum,
467 1070 549 1134 duos
571 1068 688 1149 adjecit
703 1070 738 1133 in
758 1070 871 1134 orbem
893 1070 1062 1149 schoenos,
1081 1069 1115 1133 id
1133 1087 1202 1151 est,
1216 1094 1363 1160 passuum

286 1189 419 1261 ‚septem
430 1171 528 1234 millia
542 1170 751 1259 quingentos.
762 1172 821 1235 His
836 1171 1010 1251 confectis,
1021 1194 1080 1259 per
1090 1171 1324 1259 Cappadociam
1333 1175 1361 1236 in

296 1276 420 1363 Syriam
432 1274 550 1355 morit,
561 1294 681 1360 quum,
692 1272 825 1337 domitis
835 1297 893 1363 per
903 1273 1074 1338 Afranium
1083 1273 1245 1338 Arabibus
1251 1276 1362 1339 Amani

296 1378 430 1458 accolis,
446 1376 531 1439 riam
548 1375 609 1439 sibi
625 1373 839 1464 patefecisset.

341 1480 398 1543 lx.
421 1480 459 1542 ln
476 1478 592 1541 itincre
608 1499 711 1564 quum
726 1492 843 1565 praeter
856 1476 965 1541 Zelam
981 1476 1134 1558 duceret,
1150 1477 1209 1541 ubi
1225 1478 1361 1566 rdiquia

295 1581 468 1644 Triarianoe
494 1578 593 1643 cladis
617 1579 786 1668 insepultae
802 1578 971 1661 jacebant,
993 1580 1157 1643 tumulum
1175 1579 1214 1643 iis
1233 1582 1360 1659 struxit,

293 1698 327 1745 et
347 1682 502 1770 persolvit
516 1698 658 1745 extrema
675 1678 862 1769 magnifice3
879 1678 970 1767 quod
985 1680 1168 1767 neglectum
1182 1681 1360 1760 aLucullo,

294 1783 411 1847 sauciis
429 1797 524 1845 antea
542 1781 682 1845 militum
705 1781 842 1862 animis,
865 1779 955 1845 baud
978 1780 1151 1845 mediocris
1173 1781 1216 1845 ad
1232 1784 1359 1870 pristina

291 1883 367 1949 odia
389 1884 539 1947 cumulus
564 1898 749 1947 accesserat.
768 1883 855 1946 Dum
876 1882 1011 1947 eumad
1031 1882 1166 1948 modurn
1189 1884 1360 1973 Pompeius

292 1987 492 2051 incrementa
510 1985 618 2073 gloriae
636 1985 856 2073 potentieque
876 1984 962 2047 bello
981 1986 1114 2072 quaerit,
1134 1987 1170 2050 C.
1193 1987 1298 2050 Cacsar
1320 1988 1360 2051 ci·

291 2090 409 2152 vilibus
435 2086 558 2151 artibus
585 2085 625 2149 ad
648 2108 728 2174 opes
750 2084 932 2149 vastissimo
954 2084 1065 2147 animo
1088 2086 1359 2174 concupiscendas

290 2206 420 2253 struens
432 2187 574 2268 aditum,
589 2185 759 2276 splendida
771 2186 922 2250 redilitate
936 2186 1143 2275 fungebatur.
1156 2187 1241 2251 Nam
1249 2189 1360 2253 Roma·

291 2292 341 2355 nis
359 2288 663 2379 Megalensibusque
680 2288 786 2369 ludis,
806 2304 920 2377 praeter
942 2289 1113 2353 comitium
1129 2311 1166 2353 ac
1185 2292 1292 2353 sorum
1307 2292 1359 2355 ba·

290 2393 479 2480 silicesque,
503 2392 600 2456 etiam
621 2391 818 2479 Capitolium
844 2390 1046 2479 temporariis
1067 2389 1246 2482 porticibus
1266 2414 1357 2457 orna·

291 2509 399 2573 verat,
417 2493 450 2555 in
468 2492 608 2579 quibus,
626 2492 815 2560 abundante
833 2515 943 2557 rerum
967 2494 1077 2580 copia,
1094 2516 1168 2581 pars
1189 2512 1358 2584 apparatus

288 2593 463 2682 spectanda
481 2610 731 2682 proponeretur.

333 2696 375 2760 X.
393 2695 589 2758 Venatioues
600 2713 709 2760 autem
724 2694 886 2784 ludosque
898 2713 1017 2760 etcum
1031 2697 1151 2787 collega
1165 2699 1211 2763 Μ.
1221 2699 1357 2780 Bibulo,

288 2815 321 2862 et
343 2798 513 2886 separatim
534 2795 652 2881 edidit3
676 2819 744 2884 quo
762 2798 903 2878 facturn,
926 2813 965 2863 ut
982 2799 1207 2862 communium
1228 2822 1356 2888 quoque

289 2922 409 2964 nornen
424 2915 456 2962 et
473 2899 574 2988 gratia
586 2921 684 2986 penes
702 2921 778 2963 eum
794 2899 900 2963 solum
918 2915 1018 2981 esset,
1033 2915 1070 2962 ut
1085 2902 1216 2964 evertisse
1234 2901 1294 2966 sibi
1307 2903 1357 2966 ssi-

287 3001 403 3083 bulus,
420 3001 508 3090 quod
520 2999 661 3082 Polluci,
679 2999 801 3064 diceret
817 3023 825 3064 :
838 3004 969 3064 atenim
988 2999 1125 3065 Geminis
1141 2999 1262 3090 infirm
1277 3003 1356 3068 oedes

279 3105 405 3192 posita,
429 3118 555 3168 tantum
575 3101 708 3167 castoris
725 3101 895 3184 diceretur,
913 3105 960 3166 ita
974 3125 1065 3167 suain
1083 3102 1277 3193 Caesarisque
1289 3127 1355 3169 mrt-

285 3199 498 3286 nficentiam‚
519 3205 609 3268 unias
627 3203 760 3269 cesaris
771 3204 844 3267 dici.

329 3305 387 3370 XI.
412 3303 538 3386 Adjecit
559 3305 694 3393 insuper
717 3320 750 3368 et
770 3303 997 3394 gladiatorium
1016 3326 1136 3370 munus
1155 3307 1277 3388 Caesar,
1299 3329 1353 3395 pa·

285 3405 342 3468 tris
358 3407 546 3469 memoriam
563 3406 749 3488 celebrans,
766 3405 897 3492 paribus
914 3405 1066 3470 trecentis
1082 3421 1114 3470 et
1127 3407 1242 3496 viginti
1255 3407 1351 3488 datis,

285 3530 389 3595 quum
410 3507 574 3596 aliquanto
597 3507 689 3595 plura
708 3506 909 3571 destinasset.
928 3507 996 3570 Sub
1013 3505 1099 3571 idem
1121 3509 1209 3572 enim
1226 3526 1353 3598 tempus

284 3609 565 3674 senatusconsulto
586 3608 627 3672 de
649 3631 789 3673 nurnero
809 3607 1022 3699 gladiatorum
1046 3625 1179 3673 cautum
1199 3628 1265 3694 est,
1288 3635 1352 3700 quo

284 3733 325 3772 nc
350 3707 505 3789 majorem
530 3708 683 3796 cuiquam
706 3710 827 3774 habere
853 3712 965 3776 Romae
987 3711 1116 3792 liceret,
1136 3711 1213 3798 quia
1232 3715 1350 3792 Caesar,

317 3927 416 3992 svm.
431 3928 538 3992 Appiae.
557 3953 592 3963 -
609 3927 690 3975 strab.
703 3926 748 3975 lib.
762 3929 832 3985 ΧΗ,
845 3945 871 3992 p.
884 3929 933 3988 ⁵57
949 3940 974 3976 et
988 3929 1048 3978 558.
1064 3955 1098 3966 —
1111 3930 1178 3979 llirt.
1193 3931 1225 3979 de
1239 3933 1267 3979 lt.
1281 3931 1348 3979 Alex.

281 4012 324 4060 66.
339 4039 373 4048 -
387 4009 403 4076 5
422 4013 469 4058 lx.
484 4011 523 4058 Sic
538 4009 604 4074 apud
613 4013 672 4058 Tac.
681 4013 749 4058 Ann.
760 4013 786 4070 1,
800 4013 847 4065 fir,
860 4013 1023 4060 Germanicus
1036 4027 1092 4076 erga
1101 4014 1161 4060 Vari
1171 4014 1292 4078 reliquias.
1303 4017 1347 4062 En.

279 4121 315 4131 -
328 4095 393 4142 Plut.
409 4095 441 4130 -'-
460 4097 560 4141 Surton.
577 4095 601 4141 in
613 4095 675 4144 car.
694 4111 734 4142 ro.
749 4122 784 4130 -
803 4095 860 4142 Dio.
875 4095 937 4160 -3
951 4097 983 4144 X.
1000 4097 1065 4144 rtur.
1080 4125 1113 4134 -
1128 4097 1185 4145 Dio.
1200 4127 1235 4136 -
1248 4099 1347 4146 sueton.
