<?xml version="1.0" encoding="UTF-8"?>
<!DOCTYPE html PUBLIC "-//W3C//DTD XHTML 1.0 Transitional//EN"
    "http://www.w3.org/TR/xhtml1/DTD/xhtml1-transitional.dtd">
<html xmlns="http://www.w3.org/1999/xhtml" xml:lang="en" lang="en">
 <head>
  <title>
</title>
<meta http-equiv="Content-Type" content="text/html;charset=utf-8" />
  <meta name='ocr-system' content='tesseract 3.04.00' />
  <meta name='ocr-capabilities' content='ocr_page ocr_carea ocr_par ocr_line ocrx_word'/>
</head>
<body>
  <div class='ocr_page' id='page_1' title='image "bibliothecaclas116lemagoog_0532.png"; bbox 0 0 2875 4900; ppageno 0'>
   <div class='ocr_carea' id='block_1_1' title="bbox 557 332 2324 439">
    <p class='ocr_par' dir='ltr' id='par_1_1' title="bbox 557 332 2324 439">
     <span class='ocr_line' id='line_1_1' title="bbox 557 332 2324 439; baseline -0.003 -34"><span class='ocrx_word' id='word_1_1' title='bbox 557 332 692 405; x_wconf 79' lang='lat'><strong>522</strong></span> <span class='ocrx_word' id='word_1_2' title='bbox 849 406 852 410; x_wconf 73' lang='grc'>,</span> <span class='ocrx_word' id='word_1_3' title='bbox 906 339 1041 404; x_wconf 88' lang='lat' dir='ltr'><strong>JO.</strong></span> <span class='ocrx_word' id='word_1_4' title='bbox 1094 337 1776 439; x_wconf 87' lang='lat' dir='ltr'><strong>FREINSHEMII</strong></span> <span class='ocrx_word' id='word_1_5' title='bbox 1837 334 2324 404; x_wconf 89' lang='lat' dir='ltr'><strong>SUPPLEM.</strong></span> 
     </span>
    </p>
   </div>
   <div class='ocr_carea' id='block_1_2' title="bbox 551 455 2672 3974">
    <p class='ocr_par' dir='ltr' id='par_1_2' title="bbox 551 455 2668 744">
     <span class='ocr_line' id='line_1_2' title="bbox 551 455 2668 545; baseline -0.001 -26"><span class='ocrx_word' id='word_1_6' title='bbox 551 459 807 520; x_wconf 85' lang='lat' dir='ltr'><strong>bantur.</strong></span> <span class='ocrx_word' id='word_1_7' title='bbox 858 458 1101 537; x_wconf 79' lang='lat' dir='ltr'><strong>Caesar,</strong></span> <span class='ocrx_word' id='word_1_8' title='bbox 1138 457 1568 544; x_wconf 81' lang='lat' dir='ltr'><strong>trepidatione</strong></span> <span class='ocrx_word' id='word_1_9' title='bbox 1614 457 1932 522; x_wconf 83' lang='lat' dir='ltr'><strong>exercitus</strong></span> <span class='ocrx_word' id='word_1_10' title='bbox 1979 457 2275 545; x_wconf 83' lang='lat' dir='ltr'><strong>cognita,</strong></span> <span class='ocrx_word' id='word_1_11' title='bbox 2328 455 2608 520; x_wconf 85' lang='lat' dir='ltr'><strong>alienum</strong></span> <span class='ocrx_word' id='word_1_12' title='bbox 2635 478 2668 516; x_wconf 90' lang='lat' dir='ltr'><strong>a</strong></span> 
     </span>
     <span class='ocr_line' id='line_1_3' title="bbox 552 547 2668 645; baseline -0.001 -25"><span class='ocrx_word' id='word_1_13' title='bbox 552 556 851 644; x_wconf 78' lang='lat' dir='ltr'><strong>praesenti</strong></span> <span class='ocrx_word' id='word_1_14' title='bbox 885 572 1055 621; x_wconf 86' lang='lat' dir='ltr'><strong>statu</strong></span> <span class='ocrx_word' id='word_1_15' title='bbox 1086 558 1367 645; x_wconf 79' lang='lat' dir='ltr'><strong>putavit,</strong></span> <span class='ocrx_word' id='word_1_16' title='bbox 1400 560 1471 621; x_wconf 88' lang='lat' dir='ltr'><strong>in</strong></span> <span class='ocrx_word' id='word_1_17' title='bbox 1500 558 1884 622; x_wconf 85' lang='lat' dir='ltr'><strong>concionem</strong></span> <span class='ocrx_word' id='word_1_18' title='bbox 1919 580 2071 621; x_wconf 90' lang='lat' dir='ltr'><strong>eum</strong></span> <span class='ocrx_word' id='word_1_19' title='bbox 2102 547 2402 621; x_wconf 78' lang='lat' dir='ltr'><strong>advocari</strong></span> <span class='ocrx_word' id='word_1_20' title='bbox 2420 603 2439 637; x_wconf 89' lang='lat'>,</span> <span class='ocrx_word' id='word_1_21' title='bbox 2469 557 2668 644; x_wconf 89' lang='lat' dir='ltr'><strong>prius-</strong></span> 
     </span>
     <span class='ocr_line' id='line_1_4' title="bbox 559 656 1683 744; baseline 0.004 -24"><span class='ocrx_word' id='word_1_22' title='bbox 559 680 754 744; x_wconf 84' lang='lat' dir='ltr'><strong>quam</strong></span> <span class='ocrx_word' id='word_1_23' title='bbox 790 656 1091 722; x_wconf 88' lang='lat' dir='ltr'><strong>ductores</strong></span> <span class='ocrx_word' id='word_1_24' title='bbox 1123 657 1683 725; x_wconf 83' lang='lat' dir='ltr'><strong>confirmarentur.</strong></span> 
     </span>
    </p>

    <p class='ocr_par' dir='ltr' id='par_1_3' title="bbox 556 756 2672 2334">
     <span class='ocr_line' id='line_1_5' title="bbox 640 756 2672 847; baseline -0.001 -26"><span class='ocrx_word' id='word_1_25' title='bbox 640 759 944 823; x_wconf 85' lang='lat' dir='ltr'><strong>XXVIII.</strong></span> <span class='ocrx_word' id='word_1_26' title='bbox 980 760 1190 847; x_wconf 80' lang='lat' dir='ltr'><strong>Igitur</strong></span> <span class='ocrx_word' id='word_1_27' title='bbox 1221 760 1498 823; x_wconf 88' lang='lat' dir='ltr'><strong>concilio</strong></span> <span class='ocrx_word' id='word_1_28' title='bbox 1530 776 1889 824; x_wconf 80' lang='lat' dir='ltr'><strong>convocato</strong></span> <span class='ocrx_word' id='word_1_29' title='bbox 1910 803 1929 839; x_wconf 87' lang='lat'><strong>,</strong></span> <span class='ocrx_word' id='word_1_30' title='bbox 1964 758 2409 845; x_wconf 87' lang='lat' dir='ltr'><strong>omnibusque</strong></span> <span class='ocrx_word' id='word_1_31' title='bbox 2437 756 2672 821; x_wconf 87' lang='lat' dir='ltr'><strong>adhibi-</strong></span> 
     </span>
     <span class='ocr_line' id='line_1_6' title="bbox 557 858 2670 940; baseline -0.001 -19"><span class='ocrx_word' id='word_1_32' title='bbox 557 859 637 923; x_wconf 88' lang='lat' dir='ltr'><strong>tis</strong></span> <span class='ocrx_word' id='word_1_33' title='bbox 670 859 1161 923; x_wconf 85' lang='lat' dir='ltr'><strong>centurionibus</strong></span> <span class='ocrx_word' id='word_1_34' title='bbox 1181 906 1201 939; x_wconf 85' lang='lat'>,</span> <span class='ocrx_word' id='word_1_35' title='bbox 1237 889 1262 913; x_wconf 73' lang='grc' dir='ltr'><strong>α</strong></span> <span class='ocrx_word' id='word_1_36' title='bbox 1282 860 1527 923; x_wconf 86' lang='lat' dir='ltr'><strong>nullam</strong></span> <span class='ocrx_word' id='word_1_37' title='bbox 1559 882 1696 925; x_wconf 86' lang='lat' dir='ltr'><strong>esse</strong></span> <span class='ocrx_word' id='word_1_38' title='bbox 1728 882 1984 925; x_wconf 85' lang='lat' dir='ltr'><strong>causam</strong></span> <span class='ocrx_word' id='word_1_39' title='bbox 2015 858 2285 924; x_wconf 88' lang='lat' dir='ltr'><strong>timendi</strong></span> <span class='ocrx_word' id='word_1_40' title='bbox 2321 858 2553 940; x_wconf 88' lang='lat' dir='ltr'><strong>docet,</strong></span> <span class='ocrx_word' id='word_1_41' title='bbox 2598 879 2670 919; x_wconf 87' lang='lat' dir='ltr'><strong>ne</strong></span> 
     </span>
     <span class='ocr_line' id='line_1_7' title="bbox 558 960 2670 1048; baseline -0.002 -24"><span class='ocrx_word' id='word_1_42' title='bbox 558 991 582 1014; x_wconf 74' lang='grc' dir='ltr'><strong>α</strong></span> <span class='ocrx_word' id='word_1_43' title='bbox 603 960 960 1024; x_wconf 80' lang='lat' dir='ltr'><strong>Ariovistus</strong></span> <span class='ocrx_word' id='word_1_44' title='bbox 986 960 1189 1024; x_wconf 82' lang='lat' dir='ltr'><strong>solvat</strong></span> <span class='ocrx_word' id='word_1_45' title='bbox 1214 960 1560 1025; x_wconf 84' lang='lat' dir='ltr'><strong>amicitiam</strong></span> <span class='ocrx_word' id='word_1_46' title='bbox 1586 977 1716 1025; x_wconf 87' lang='lat' dir='ltr'><strong>tam</strong></span> <span class='ocrx_word' id='word_1_47' title='bbox 1742 961 2083 1048; x_wconf 82' lang='lat' dir='ltr'><strong>diligenter</strong></span> <span class='ocrx_word' id='word_1_48' title='bbox 2107 960 2443 1046; x_wconf 84' lang='lat' dir='ltr'><strong>quaesitam</strong></span> <span class='ocrx_word' id='word_1_49' title='bbox 2477 974 2543 1021; x_wconf 85' lang='lat' dir='ltr'><strong>et</strong></span> <span class='ocrx_word' id='word_1_50' title='bbox 2566 979 2670 1019; x_wconf 86' lang='lat' dir='ltr'><strong>cu·</strong></span> 
     </span>
     <span class='ocr_line' id='line_1_8' title="bbox 556 1055 2670 1147; baseline -0.001 -25"><span class='ocrx_word' id='word_1_51' title='bbox 556 1091 580 1113; x_wconf 71' lang='grc' dir='ltr'><strong>«ι</strong></span> <span class='ocrx_word' id='word_1_52' title='bbox 601 1058 749 1147; x_wconf 89' lang='lat' dir='ltr'><strong>pide</strong></span> <span class='ocrx_word' id='word_1_53' title='bbox 783 1061 1030 1123; x_wconf 90' lang='lat' dir='ltr'><strong>initam.</strong></span> <span class='ocrx_word' id='word_1_54' title='bbox 1076 1058 1277 1141; x_wconf 86' lang='lat' dir='ltr'><strong>Quod</strong></span> <span class='ocrx_word' id='word_1_55' title='bbox 1316 1062 1367 1123; x_wconf 88' lang='lat' dir='ltr'><strong>si</strong></span> <span class='ocrx_word' id='word_1_56' title='bbox 1410 1062 1686 1125; x_wconf 85' lang='lat' dir='ltr'><strong>maxime</strong></span> <span class='ocrx_word' id='word_1_57' title='bbox 1718 1062 1822 1125; x_wconf 85' lang='lat' dir='ltr'><strong>ille</strong></span> <span class='ocrx_word' id='word_1_58' title='bbox 1853 1060 2167 1140; x_wconf 86' lang='lat' dir='ltr'><strong>insaniat,</strong></span> <span class='ocrx_word' id='word_1_59' title='bbox 2208 1081 2343 1122; x_wconf 91' lang='lat' dir='ltr'><strong>non</strong></span> <span class='ocrx_word' id='word_1_60' title='bbox 2387 1058 2539 1122; x_wconf 85' lang='lat' dir='ltr'><strong>ideo</strong></span> <span class='ocrx_word' id='word_1_61' title='bbox 2567 1055 2670 1119; x_wconf 90' lang='lat' dir='ltr'><strong>de·</strong></span> 
     </span>
     <span class='ocr_line' id='line_1_9' title="bbox 558 1159 2669 1250; baseline -0.001 -27"><span class='ocrx_word' id='word_1_62' title='bbox 558 1192 584 1215; x_wconf 81' lang='grc' dir='ltr'><strong>«ι</strong></span> <span class='ocrx_word' id='word_1_63' title='bbox 602 1159 1021 1248; x_wconf 88' lang='lat' dir='ltr'><strong>spondendos</strong></span> <span class='ocrx_word' id='word_1_64' title='bbox 1052 1162 1335 1243; x_wconf 67' lang='lat' dir='ltr'><strong>animm,</strong></span> <span class='ocrx_word' id='word_1_65' title='bbox 1372 1178 1681 1250; x_wconf 86' lang='lat' dir='ltr'><strong>tanquam</strong></span> <span class='ocrx_word' id='word_1_66' title='bbox 1714 1163 1802 1227; x_wconf 91' lang='lat' dir='ltr'><strong>ob</strong></span> <span class='ocrx_word' id='word_1_67' title='bbox 1831 1184 1968 1226; x_wconf 86' lang='lat' dir='ltr'><strong>rem</strong></span> <span class='ocrx_word' id='word_1_68' title='bbox 2001 1184 2232 1225; x_wconf 84' lang='lat' dir='ltr'><strong>novam</strong></span> <span class='ocrx_word' id='word_1_69' title='bbox 2264 1177 2334 1224; x_wconf 89' lang='lat' dir='ltr'><strong>et</strong></span> <span class='ocrx_word' id='word_1_70' title='bbox 2364 1175 2669 1236; x_wconf 86' lang='lat' dir='ltr'><strong>atrocem,</strong></span> 
     </span>
     <span class='ocr_line' id='line_1_10' title="bbox 560 1261 2670 1344; baseline -0.002 -18"><span class='ocrx_word' id='word_1_71' title='bbox 560 1293 585 1316; x_wconf 77' lang='grc' dir='ltr'><strong>ι</strong></span> <span class='ocrx_word' id='word_1_72' title='bbox 607 1282 764 1326; x_wconf 90' lang='lat' dir='ltr'><strong>esse.</strong></span> <span class='ocrx_word' id='word_1_73' title='bbox 812 1261 1111 1325; x_wconf 90' lang='lat' dir='ltr'><strong>Cimbros</strong></span> <span class='ocrx_word' id='word_1_74' title='bbox 1144 1278 1210 1326; x_wconf 92' lang='lat' dir='ltr'><strong>et</strong></span> <span class='ocrx_word' id='word_1_75' title='bbox 1238 1265 1607 1344; x_wconf 87' lang='lat' dir='ltr'><strong>Teutonos,</strong></span> <span class='ocrx_word' id='word_1_76' title='bbox 1645 1262 1824 1329; x_wconf 86' lang='lat' dir='ltr'><strong>clade</strong></span> <span class='ocrx_word' id='word_1_77' title='bbox 1857 1285 1972 1327; x_wconf 88' lang='lat' dir='ltr'><strong>sua</strong></span> <span class='ocrx_word' id='word_1_78' title='bbox 2006 1262 2158 1327; x_wconf 87' lang='lat' dir='ltr'><strong>satis</strong></span> <span class='ocrx_word' id='word_1_79' title='bbox 2191 1261 2495 1325; x_wconf 84' lang='lat' dir='ltr'><strong>docuisse</strong></span> <span class='ocrx_word' id='word_1_80' title='bbox 2515 1308 2534 1340; x_wconf 93' lang='lat'>,</span> <span class='ocrx_word' id='word_1_81' title='bbox 2566 1279 2670 1321; x_wconf 88' lang='lat' dir='ltr'><strong>nec</strong></span> 
     </span>
     <span class='ocr_line' id='line_1_11' title="bbox 559 1360 2667 1446; baseline -0.001 -21"><span class='ocrx_word' id='word_1_82' title='bbox 559 1364 904 1427; x_wconf 76' lang='lat' dir='ltr'><strong>«invictam</strong></span> <span class='ocrx_word' id='word_1_83' title='bbox 928 1386 1069 1428; x_wconf 89' lang='lat' dir='ltr'><strong>esse</strong></span> <span class='ocrx_word' id='word_1_84' title='bbox 1101 1365 1578 1430; x_wconf 88' lang='lat' dir='ltr'><strong>Germanorum</strong></span> <span class='ocrx_word' id='word_1_85' title='bbox 1616 1366 1919 1430; x_wconf 86' lang='lat' dir='ltr'><strong>ferociam</strong></span> <span class='ocrx_word' id='word_1_86' title='bbox 1939 1414 1958 1446; x_wconf 93' lang='lat'>,</span> <span class='ocrx_word' id='word_1_87' title='bbox 1992 1387 2113 1428; x_wconf 89' lang='lat' dir='ltr'><strong>nec</strong></span> <span class='ocrx_word' id='word_1_88' title='bbox 2148 1362 2332 1427; x_wconf 80' lang='lat' dir='ltr'><strong>valde</strong></span> <span class='ocrx_word' id='word_1_89' title='bbox 2361 1360 2667 1426; x_wconf 83' lang='lat' dir='ltr'><strong>difficilem</strong></span> 
     </span>
     <span class='ocr_line' id='line_1_12' title="bbox 559 1462 2669 1551; baseline -0 -26"><span class='ocrx_word' id='word_1_90' title='bbox 559 1463 772 1526; x_wconf 73' lang='lat' dir='ltr'><strong>«vinci</strong></span> <span class='ocrx_word' id='word_1_91' title='bbox 807 1487 823 1528; x_wconf 88' lang='lat'>:</span> <span class='ocrx_word' id='word_1_92' title='bbox 873 1487 1128 1551; x_wconf 88' lang='lat' dir='ltr'><strong>sperare</strong></span> <span class='ocrx_word' id='word_1_93' title='bbox 1170 1488 1239 1529; x_wconf 86' lang='lat' dir='ltr'><strong>se</strong></span> <span class='ocrx_word' id='word_1_94' title='bbox 1262 1514 1280 1547; x_wconf 87' lang='lat'>‚</span> <span class='ocrx_word' id='word_1_95' title='bbox 1333 1489 1468 1531; x_wconf 87' lang='lat' dir='ltr'><strong>non</strong></span> <span class='ocrx_word' id='word_1_96' title='bbox 1519 1465 1948 1531; x_wconf 85' lang='lat' dir='ltr'><strong>deterioribus</strong></span> <span class='ocrx_word' id='word_1_97' title='bbox 1997 1487 2275 1529; x_wconf 85' lang='lat' dir='ltr'><strong>usurum</strong></span> <span class='ocrx_word' id='word_1_98' title='bbox 2333 1462 2636 1529; x_wconf 79' lang='lat' dir='ltr'><strong>militibus</strong></span> <span class='ocrx_word' id='word_1_99' title='bbox 2654 1505 2669 1536; x_wconf 93' lang='lat'>‚</span> 
     </span>
     <span class='ocr_line' id='line_1_13' title="bbox 559 1566 2668 1654; baseline -0.002 -27"><span class='ocrx_word' id='word_1_100' title='bbox 559 1595 586 1619; x_wconf 71' lang='grc' dir='ltr'><strong>α</strong></span> <span class='ocrx_word' id='word_1_101' title='bbox 605 1587 798 1652; x_wconf 88' lang='lat' dir='ltr'><strong>quam</strong></span> <span class='ocrx_word' id='word_1_102' title='bbox 844 1566 1086 1631; x_wconf 85' lang='lat' dir='ltr'><strong>Marius</strong></span> <span class='ocrx_word' id='word_1_103' title='bbox 1135 1566 1503 1648; x_wconf 81' lang='lat' dir='ltr'><strong>habuisset3</strong></span> <span class='ocrx_word' id='word_1_104' title='bbox 1537 1591 1657 1631; x_wconf 90' lang='lat' dir='ltr'><strong>nec</strong></span> <span class='ocrx_word' id='word_1_105' title='bbox 1695 1569 1866 1654; x_wconf 90' lang='lat' dir='ltr'><strong>ipsos</strong></span> <span class='ocrx_word' id='word_1_106' title='bbox 1913 1568 2122 1631; x_wconf 88' lang='lat' dir='ltr'><strong>multo</strong></span> <span class='ocrx_word' id='word_1_107' title='bbox 2157 1566 2533 1629; x_wconf 84' lang='lat' dir='ltr'><strong>inferiorem</strong></span> <span class='ocrx_word' id='word_1_108' title='bbox 2570 1583 2668 1623; x_wconf 92' lang='lat' dir='ltr'><strong>co-</strong></span> 
     </span>
     <span class='ocr_line' id='line_1_14' title="bbox 562 1662 2669 1755; baseline -0.001 -28"><span class='ocrx_word' id='word_1_109' title='bbox 562 1696 588 1721; x_wconf 76' lang='lat'>«</span> <span class='ocrx_word' id='word_1_110' title='bbox 610 1666 905 1754; x_wconf 85' lang='lat' dir='ltr'><strong>gnituros</strong></span> <span class='ocrx_word' id='word_1_111' title='bbox 946 1666 1425 1755; x_wconf 84' lang='lat' dir='ltr'><strong>imperatorem.</strong></span> <span class='ocrx_word' id='word_1_112' title='bbox 1469 1669 1678 1731; x_wconf 88' lang='lat' dir='ltr'><strong>Etiam</strong></span> <span class='ocrx_word' id='word_1_113' title='bbox 1719 1668 2002 1754; x_wconf 81' lang='lat' dir='ltr'><strong>Spartaci</strong></span> <span class='ocrx_word' id='word_1_114' title='bbox 2043 1666 2216 1729; x_wconf 91' lang='lat' dir='ltr'><strong>bello</strong></span> <span class='ocrx_word' id='word_1_115' title='bbox 2253 1664 2498 1728; x_wconf 83' lang='lat' dir='ltr'><strong>deletas</strong></span> <span class='ocrx_word' id='word_1_116' title='bbox 2528 1662 2669 1725; x_wconf 84' lang='lat' dir='ltr'><strong>Ger-</strong></span> 
     </span>
     <span class='ocr_line' id='line_1_15' title="bbox 562 1766 2665 1856; baseline -0.004 -26"><span class='ocrx_word' id='word_1_117' title='bbox 562 1797 586 1821; x_wconf 76' lang='lat'>«</span> <span class='ocrx_word' id='word_1_118' title='bbox 608 1789 947 1830; x_wconf 84' lang='lat' dir='ltr'><strong>manorum</strong></span> <span class='ocrx_word' id='word_1_119' title='bbox 997 1767 1300 1832; x_wconf 84' lang='lat' dir='ltr'><strong>maximas</strong></span> <span class='ocrx_word' id='word_1_120' title='bbox 1345 1768 1560 1856; x_wconf 89' lang='lat' dir='ltr'><strong>copias</strong></span> <span class='ocrx_word' id='word_1_121' title='bbox 1605 1792 1642 1831; x_wconf 90' lang='lat' dir='ltr'><strong>a</strong></span> <span class='ocrx_word' id='word_1_122' title='bbox 1685 1768 1963 1832; x_wconf 86' lang='lat' dir='ltr'><strong>ducibus</strong></span> <span class='ocrx_word' id='word_1_123' title='bbox 2014 1790 2148 1832; x_wconf 90' lang='lat' dir='ltr'><strong>non</strong></span> <span class='ocrx_word' id='word_1_124' title='bbox 2197 1766 2494 1830; x_wconf 86' lang='lat' dir='ltr'><strong>maximis</strong></span> <span class='ocrx_word' id='word_1_125' title='bbox 2527 1782 2665 1825; x_wconf 87' lang='lat' dir='ltr'><strong>esse.</strong></span> 
     </span>
     <span class='ocr_line' id='line_1_16' title="bbox 563 1864 2669 1957; baseline -0.002 -26"><span class='ocrx_word' id='word_1_126' title='bbox 563 1898 588 1921; x_wconf 76' lang='grc' dir='ltr'><strong>«ι</strong></span> <span class='ocrx_word' id='word_1_127' title='bbox 609 1869 776 1931; x_wconf 90' lang='lat' dir='ltr'><strong>Cum</strong></span> <span class='ocrx_word' id='word_1_128' title='bbox 809 1868 911 1931; x_wconf 90' lang='lat' dir='ltr'><strong>his</strong></span> <span class='ocrx_word' id='word_1_129' title='bbox 944 1868 1095 1957; x_wconf 81' lang='lat' dir='ltr'><strong>ipsis</strong></span> <span class='ocrx_word' id='word_1_130' title='bbox 1134 1868 1433 1933; x_wconf 80' lang='lat' dir='ltr'><strong>hostibus</strong></span> <span class='ocrx_word' id='word_1_131' title='bbox 1467 1891 1584 1956; x_wconf 87' lang='lat' dir='ltr'><strong>per</strong></span> <span class='ocrx_word' id='word_1_132' title='bbox 1619 1891 1729 1932; x_wconf 87' lang='lat' dir='ltr'><strong>eos</strong></span> <span class='ocrx_word' id='word_1_133' title='bbox 1765 1890 1972 1932; x_wconf 91' lang='lat' dir='ltr'><strong>annos</strong></span> <span class='ocrx_word' id='word_1_134' title='bbox 2005 1888 2171 1954; x_wconf 82' lang='lat' dir='ltr'><strong>saepe</strong></span> <span class='ocrx_word' id='word_1_135' title='bbox 2207 1864 2535 1929; x_wconf 81' lang='lat' dir='ltr'><strong>Helvetios</strong></span> <span class='ocrx_word' id='word_1_136' title='bbox 2567 1883 2669 1947; x_wconf 87' lang='lat' dir='ltr'><strong>pu-</strong></span> 
     </span>
     <span class='ocr_line' id='line_1_17' title="bbox 566 1963 2666 2057; baseline -0.004 -26"><span class='ocrx_word' id='word_1_137' title='bbox 566 1991 870 2057; x_wconf 76' lang='lat' dir='ltr'><strong>«gnasse,</strong></span> <span class='ocrx_word' id='word_1_138' title='bbox 903 1991 1142 2055; x_wconf 87' lang='lat' dir='ltr'><strong>eosque</strong></span> <span class='ocrx_word' id='word_1_139' title='bbox 1186 1989 1320 2032; x_wconf 86' lang='lat' dir='ltr'><strong>non</strong></span> <span class='ocrx_word' id='word_1_140' title='bbox 1362 1970 1429 2031; x_wconf 90' lang='lat' dir='ltr'><strong>in</strong></span> <span class='ocrx_word' id='word_1_141' title='bbox 1468 1991 1589 2031; x_wconf 89' lang='lat' dir='ltr'><strong>suo</strong></span> <span class='ocrx_word' id='word_1_142' title='bbox 1627 1983 1920 2048; x_wconf 86' lang='lat' dir='ltr'><strong>tantum,</strong></span> <span class='ocrx_word' id='word_1_143' title='bbox 1955 1966 2068 2031; x_wconf 89' lang='lat' dir='ltr'><strong>sed</strong></span> <span class='ocrx_word' id='word_1_144' title='bbox 2101 1966 2296 2031; x_wconf 82' lang='lat' dir='ltr'><strong>etiam</strong></span> <span class='ocrx_word' id='word_1_145' title='bbox 2331 1966 2402 2028; x_wconf 91' lang='lat' dir='ltr'><strong>in</strong></span> <span class='ocrx_word' id='word_1_146' title='bbox 2434 1963 2666 2026; x_wconf 85' lang='lat' dir='ltr'><strong>illorum</strong></span> 
     </span>
     <span class='ocr_line' id='line_1_18' title="bbox 565 2065 2665 2158; baseline -0.004 -24"><span class='ocrx_word' id='word_1_147' title='bbox 565 2072 749 2134; x_wconf 77' lang='lat' dir='ltr'><strong>«solo</strong></span> <span class='ocrx_word' id='word_1_148' title='bbox 784 2071 1054 2135; x_wconf 85' lang='lat' dir='ltr'><strong>vicisse:</strong></span> <span class='ocrx_word' id='word_1_149' title='bbox 1094 2092 1410 2157; x_wconf 80' lang='lat' dir='ltr'><strong>quorsum</strong></span> <span class='ocrx_word' id='word_1_150' title='bbox 1460 2070 1660 2158; x_wconf 85' lang='lat' dir='ltr'><strong>igitur</strong></span> <span class='ocrx_word' id='word_1_151' title='bbox 1713 2069 1980 2133; x_wconf 84' lang='lat' dir='ltr'><strong>timeant</strong></span> <span class='ocrx_word' id='word_1_152' title='bbox 2028 2067 2110 2131; x_wconf 87' lang='lat' dir='ltr'><strong>ab</strong></span> <span class='ocrx_word' id='word_1_153' title='bbox 2157 2065 2299 2130; x_wconf 87' lang='lat' dir='ltr'><strong>aliis</strong></span> <span class='ocrx_word' id='word_1_154' title='bbox 2351 2077 2629 2152; x_wconf 83' lang='lat' dir='ltr'><strong>expertos</strong></span> <span class='ocrx_word' id='word_1_155' title='bbox 2650 2105 2665 2136; x_wconf 91' lang='lat'>‚</span> 
     </span>
     <span class='ocr_line' id='line_1_19' title="bbox 564 2169 2664 2259; baseline -0.004 -25"><span class='ocrx_word' id='word_1_156' title='bbox 564 2201 591 2226; x_wconf 71' lang='grc' dir='ltr'><strong><em>κ</em></strong></span> <span class='ocrx_word' id='word_1_157' title='bbox 610 2192 815 2258; x_wconf 85' lang='lat' dir='ltr'><strong>quum</strong></span> <span class='ocrx_word' id='word_1_158' title='bbox 864 2170 1041 2234; x_wconf 88' lang='lat' dir='ltr'><strong>haud</strong></span> <span class='ocrx_word' id='word_1_159' title='bbox 1092 2192 1329 2259; x_wconf 82' lang='lat' dir='ltr'><strong>magno</strong></span> <span class='ocrx_word' id='word_1_160' title='bbox 1378 2172 1640 2259; x_wconf 85' lang='lat' dir='ltr'><strong>negotio</strong></span> <span class='ocrx_word' id='word_1_161' title='bbox 1677 2172 2043 2259; x_wconf 87' lang='lat' dir='ltr'><strong>superiores</strong></span> <span class='ocrx_word' id='word_1_162' title='bbox 2075 2169 2432 2234; x_wconf 81' lang='lat' dir='ltr'><strong>victoribus</strong></span> <span class='ocrx_word' id='word_1_163' title='bbox 2464 2182 2664 2229; x_wconf 85' lang='lat' dir='ltr'><strong>eorum</strong></span> 
     </span>
     <span class='ocr_line' id='line_1_20' title="bbox 567 2271 899 2334; baseline 0 0"><span class='ocrx_word' id='word_1_164' title='bbox 567 2301 592 2325; x_wconf 71' lang='grc' dir='ltr'><strong><em>κ</em></strong></span> <span class='ocrx_word' id='word_1_165' title='bbox 611 2272 854 2334; x_wconf 87' lang='lat' dir='ltr'><strong>fuerint</strong></span> <span class='ocrx_word' id='word_1_166' title='bbox 872 2271 899 2334; x_wconf 71' lang='grc' dir='ltr'>Ρ</span> 
     </span>
    </p>

    <p class='ocr_par' dir='ltr' id='par_1_4' title="bbox 567 2367 2666 2664">
     <span class='ocr_line' id='line_1_21' title="bbox 655 2367 2662 2462; baseline -0.004 -27"><span class='ocrx_word' id='word_1_167' title='bbox 655 2372 899 2436; x_wconf 88' lang='lat' dir='ltr'><strong>XXIX.</strong></span> <span class='ocrx_word' id='word_1_168' title='bbox 924 2402 950 2427; x_wconf 74' lang='grc' dir='ltr'><strong><em>κ</em></strong></span> <span class='ocrx_word' id='word_1_169' title='bbox 972 2371 1171 2453; x_wconf 86' lang='lat' dir='ltr'><strong>Quod</strong></span> <span class='ocrx_word' id='word_1_170' title='bbox 1198 2388 1413 2436; x_wconf 84' lang='lat' dir='ltr'><strong>autem</strong></span> <span class='ocrx_word' id='word_1_171' title='bbox 1438 2370 1703 2460; x_wconf 88' lang='lat' dir='ltr'><strong>quidam</strong></span> <span class='ocrx_word' id='word_1_172' title='bbox 1735 2373 1950 2437; x_wconf 87' lang='lat' dir='ltr'><strong>timori</strong></span> <span class='ocrx_word' id='word_1_173' title='bbox 1975 2370 2255 2462; x_wconf 86' lang='lat' dir='ltr'><strong>tegendo</strong></span> <span class='ocrx_word' id='word_1_174' title='bbox 2285 2367 2662 2436; x_wconf 78' lang='lat' dir='ltr'><strong>difficultates</strong></span> 
     </span>
     <span class='ocr_line' id='line_1_22' title="bbox 570 2468 2666 2563; baseline -0.002 -27"><span class='ocrx_word' id='word_1_175' title='bbox 570 2475 950 2556; x_wconf 79' lang='lat' dir='ltr'><strong>«itinerum,</strong></span> <span class='ocrx_word' id='word_1_176' title='bbox 980 2492 1047 2539; x_wconf 94' lang='lat' dir='ltr'><strong>et</strong></span> <span class='ocrx_word' id='word_1_177' title='bbox 1070 2476 1395 2563; x_wconf 84' lang='lat' dir='ltr'><strong>angustias</strong></span> <span class='ocrx_word' id='word_1_178' title='bbox 1419 2475 1854 2539; x_wconf 78' lang='lat' dir='ltr'><strong>frumentariae</strong></span> <span class='ocrx_word' id='word_1_179' title='bbox 1882 2475 1976 2537; x_wconf 88' lang='lat' dir='ltr'><strong>rei</strong></span> <span class='ocrx_word' id='word_1_180' title='bbox 2004 2472 2406 2554; x_wconf 79' lang='lat' dir='ltr'><strong>obtendant3</strong></span> <span class='ocrx_word' id='word_1_181' title='bbox 2430 2469 2495 2534; x_wconf 91' lang='lat' dir='ltr'><strong>id</strong></span> <span class='ocrx_word' id='word_1_182' title='bbox 2518 2468 2666 2554; x_wconf 75' lang='lat' dir='ltr'><strong>ipsos</strong></span> 
     </span>
     <span class='ocr_line' id='line_1_23' title="bbox 567 2566 2664 2664; baseline -0.005 -28"><span class='ocrx_word' id='word_1_183' title='bbox 567 2603 593 2630; x_wconf 70' lang='grc' dir='ltr'><strong>σι</strong></span> <span class='ocrx_word' id='word_1_184' title='bbox 612 2590 984 2662; x_wconf 87' lang='lat' dir='ltr'><strong>arroganter</strong></span> <span class='ocrx_word' id='word_1_185' title='bbox 1011 2575 1253 2657; x_wconf 71' lang='lat' dir='ltr'><strong>faeere,</strong></span> <span class='ocrx_word' id='word_1_186' title='bbox 1289 2576 1403 2664; x_wconf 83' lang='lat' dir='ltr'><strong>qui</strong></span> <span class='ocrx_word' id='word_1_187' title='bbox 1433 2600 1628 2641; x_wconf 90' lang='lat' dir='ltr'><strong>suum</strong></span> <span class='ocrx_word' id='word_1_188' title='bbox 1652 2578 1759 2657; x_wconf 85' lang='lat' dir='ltr'><strong>jus</strong></span> <span class='ocrx_word' id='word_1_189' title='bbox 1787 2597 1924 2640; x_wconf 89' lang='lat' dir='ltr'><strong>esse</strong></span> <span class='ocrx_word' id='word_1_190' title='bbox 1955 2591 2188 2663; x_wconf 86' lang='lat' dir='ltr'><strong>putent</strong></span> <span class='ocrx_word' id='word_1_191' title='bbox 2207 2622 2225 2655; x_wconf 87' lang='lat'>,</span> <span class='ocrx_word' id='word_1_192' title='bbox 2258 2572 2346 2637; x_wconf 91' lang='lat' dir='ltr'><strong>de</strong></span> <span class='ocrx_word' id='word_1_193' title='bbox 2373 2572 2471 2635; x_wconf 89' lang='lat' dir='ltr'><strong>his</strong></span> <span class='ocrx_word' id='word_1_194' title='bbox 2497 2566 2664 2630; x_wconf 87' lang='lat' dir='ltr'><strong>rebus</strong></span> 
     </span>
    </p>

    <p class='ocr_par' dir='ltr' id='par_1_5' title="bbox 568 2673 2663 2765">
     <span class='ocr_line' id='line_1_24' title="bbox 568 2673 2663 2765; baseline -0.005 -26.757"><span class='ocrx_word' id='word_1_195' title='bbox 568 2675 997 2740; x_wconf 74' lang='lat' dir='ltr'><strong>«consulendi</strong></span> <span class='ocrx_word' id='word_1_196' title='bbox 1017 2724 1035 2757; x_wconf 87' lang='lat'>,</span> <span class='ocrx_word' id='word_1_197' title='bbox 1091 2700 1236 2765; x_wconf 83' lang='lat' dir='ltr'><strong>quae</strong></span> <span class='ocrx_word' id='word_1_198' title='bbox 1285 2692 1435 2742; x_wconf 86' lang='lat' dir='ltr'><strong>totae</strong></span> <span class='ocrx_word' id='word_1_199' title='bbox 1488 2677 1893 2765; x_wconf 87' lang='lat' dir='ltr'><strong>imperatoris</strong></span> <span class='ocrx_word' id='word_1_200' title='bbox 1944 2673 2160 2739; x_wconf 84' lang='lat' dir='ltr'><strong>officio</strong></span> <span class='ocrx_word' id='word_1_201' title='bbox 2215 2673 2663 2738; x_wconf 85' lang='lat' dir='ltr'><strong>contineantur.</strong></span> 
     </span>
    </p>

    <p class='ocr_par' dir='ltr' id='par_1_6' title="bbox 569 2775 2666 2865">
     <span class='ocr_line' id='line_1_25' title="bbox 569 2775 2666 2865; baseline -0.001 -24.961"><span class='ocrx_word' id='word_1_202' title='bbox 569 2775 818 2865; x_wconf 74' lang='lat' dir='ltr'><strong>«Igitur</strong></span> <span class='ocrx_word' id='word_1_203' title='bbox 852 2775 955 2839; x_wconf 82' lang='lat' dir='ltr'><strong>ina</strong></span> <span class='ocrx_word' id='word_1_204' title='bbox 995 2778 1120 2840; x_wconf 89' lang='lat' dir='ltr'><strong>sibi</strong></span> <span class='ocrx_word' id='word_1_205' title='bbox 1161 2800 1331 2841; x_wconf 82' lang='lat' dir='ltr'><strong>curae</strong></span> <span class='ocrx_word' id='word_1_206' title='bbox 1372 2793 1437 2842; x_wconf 90' lang='lat' dir='ltr'><strong>et</strong></span> <span class='ocrx_word' id='word_1_207' title='bbox 1477 2778 1708 2858; x_wconf 83' lang='lat' dir='ltr'><strong>fuisse,</strong></span> <span class='ocrx_word' id='word_1_208' title='bbox 1748 2793 1812 2841; x_wconf 87' lang='lat' dir='ltr'><strong>et</strong></span> <span class='ocrx_word' id='word_1_209' title='bbox 1841 2776 2000 2840; x_wconf 89' lang='lat' dir='ltr'><strong>fore.</strong></span> <span class='ocrx_word' id='word_1_210' title='bbox 2033 2775 2264 2863; x_wconf 90' lang='lat' dir='ltr'><strong>Neque</strong></span> <span class='ocrx_word' id='word_1_211' title='bbox 2292 2789 2518 2862; x_wconf 81' lang='lat' dir='ltr'><strong>putare</strong></span> <span class='ocrx_word' id='word_1_212' title='bbox 2541 2785 2666 2828; x_wconf 65' lang='lat' dir='ltr'>vera</span> 
     </span>
    </p>

    <p class='ocr_par' dir='ltr' id='par_1_7' title="bbox 570 2862 2661 2967">
     <span class='ocr_line' id='line_1_26' title="bbox 570 2862 2661 2967; baseline -0.001 -28.955"><span class='ocrx_word' id='word_1_213' title='bbox 570 2876 946 2957; x_wconf 81' lang='lat' dir='ltr'><strong>«retulisse,</strong></span> <span class='ocrx_word' id='word_1_214' title='bbox 983 2879 1095 2964; x_wconf 93' lang='lat' dir='ltr'><strong>qui</strong></span> <span class='ocrx_word' id='word_1_215' title='bbox 1128 2879 1357 2942; x_wconf 90' lang='lat' dir='ltr'><strong>milites</strong></span> <span class='ocrx_word' id='word_1_216' title='bbox 1385 2896 1652 2967; x_wconf 89' lang='lat' dir='ltr'><strong>propter</strong></span> <span class='ocrx_word' id='word_1_217' title='bbox 1687 2878 2023 2957; x_wconf 88' lang='lat' dir='ltr'><strong>timorem,</strong></span> <span class='ocrx_word' id='word_1_218' title='bbox 2062 2877 2176 2940; x_wconf 91' lang='lat' dir='ltr'><strong>ubi</strong></span> <span class='ocrx_word' id='word_1_219' title='bbox 2215 2893 2424 2941; x_wconf 83' lang='lat' dir='ltr'><strong>castra</strong></span> <span class='ocrx_word' id='word_1_220' title='bbox 2452 2862 2661 2936; x_wconf 81' lang='lat' dir='ltr'><strong>moveri</strong></span> 
     </span>
    </p>

    <p class='ocr_par' dir='ltr' id='par_1_8' title="bbox 572 2973 2663 3168">
     <span class='ocr_line' id='line_1_27' title="bbox 572 2973 2663 3068; baseline -0.002 -27.922"><span class='ocrx_word' id='word_1_221' title='bbox 572 2977 939 3060; x_wconf 77' lang='lat' dir='ltr'><strong>«jussisset,</strong></span> <span class='ocrx_word' id='word_1_222' title='bbox 986 2980 1168 3068; x_wconf 87' lang='lat' dir='ltr'><strong>signa</strong></span> <span class='ocrx_word' id='word_1_223' title='bbox 1215 2979 1583 3044; x_wconf 89' lang='lat' dir='ltr'><strong>deserturos</strong></span> <span class='ocrx_word' id='word_1_224' title='bbox 1633 3001 1770 3043; x_wconf 88' lang='lat' dir='ltr'><strong>esse</strong></span> <span class='ocrx_word' id='word_1_225' title='bbox 1815 2979 2269 3042; x_wconf 90' lang='lat' dir='ltr'><strong>renuntiarint.</strong></span> <span class='ocrx_word' id='word_1_226' title='bbox 2319 2978 2381 3042; x_wconf 91' lang='lat' dir='ltr'>N</span> <span class='ocrx_word' id='word_1_227' title='bbox 2383 2997 2468 3040; x_wconf 89' lang='lat' dir='ltr'><strong>on</strong></span> <span class='ocrx_word' id='word_1_228' title='bbox 2498 2973 2578 3034; x_wconf 76' lang='lat' dir='ltr'><strong>ita</strong></span> <span class='ocrx_word' id='word_1_229' title='bbox 2609 2984 2663 3027; x_wconf 68' lang='lat'><strong>⁵⁶</strong></span> 
     </span>
     <span class='ocr_line' id='line_1_28' title="bbox 573 3077 2663 3168; baseline 0 -27"><span class='ocrx_word' id='word_1_230' title='bbox 573 3079 871 3143; x_wconf 78' lang='lat' dir='ltr'><strong>«virtutis</strong></span> <span class='ocrx_word' id='word_1_231' title='bbox 920 3080 1362 3168; x_wconf 87' lang='lat' dir='ltr'><strong>felicitatisque</strong></span> <span class='ocrx_word' id='word_1_232' title='bbox 1400 3103 1571 3160; x_wconf 82' lang='lat' dir='ltr'><strong>suae,</strong></span> <span class='ocrx_word' id='word_1_233' title='bbox 1619 3103 1694 3144; x_wconf 90' lang='lat' dir='ltr'><strong>ac</strong></span> <span class='ocrx_word' id='word_1_234' title='bbox 1733 3096 2036 3167; x_wconf 84' lang='lat' dir='ltr'><strong>praeterea</strong></span> <span class='ocrx_word' id='word_1_235' title='bbox 2076 3077 2463 3143; x_wconf 68' lang='lat' dir='ltr'><strong>innocentiae</strong></span> <span class='ocrx_word' id='word_1_236' title='bbox 2488 3087 2663 3162; x_wconf 83' lang='lat' dir='ltr'><strong>poem-</strong></span> 
     </span>
    </p>

    <p class='ocr_par' dir='ltr' id='par_1_9' title="bbox 574 3173 2664 3471">
     <span class='ocr_line' id='line_1_29' title="bbox 574 3173 2662 3269; baseline -0.002 -24.902"><span class='ocrx_word' id='word_1_237' title='bbox 574 3196 791 3262; x_wconf 76' lang='lat' dir='ltr'><strong>«tere,</strong></span> <span class='ocrx_word' id='word_1_238' title='bbox 829 3198 903 3244; x_wconf 92' lang='lat' dir='ltr'><strong>ut</strong></span> <span class='ocrx_word' id='word_1_239' title='bbox 919 3229 939 3262; x_wconf 86' lang='lat'><strong>,</strong></span> <span class='ocrx_word' id='word_1_240' title='bbox 977 3181 1155 3268; x_wconf 90' lang='lat' dir='ltr'><strong>quod</strong></span> <span class='ocrx_word' id='word_1_241' title='bbox 1202 3183 1382 3246; x_wconf 87' lang='lat' dir='ltr'><strong>malis</strong></span> <span class='ocrx_word' id='word_1_242' title='bbox 1416 3198 1613 3269; x_wconf 87' lang='lat' dir='ltr'><strong>atque</strong></span> <span class='ocrx_word' id='word_1_243' title='bbox 1644 3181 1848 3246; x_wconf 80' lang='lat' dir='ltr'><strong>avaris</strong></span> <span class='ocrx_word' id='word_1_244' title='bbox 1883 3180 2159 3245; x_wconf 85' lang='lat' dir='ltr'><strong>ducibus</strong></span> <span class='ocrx_word' id='word_1_245' title='bbox 2202 3173 2540 3267; x_wconf 78' lang='lat' dir='ltr'><strong>aliquando</strong></span> <span class='ocrx_word' id='word_1_246' title='bbox 2573 3186 2662 3229; x_wconf 69' lang='lat'><strong>³0·</strong></span> 
     </span>
     <span class='ocr_line' id='line_1_30' title="bbox 576 3275 2664 3362; baseline -0.009 -18"><span class='ocrx_word' id='word_1_247' title='bbox 576 3280 878 3344; x_wconf 72' lang='lat' dir='ltr'><strong>«cidisset</strong></span> <span class='ocrx_word' id='word_1_248' title='bbox 896 3329 913 3362; x_wconf 93' lang='lat'>‚</span> <span class='ocrx_word' id='word_1_249' title='bbox 960 3281 1028 3345; x_wconf 84' lang='lat' dir='ltr'><strong>id</strong></span> <span class='ocrx_word' id='word_1_250' title='bbox 1066 3283 1192 3346; x_wconf 88' lang='lat' dir='ltr'><strong>sibi</strong></span> <span class='ocrx_word' id='word_1_251' title='bbox 1223 3282 1650 3347; x_wconf 89' lang='lat' dir='ltr'><strong>metuendum</strong></span> <span class='ocrx_word' id='word_1_252' title='bbox 1685 3305 1723 3346; x_wconf 88' lang='lat' dir='ltr'><strong>a</strong></span> <span class='ocrx_word' id='word_1_253' title='bbox 1755 3280 2066 3347; x_wconf 87' lang='lat' dir='ltr'><strong>militibus</strong></span> <span class='ocrx_word' id='word_1_254' title='bbox 2111 3281 2246 3345; x_wconf 83' lang='lat' dir='ltr'><strong>suis</strong></span> <span class='ocrx_word' id='word_1_255' title='bbox 2289 3275 2664 3343; x_wconf 70' lang='lat' dir='ltr'><strong>existimaret.</strong></span> 
     </span>
     <span class='ocr_line' id='line_1_31' title="bbox 575 3375 2664 3471; baseline -0.002 -27"><span class='ocrx_word' id='word_1_256' title='bbox 575 3411 601 3435; x_wconf 68' lang='grc' dir='ltr'><strong>ει</strong></span> <span class='ocrx_word' id='word_1_257' title='bbox 618 3383 830 3468; x_wconf 81' lang='lat' dir='ltr'><strong>Atque</strong></span> <span class='ocrx_word' id='word_1_258' title='bbox 860 3397 937 3446; x_wconf 87' lang='lat' dir='ltr'><strong>ut</strong></span> <span class='ocrx_word' id='word_1_259' title='bbox 968 3384 1183 3448; x_wconf 85' lang='lat' dir='ltr'><strong>statim</strong></span> <span class='ocrx_word' id='word_1_260' title='bbox 1208 3384 1572 3471; x_wconf 91' lang='lat' dir='ltr'><strong>periculum</strong></span> <span class='ocrx_word' id='word_1_261' title='bbox 1600 3385 1835 3447; x_wconf 86' lang='lat' dir='ltr'><strong>faceret</strong></span> <span class='ocrx_word' id='word_1_262' title='bbox 1862 3383 2228 3447; x_wconf 87' lang='lat' dir='ltr'><strong>animorum</strong></span> <span class='ocrx_word' id='word_1_263' title='bbox 2246 3429 2265 3463; x_wconf 88' lang='lat'>‚</span> <span class='ocrx_word' id='word_1_264' title='bbox 2305 3375 2480 3469; x_wconf 90' lang='lat' dir='ltr'><strong>quod</strong></span> <span class='ocrx_word' id='word_1_265' title='bbox 2506 3384 2664 3435; x_wconf 82' lang='lat' dir='ltr'><strong>antea</strong></span> 
     </span>
    </p>

    <p class='ocr_par' dir='ltr' id='par_1_10' title="bbox 575 3478 2662 3571">
     <span class='ocr_line' id='line_1_32' title="bbox 575 3478 2662 3571; baseline 0 -27"><span class='ocrx_word' id='word_1_266' title='bbox 575 3481 687 3546; x_wconf 77' lang='lat' dir='ltr'><strong>«in</strong></span> <span class='ocrx_word' id='word_1_267' title='bbox 733 3481 869 3547; x_wconf 84' lang='lat' dir='ltr'><strong>dies</strong></span> <span class='ocrx_word' id='word_1_268' title='bbox 900 3483 1147 3571; x_wconf 87' lang='lat' dir='ltr'><strong>aliquot</strong></span> <span class='ocrx_word' id='word_1_269' title='bbox 1186 3485 1415 3548; x_wconf 85' lang='lat' dir='ltr'><strong>fuisset</strong></span> <span class='ocrx_word' id='word_1_270' title='bbox 1445 3483 1803 3564; x_wconf 86' lang='lat' dir='ltr'><strong>dilaturus,</strong></span> <span class='ocrx_word' id='word_1_271' title='bbox 1855 3481 2078 3547; x_wconf 85' lang='lat' dir='ltr'><strong>eadem</strong></span> <span class='ocrx_word' id='word_1_272' title='bbox 2124 3498 2318 3547; x_wconf 89' lang='lat' dir='ltr'><strong>nocte</strong></span> <span class='ocrx_word' id='word_1_273' title='bbox 2353 3478 2433 3543; x_wconf 89' lang='lat' dir='ltr'><strong>de</strong></span> <span class='ocrx_word' id='word_1_274' title='bbox 2471 3479 2662 3561; x_wconf 66' lang='lat' dir='ltr'><strong>quam</strong></span> 
     </span>
    </p>

    <p class='ocr_par' dir='ltr' id='par_1_11' title="bbox 576 3580 1335 3669">
     <span class='ocr_line' id='line_1_33' title="bbox 576 3580 1335 3669; baseline 0.009 -27.371"><span class='ocrx_word' id='word_1_275' title='bbox 576 3580 832 3667; x_wconf 79' lang='lat' dir='ltr'><strong>«vigilia</strong></span> <span class='ocrx_word' id='word_1_276' title='bbox 864 3585 1335 3669; x_wconf 86' lang='lat' dir='ltr'><strong>profecturum.</strong></span> 
     </span>
    </p>

    <p class='ocr_par' dir='ltr' id='par_1_12' title="bbox 666 3666 2663 3798">
     <span class='ocr_line' id='line_1_34' title="bbox 666 3666 2663 3798; baseline 0.001 -54"><span class='ocrx_word' id='word_1_277' title='bbox 666 3683 880 3751; x_wconf 54' lang='lat' dir='ltr'><strong>XXX.</strong></span> <span class='ocrx_word' id='word_1_278' title='bbox 911 3684 1341 3749; x_wconf 77' lang='lat' dir='ltr'><strong>«Desererent</strong></span> <span class='ocrx_word' id='word_1_279' title='bbox 1389 3707 1580 3798; x_wconf 81' lang='lat' dir='ltr'><strong>sane,</strong></span> <span class='ocrx_word' id='word_1_280' title='bbox 1631 3707 1911 3771; x_wconf 90' lang='lat' dir='ltr'><strong>quorum</strong></span> <span class='ocrx_word' id='word_1_281' title='bbox 1962 3685 2032 3746; x_wconf 89' lang='lat' dir='ltr'><strong>in</strong></span> <span class='ocrx_word' id='word_1_282' title='bbox 2081 3683 2329 3747; x_wconf 87' lang='lat' dir='ltr'><strong>animos</strong></span> <span class='ocrx_word' id='word_1_283' title='bbox 2375 3666 2663 3772; x_wconf 65' lang='lat' dir='ltr'><strong>potessfi⁰r</strong></span> 
     </span>
    </p>

    <p class='ocr_par' dir='ltr' id='par_1_13' title="bbox 582 3781 2659 3871">
     <span class='ocr_line' id='line_1_35' title="bbox 582 3781 2659 3871; baseline -0 -27.976"><span class='ocrx_word' id='word_1_284' title='bbox 582 3791 662 3843; x_wconf 66' lang='lat' dir='ltr'><strong>‚n</strong></span> <span class='ocrx_word' id='word_1_285' title='bbox 650 3811 722 3843; x_wconf 78' lang='grc' dir='ltr'><strong>ιι</strong></span> <span class='ocrx_word' id='word_1_286' title='bbox 714 3783 944 3866; x_wconf 85' lang='lat' dir='ltr'><strong>nudo</strong></span> <span class='ocrx_word' id='word_1_287' title='bbox 992 3807 1186 3871; x_wconf 84' lang='lat' dir='ltr'><strong>quam</strong></span> <span class='ocrx_word' id='word_1_288' title='bbox 1238 3786 1486 3848; x_wconf 90' lang='lat' dir='ltr'><strong>romani</strong></span> <span class='ocrx_word' id='word_1_289' title='bbox 1537 3785 1818 3849; x_wconf 91' lang='lat' dir='ltr'><strong>nominis</strong></span> <span class='ocrx_word' id='word_1_290' title='bbox 1860 3800 1925 3847; x_wconf 90' lang='lat' dir='ltr'><strong>et</strong></span> <span class='ocrx_word' id='word_1_291' title='bbox 1968 3783 2348 3847; x_wconf 87' lang='lat' dir='ltr'><strong>sacramenti</strong></span> <span class='ocrx_word' id='word_1_292' title='bbox 2389 3781 2659 3841; x_wconf 68' lang='lat' dir='ltr'><strong>memoria</strong></span> 
     </span>
    </p>

    <p class='ocr_par' dir='ltr' id='par_1_14' title="bbox 626 3873 2655 3974">
     <span class='ocr_line' id='line_1_36' title="bbox 626 3873 2655 3974; baseline 0.004 -30.126"><span class='ocrx_word' id='word_1_293' title='bbox 626 3900 830 3948; x_wconf 50' lang='lat' dir='ltr'><strong>tanat:</strong></span> <span class='ocrx_word' id='word_1_294' title='bbox 866 3884 986 3947; x_wconf 88' lang='lat' dir='ltr'><strong>sibi</strong></span> <span class='ocrx_word' id='word_1_295' title='bbox 1019 3883 1278 3948; x_wconf 89' lang='lat' dir='ltr'><strong>abunde</strong></span> <span class='ocrx_word' id='word_1_296' title='bbox 1313 3886 1483 3966; x_wconf 83' lang='lat' dir='ltr'><strong>fore,</strong></span> <span class='ocrx_word' id='word_1_297' title='bbox 1517 3886 1567 3949; x_wconf 89' lang='lat' dir='ltr'><strong>si</strong></span> <span class='ocrx_word' id='word_1_298' title='bbox 1604 3885 1851 3949; x_wconf 87' lang='lat' dir='ltr'><strong>decima</strong></span> <span class='ocrx_word' id='word_1_299' title='bbox 1881 3901 2188 3974; x_wconf 82' lang='lat' dir='ltr'><strong>sequatur</strong></span> <span class='ocrx_word' id='word_1_300' title='bbox 2218 3885 2417 3972; x_wconf 85' lang='lat' dir='ltr'><strong>legi0‚</strong></span> <span class='ocrx_word' id='word_1_301' title='bbox 2449 3873 2522 3938; x_wconf 69' lang='lat' dir='ltr'><strong>de</strong></span> <span class='ocrx_word' id='word_1_302' title='bbox 2553 3880 2655 3951; x_wconf 78' lang='lat'>‘1¹¹³</span> 
     </span>
    </p>
   </div>
   <div class='ocr_carea' id='block_1_3' title="bbox 654 4067 1947 4132">
    <p class='ocr_par' dir='ltr' id='par_1_15' title="bbox 654 4067 1947 4132">
     <span class='ocr_line' id='line_1_37' title="bbox 654 4067 1947 4132; baseline -0.006 -9"><span class='ocrx_word' id='word_1_303' title='bbox 654 4067 678 4123; x_wconf 62' lang='lat'>.&#39;‘;</span> <span class='ocrx_word' id='word_1_304' title='bbox 718 4069 950 4118; x_wconf 63' lang='lat' dir='ltr'><strong>xxvm.</strong></span> <span class='ocrx_word' id='word_1_305' title='bbox 971 4071 1073 4116; x_wconf 81' lang='lat' dir='ltr'><strong>Liv.</strong></span> <span class='ocrx_word' id='word_1_306' title='bbox 1095 4069 1224 4132; x_wconf 76' lang='lat' dir='ltr'><strong>Epit.</strong></span> <span class='ocrx_word' id='word_1_307' title='bbox 1252 4097 1316 4106; x_wconf 79' lang='lat'>-</span> <span class='ocrx_word' id='word_1_308' title='bbox 1340 4069 1452 4116; x_wconf 84' lang='lat' dir='ltr'><strong>Dio.</strong></span> <span class='ocrx_word' id='word_1_309' title='bbox 1480 4096 1545 4104; x_wconf 90' lang='lat'>—</span> <span class='ocrx_word' id='word_1_310' title='bbox 1575 4070 1695 4116; x_wconf 80' lang='lat' dir='ltr'><strong>Caes.</strong></span> <span class='ocrx_word' id='word_1_311' title='bbox 1726 4095 1794 4103; x_wconf 89' lang='lat'>—</span> <span class='ocrx_word' id='word_1_312' title='bbox 1822 4067 1947 4115; x_wconf 76' lang='lat' dir='ltr'><strong>mut.</strong></span> 
     </span>
    </p>
   </div>
  </div>
 </body>
</html>
