2875 4900
250 345 293 414 32
424 346 491 412 JO.
520 345 863 414 FREINSIIEMII
895 343 1145 414 SUPPLEM.

292 464 430 529 XXVII.
448 465 638 529 Postremus
653 463 708 528 hic
722 464 895 529 adversum
912 465 1060 531 Rhodios
1081 481 1217 531 conatus
1238 467 1319 558 regis

247 567 320 631 suit.
341 569 473 632 Frustra
487 565 618 630 videbat
633 587 767 654 operam
785 569 961 656 copiasque
978 581 1012 632 et
1027 583 1155 657 tempus
1171 567 1264 658 perdi
1279 569 1320 635 ad

248 668 465 734 firmissimam
476 667 609 749 urbem,
621 691 695 756 quae
709 683 868 758 portuum
882 690 1121 758 murorumque
1133 671 1321 735 munimen·

250 772 305 854 tis,
321 772 479 861 omnique
490 786 647 860 apparatu
657 793 770 860 parem
784 793 825 836 eo
836 788 987 862 tempore
998 791 1067 834 non
1082 771 1239 855 habebat3
1256 787 1320 836 eta

246 875 449 962 peritissimis
461 873 507 938 rei
523 871 659 937 nauticoe
671 873 880 956 hominibus,
896 890 995 960 atque
1005 873 1094 938 inter
1108 895 1178 938 sese
1193 874 1320 965 legibus

246 975 378 1064 optimis
398 976 525 1066 egregie
550 960 744 1055 conjunctis⁸
753 973 1000 1039 defendebatur.
1024 974 1078 1040 Ad
1103 976 1217 1040 Patara
1242 975 1320 1042 hinc

247 1079 365 1143 ductus
382 1094 431 1142 est
443 1078 621 1159 exercitus;
639 1077 697 1141 ubi
711 1079 832 1140 iterum
848 1077 980 1165 iniquos
990 1094 1144 1166 expertus
1160 1093 1225 1160 est,
1236 1101 1319 1167 quos

244 1182 423 1258 vocabant,
439 1179 528 1246 deos.
551 1181 663 1262 Quum
680 1181 786 1262 enim,
811 1179 888 1268 quia
906 1179 1066 1242 machinis
1084 1179 1319 1246 exedificandis

200 1339 207 1346 .
246 1283 379 1346 materia
395 1283 525 1365 deerat,
540 1282 652 1346 lucum
669 1283 801 1346 Latona
813 1278 958 1344 dicatum
974 1281 1142 1345 succidere
1156 1283 1317 1370 coepisset,

245 1384 363 1448 minaci
383 1382 513 1448 somnio
530 1383 662 1447 territus
681 1381 816 1449 destitit.

291 1486 445 1550 XXVIII.
454 1485 555 1567 Sunt,
568 1485 624 1573 qui
634 1485 749 1549 lucum
760 1485 932 1550 Furiarum
949 1483 1072 1549 succidi
1088 1502 1230 1575 coeptum
1242 1489 1320 1552 scri·

245 1586 343 1668 bant,
356 1585 414 1652 sed
427 1587 553 1677 ingenti
569 1587 656 1668 risu,
675 1587 770 1668 cujus
786 1602 901 1651 auctor
916 1609 985 1650 non
1004 1587 1193 1677 apparebat,
1209 1587 1320 1655 deter-

246 1690 343 1770 ritos,
358 1689 462 1776 quiin
473 1709 571 1777 opere
582 1703 692 1753 erant:
704 1687 783 1753 inde
796 1710 901 1777 quum
912 1687 1094 1776 haruspicis
1104 1690 1199 1770 jussu
1210 1691 1320 1757 Furiis

244 1791 404 1882 virginem
421 1789 627 1855 Mithridates
642 1791 845 1872 immolaret,
860 1813 878 1854 e
884 1790 1000 1881 jugulo
1019 1793 1134 1881 puellae
1148 1794 1250 1858 risum
1264 1817 1320 1860 or·

247 1912 328 1958 turn.
353 1893 475 1984 Igitur,
498 1891 654 1982 Pelopida
677 1892 799 1981 lycium
823 1892 945 1957 bellum
967 1890 1195 1959 administrare
1207 1895 1319 1978 jusso,

244 1995 426 2084 principem
439 1994 620 2058 amicorum
636 1993 832 2058 Archelaum
843 2015 920 2058 cum
929 1995 1055 2084 magnis
1069 1996 1172 2084 copiis
1180 1997 1214 2060 in
1227 1995 1320 2062 Gra-

245 2100 328 2164 cimn
350 2098 457 2162 misit:
476 2097 546 2185 ipse
566 2097 764 2187 Pergamum
788 2096 942 2162 secedens
965 2096 1144 2162 delectibus
1164 2099 1318 2188 agendis,

244 2198 462 2289 parandisque
485 2198 601 2280 armis,
618 2214 651 2263 et
670 2198 802 2262 interim
819 2197 974 2263 Monimae
996 2199 1163 2264 amoribus
1185 2223 1319 2289 operam

244 2301 365 2366 dabat:
382 2300 478 2364 simul
504 2300 724 2390 cognoscebat
747 2321 859 2364 causas
886 2301 1092 2365 asiaticorum
1116 2303 1319 2393 principum,

245 2425 386 2493 quorum
412 2401 534 2491 petitus
560 2399 686 2467 insidiis
708 2400 896 2485 dicebatur,
913 2402 1012 2491 quive
1028 2421 1080 2467 res
1104 2422 1242 2483 novare,
1261 2419 1321 2470 aut

244 2506 381 2570 omnino
400 2493 556 2569 Romanis
573 2503 705 2568 studere
723 2504 954 2594 arguebantur.

288 2607 412 2672 XXIX.
429 2606 520 2670 Inter
528 2606 615 2687 haec,
625 2606 713 2671 Sulla
722 2606 831 2671 adhuc
840 2607 874 2670 in
885 2607 975 2671 ltalia
982 2608 1120 2671 iaciente
1129 2595 1318 2698 apparatus,

242 2711 405 2798 variIsque
420 2706 663 2798 impedimentis
675 2723 823 2789 retento,
837 2710 898 2772 Cn.
910 2708 1082 2791 Octavius,
1093 2710 1129 2773 L.
1144 2709 1319 2775 Cornelius

241 2814 346 2876 Cinna
363 2810 569 2875 consulatum
586 2809 742 2873 inierunt.
759 2809 883 2891 Cinna,
898 2808 974 2873 licet
984 2808 1109 2873 ultimis
1123 2811 1319 2874 exsecratio·

242 2914 358 2996 nibus,
370 2911 452 2976 nihil
466 2926 580 2975 contra
595 2908 691 2975 Sulla
702 2910 863 2992 rationes,
877 2926 911 2975 et
926 2908 1108 2975 ordinatam
1122 2909 1217 2975 abeo
1228 2934 1319 2977 rem·

240 3016 421 3105 publicam,
436 3014 600 3078 facturum
618 3034 653 3077 se
675 3010 908 3094 adstrinxerat,
927 3010 1025 3076 fidem
1044 3011 1126 3077 adeo
1149 3035 1218 3076 non
1237 3036 1322 3102 prae-

240 3118 337 3199 stitit,
355 3132 393 3179 ut
414 3115 496 3179 nihil
514 3114 615 3203 magis
634 3114 770 3178 haberet
792 3114 904 3196 cordi,
920 3134 1019 3201 quam
1036 3114 1319 3201 quemadmodum

242 3218 364 3283 Sullam
395 3214 549 3279 citissime
575 3236 615 3279 ex
641 3216 731 3280 Italia
759 3215 987 3299 submoveret,
1013 3238 1056 3279 nc
1081 3218 1222 3281 consiliis
1249 3221 1319 3283 suis

241 3316 479 3409 impedimento
503 3332 597 3381 esset.
621 3316 750 3381 Deinde
776 3316 818 3382 ad
841 3315 967 3381 diversa
992 3317 1126 3382 consilia
1147 3316 1319 3401 detrusus,

243 3419 426 3499 cunctanti,
445 3434 478 3483 et
493 3416 618 3505 reliqua
633 3417 724 3505 prius
742 3440 782 3481 ex
797 3440 862 3483 usu
881 3441 942 3483 suo
960 3440 1160 3507 componere
1177 3421 1319 3504 volenti,

241 3520 481 3587 accusationem
494 3520 628 3599 struxit3
646 3516 800 3607 diemque
808 3518 979 3583 dicendam
989 3520 1181 3609 curavitper
1189 3519 1322 3585 Mller·

239 3624 367 3714 ginium
384 3620 555 3685 tribunum
573 3619 686 3707 plebis.

286 3724 395 3790 XXX.
421 3722 468 3789 Ea
493 3722 624 3787 fuerant
649 3736 806 3811 erantque
830 3738 993 3813 tempora,
1011 3738 1058 3825 ut,
1072 3722 1183 3789 deesse
1206 3726 1321 3789 crimi-

278 3960 294 4025 S
307 3956 741 4022 xxvr1.smb.ltb.x1v,p.652.
752 3982 787 3993 -
798 3956 950 4021 Appiam-
963 3954 980 4021 s
992 3956 1114 4004 XXVIII.
1124 3954 1175 4005 Jut.
1183 3954 1275 4019 Obana.
1283 3983 1322 3995 -

243 4045 351 4110 Appisn.
365 4069 399 4080 -
415 4040 539 4091 Plutarch.
548 4040 575 4089 in
585 4039 668 4103 Sulla,
681 4058 737 4107 cap.
748 4056 791 4089 ar.
802 4066 836 4077 —
848 4038 865 4105 5
879 4040 978 4088 xm.
989 4041 1021 4087 U.
1032 4039 1061 4087 C.
1072 4039 1137 4099 665;
1148 4042 1180 4087 Δ.
1191 4040 1220 4087 C.
1230 4040 1275 4097 87.
1283 4068 1322 4077 -

241 4127 364 4179 Plutarch.
375 4154 409 4164 -
422 4124 472 4173 nio
482 4124 548 4189 apud
557 4126 639 4174 Valet.
