2875 4900
167 359 171 369 ’
275 413 328 481 ru
357 411 470 481 too.
496 411 590 480 arn.
617 411 744 479 xcrv
776 411 985 482 ttvmur.
1091 417 1159 512 273

113 535 276 624 aggravavit
304 532 439 595 aliarum
462 529 659 595 Mithridatis
681 531 849 619 copiarum
873 531 977 596 clades
995 535 1158 602 :Fannius

112 636 230 700 enimet
244 632 475 720 Metrophanes
491 633 598 720 regius
612 647 746 721 praetor,
761 655 779 696 a
795 631 959 696 Mamerco
974 633 1065 715 victi,
1082 659 1156 699 curn

111 735 226 800 duobus
249 733 393 797 millibus
416 734 564 820 equitum
582 733 617 794 in
639 731 785 796 Moesiam
804 732 1040 822 profugerunt;
1062 751 1159 823 atque

111 836 175 900 inde
196 837 229 898 in
249 833 421 898 Maeoniam
445 831 597 922 digressi,
622 855 725 919 quum
747 833 874 898 bostem
895 835 1028 898 evasisse
1050 854 1161 923 putas·

110 953 186 1018 sent,
202 936 304 1024 ipsius
321 935 397 1014 soli,
414 934 468 997 cui
483 955 518 996 se
532 931 750 1013 crediderant,
771 934 943 1020 plusquam
961 935 1091 1000 hostiles
1108 939 1159 1002 in·

109 1037 191 1100 sidias
205 1052 284 1101 suut
298 1025 436 1123 experti,
453 1034 665 1120 feceruntque
676 1033 812 1122 vulgata
829 1033 944 1097 fabulae
958 1031 1070 1117 fidem,
1088 1037 1159 1100 Ari·

108 1162 169 1202 mos
187 1139 233 1202 ibi
250 1153 284 1201 et
299 1136 460 1200 fulminati
481 1159 500 1198 a
517 1135 597 1198 Jove
617 1133 754 1224 gigantis
769 1135 874 1198 cubile
892 1137 1038 1223 ponenti.
1056 1137 1161 1202 Delati

107 1255 181 1302 certe
203 1240 238 1302 in
261 1239 331 1302 loca
349 1231 444 1300 (κου’
459 1236 573 1300 subter
591 1251 705 1299 terram
731 1235 883 1300 incendio
906 1237 1053 1320 infamia,
1078 1240 1160 1303 saxis

106 1360 229 1426 quoque
252 1355 286 1402 et
307 1337 410 1401 humo
433 1337 524 1424 quasi
549 1336 684 1426 fuligine
705 1335 841 1424 quadarn
866 1339 1029 1402 occultunt
1052 1340 1159 1429 ignem

106 1438 330 1530 prodentibus,
353 1460 469 1527 magna
491 1460 568 1503 cum
586 1435 803 1501 sollicitudine
826 1437 1037 1518 oberrarunt,
1055 1438 1160 1504 donec

106 1539 225 1604 tandem
244 1541 296 1603 via
313 1553 440 1627 reperta
455 1539 489 1602 in
506 1555 609 1602 castra
626 1538 711 1626 regia
730 1538 847 1602 reversi
864 1556 950 1604 sunt.

144 1643 232 1706 xxl.
251 1639 376 1706 Eodem
397 1657 544 1727 ternpore
565 1639 736 1727 proiectus
759 1639 841 1728 regis
862 1639 1066 1722 Eumachus,
1085 1659 1160 1730 post

107 1744 242 1832 egregios
268 1763 456 1822 successus,
482 1755 693 1827 necatamque
715 1761 791 1802 cum
817 1739 972 1802 uxoribus
997 1755 1030 1803 et
1051 1739 1159 1804 liberis

106 1841 215 1905 civium
237 1863 449 1905 romanorum
470 1863 621 1929 maguam
641 1839 901 1915 multitudinem,
919 1837 1054 1920 Pisidia,
1072 1843 1161 1904 Isau·

106 1942 204 2028 risque
225 1942 386 2021 subactis,
407 1940 516 2004 Cilicia
538 1955 676 2021 tentata,
699 1963 803 2027 quum
826 1940 860 2002 in
882 1939 1020 2029 Phrygia
1040 1939 1160 2004 bellum

106 2043 269 2124 movisset;
284 2042 455 2126 Deiotarus
471 2039 685 2130 Gallograeciae
697 2040 873 2122 tetrarcha,
888 2057 1057 2130 vagantem
1073 2065 1161 2106 asse-

106 2158 235 2228 quutus,
252 2165 368 2230 magua
384 2141 474 2206 clade
484 2142 603 2205 affecit.
617 2143 690 2206 Hoc
702 2142 798 2206 etiam
813 2164 900 2205 anno
917 2145 975 2207 Cn.
987 2143 1161 2230 Pompeius

105 2243 134 2305 in
149 2245 302 2332 Hispania
316 2265 469 2330 prospere
487 2243 616 2307 bellavit
631 2265 708 2307 curn
724 2245 765 2326 Q.
775 2244 936 2324 Sertorio,
954 2244 1011 2331 qui
1026 2245 1091 2324 jam
1106 2266 1163 2306 cu-

105 2345 143 2406 ris
159 2360 192 2408 et
212 2344 377 2408 laboribus
393 2344 511 2424 fessus,
536 2360 568 2406 et
591 2343 667 2430 quia
688 2365 722 2406 sc
737 2342 804 2431 peti
822 2341 952 2406 videbat
974 2364 1089 2408 eorum
1108 2343 1161 2406 in·

106 2443 203 2527 sidiis,
220 2445 293 2533 qui,
307 2469 343 2510 se
355 2460 501 2526 remoto,
515 2443 592 2509 salvi
606 2466 675 2507 esse
691 2466 758 2506 nou
772 2458 940 2531 poterant,
955 2441 996 2507 ad
1008 2443 1160 2509 obeunda

31 2545 32 2548 ’
104 2541 189 2611 ducis
200 2546 313 2610 munia
328 2546 475 2636 segnior,
488 2546 523 2609 in
533 2547 647 2609 luxum
657 2562 690 2609 et
700 2543 852 2609 libidines
864 2544 1054 2611 declinabat.
1067 2546 1162 2611 Unde

104 2670 200 2735 qtrnm
215 2648 420 2735 frequentius
436 2646 680 2728 succumberet,
698 2645 845 2733 quotidie
861 2644 902 2710 ad
915 2646 995 2709 iram
1011 2647 1161 2735 pronior,

104 2748 208 2812 multis
229 2749 274 2812 ob
296 2749 513 2837 suspicionem
533 2746 600 2810 doli
622 2744 797 2810 crudeliter
820 2744 1012 2821 interfectis,
1031 2760 1163 2809 caeteros

102 2848 138 2911 ad
150 2848 376 2914 maturandam
392 2848 650 2927 conjurationem
664 2846 842 2910 acrioribus
859 2846 997 2909 stimulis
1009 2844 1161 2911 incitavit.

141 2950 250 3015 xxtt.
267 2950 369 3013 Erant
386 2948 434 3012 illi
447 2948 513 3029 jam
532 2962 643 3029 antea,
666 2947 765 3010 simul
781 2968 820 3010 ex
839 2946 961 3035 ingenti
979 2962 1084 3026 metu,
1104 2968 1163 3032 per

100 3050 250 3116 virtutem
268 3067 368 3136 atquc
384 3049 568 3113 felicitatem
584 3048 734 3128 Sertorii,
750 3047 876 3111 animos
896 3046 937 3109 ad
950 3069 1039 3135 spem
1056 3065 1162 3110 trans-

101 3152 255 3232 tulerant,
270 3152 374 3215 livore
391 3167 424 3215 et
441 3148 645 3213 aemulatione
660 3147 814 3236 potentiae
831 3146 967 3229 infensi3
990 3162 1022 3209 et
1042 3148 1163 3211 crebris

101 3250 268 3340 Perperna
286 3250 490 3316 sermonibus
507 3248 781 3328 incendebantur,
799 3246 854 3335 qui
872 3246 933 3310 sibi
948 3246 1058 3311 deberi
1075 3270 1164 3312 sum-

101 3374 182 3415 mam
204 3353 331 3441 imperii
353 3368 486 3439 propter
504 3347 705 3413 nobilitatem
728 3347 854 3437 generis
872 3344 1097 3411 existimabat:
1115 3347 1162 3412 id·

98 3452 183 3515 circo
197 3452 405 3517 clandestinis
421 3452 605 3541 opprobriis
621 3451 801 3515 Sertorium
816 3448 902 3538 apud
916 3449 1065 3513 credulos
1082 3474 1162 3514 one·

99 3552 211 3635 raudo,
219 3570 342 3619 sortem
355 3576 447 3618 suam
459 3569 716 3639 caeterorumque
729 3550 887 3615 invidiose
900 3550 1048 3616 deflebat.
1058 3582 1071 3605 «ι
1081 3552 1164 3635 Quis

100 3654 227 3737 ·enim,
249 3656 493 3744 inquit,·1nalus
509 3656 624 3745 genius
641 3677 680 3718 eo
697 3652 885 3717 calamitatis
908 3674 968 3716 nos
988 3654 1163 3739 compulit,

97 3771 156 3818 «ut
171 3758 268 3821 Sullae
283 3773 443 3820 terrarum
460 3755 609 3821 omnium
624 3754 786 3841 marisque
803 3753 985 3819 dominium
1002 3754 1165 3817 obtinenti

98 3878 233 3941 ·parere
256 3857 441 3946 dedignati,
467 3856 526 3922 ubi
551 3856 693 3921 licuisset
714 3854 806 3919 dorni
832 3852 1055 3931 manentibus,
1080 3852 1169 3923 salva¹
1256 3920 1262 3927 ,

131 4050 148 4114 S
161 4054 221 4104 ΣΧ,
235 4057 308 4103 ΟΜ.
319 4082 355 4091 -
368 4054 447 4104 surb.
457 4056 503 4103 lib.
513 4055 588 4110 xm,
601 4070 628 4117 p.
635 4052 695 4114 627.
704 4080 739 4089 -
752 4051 768 4116 S
779 4052 852 4098 xxt.
866 4052 972 4114 Appian.
982 4051 1036 4097 Civ.
1047 4048 1089 4095 lib.
1103 4051 1167 4096 1,-

99 4132 153 4181 bie.
169 4138 236 4202 tptr.
251 4166 286 4177 -
300 4142 372 4188 Oros.
385 4166 422 4178 —-
435 4137 533 4189 Sallust.
547 4136 614 4185 Edit.
624 4148 690 4185 nost.
701 4152 727 4200 p.
740 4140 798 4191 tot.
810 4134 855 4187 tu.

221 4238 263 4306 X.
570 4322 574 4330 Ι
962 4227 1002 4297 18
