2875 4900
274 356 342 443 540
440 362 507 427 JO.
535 360 875 430 FREINSHEMII
905 361 1153 429 SUPPLEM.

316 480 448 544 LXXII.
472 477 535 543 Sed
560 479 617 543 ubi
637 480 782 567 primum
802 479 844 544 ad
866 482 964 545 unius
987 504 1005 543 e
1026 482 1263 570 magistratibus
1278 486 1339 549 do·

273 602 363 643 mum
382 580 531 660 accessit,
550 580 713 647 intellecto
729 582 814 645 fastu
835 604 992 660 romano,
1008 583 1196 649 recordatus
1215 601 1265 649 est
1280 588 1339 649 Ca·

274 682 379 763 tonis,
401 680 593 769 deflevitque
612 681 866 770 imprudentiam
886 706 995 766 suam,
1018 706 1191 773 perquam
1206 688 1292 751 vinci
1305 710 1339 751 se

271 805 383 869 passus
407 798 489 847 esset
508 781 550 846 ad
570 782 850 847 contemnendum
864 807 933 849 non
948 801 1014 848 tam
1030 786 1174 851 hominis
1187 790 1338 877 sapientis

272 882 466 962 consilium,
482 906 579 969 quam
594 882 646 947 dei
665 882 833 963 cujusdam
848 885 1103 974 praedictionem.
1123 891 1337 978 impulsuma

273 984 471 1073 Theophane
480 986 665 1072 Mitylenaeo
677 985 908 1069 Ptolemaeum,
922 988 970 1051 uti
983 988 1028 1051 ob
1041 1012 1153 1054 causas
1159 1014 1231 1055 non
1244 994 1338 1056 maxi·

271 1109 338 1149 mas
361 1086 539 1174 AEgyptum
558 1086 737 1168 desereret,
756 1088 947 1177 Timagenes
965 1090 1111 1177 scripsit,
1132 1115 1231 1156 novas
1250 1117 1336 1182 qua-

270 1205 362 1252 rente
375 1188 588 1275 imperiorum
600 1205 633 1254 et
646 1198 748 1277 opum
762 1190 948 1253 occasiones
964 1191 1121 1279 Pompeio
1135 1216 1214 1274 suo;
1232 1196 1337 1259 auxit·

270 1312 335 1376 que
346 1290 562 1377 suspicionem
571 1290 1338 1384 Pompeius,hospitioregemexcipiens:neque

269 1392 363 1455 amici
379 1392 446 1472 ejus
462 1416 500 1455 ac
513 1392 682 1458 familiares
696 1393 898 1456 voluntatem
916 1392 1060 1457 hominis
1080 1395 1255 1461 obscuram
1270 1420 1337 1461 esse

223 1514 224 1519 ¹
270 1494 355 1581 passi
380 1510 466 1557 sunt.
494 1496 654 1558 Caeterum
682 1515 806 1573 cause,
832 1508 968 1581 propter
990 1516 1069 1580 quas
1093 1494 1277 1560 discesserit
1299 1520 1335 1559 er

271 1593 414 1683 AEgypto
427 1596 636 1676 Ptolemaeus,
650 1617 716 1658 non
733 1594 801 1657 alite
817 1593 1011 1673 traduntur,
1029 1617 1127 1681 quam
1141 1595 1253 1682 quod,
1269 1621 1335 1660 ma-

271 1716 333 1782 gna
346 1696 381 1757 in
394 1698 558 1760 Romanos
571 1696 703 1783 profusa
716 1695 873 1782 petuma,
886 1710 925 1757 ut
937 1694 1043 1758 socius
1055 1713 1088 1759 et
1098 1697 1222 1761 amicus
1232 1700 1334 1786 appel·

270 1794 407 1878 leretur,
430 1820 500 1861 eam
520 1812 714 1883 extorquere
733 1816 751 1857 a
768 1794 978 1882 populatibus
999 1816 1067 1856 non
1088 1810 1232 1883 poterat,
1251 1797 1335 1858 ultro

269 1918 338 1959 rem
358 1898 602 1978 incusantibus,
619 1896 787 1985 repetique
796 1894 988 1975 juhmtibus
1006 1894 1048 1957 ab
1070 1896 1163 1959 omni
1181 1898 1332 1960 memoria

269 1996 446 2077 subjectam
469 1997 630 2088 AEgyptiis
651 2002 815 2085 Cyprum,
832 2012 889 2059 aut
906 1996 1052 2060 amicitiae
1066 1996 1147 2060 illud
1161 1998 1261 2062 inane
1278 2021 1331 2061 no·

271 2118 346 2159 men
363 2098 510 2179 abjicere.
916 2088 919 2107 ¹

313 2199 463 2263 LXXIII.
488 2198 570 2263 Sane
594 2199 690 2263 etiam
710 2199 755 2263 ob
780 2220 910 2263 morum
931 2198 1097 2261 infamiam
1118 2200 1241 2264 inrisus
1261 2223 1332 2264 eon·

271 2314 480 2387 temptusque
498 2316 587 2380 erat,
608 2322 705 2389 super
724 2301 785 2364 alia
801 2298 953 2362 indecora
970 2298 1102 2387 regibus
1115 2300 1201 2363 tibias
1214 2301 1257 2364 ita
1267 2316 1331 2363 stu·

270 2398 400 2484 diosus,
425 2417 462 2466 ut
488 2402 593 2489 palam
616 2402 651 2466 in
673 2402 759 2490 regia
782 2400 956 2465 certamina
975 2398 1175 2482 institueret,
1198 2418 1232 2465 et
1250 2402 1331 2466 inter

270 2518 428 2567 certantes
440 2503 508 2590 ipse
520 2519 618 2584 esset,
632 2502 765 2567 undeet
777 2523 898 2566 nomen
908 2502 938 2565 ei
949 2500 1075 2565 Auletes
1084 2500 1187 2566 haesit.
1197 2503 1329 2566 Alexan·

270 2601 372 2684 drini,
387 2603 536 2668 noudum
548 2604 678 2693 cognito
691 2604 776 2693 regis
787 2603 918 2683 itinere,
932 2624 1035 2690 quum
1052 2619 1156 2666 morte
1170 2603 1329 2668 sublatum

269 2704 505 2786 existimarent,
516 2705 691 2769 Berenicen
703 2727 839 2792 regnare
847 2702 1030 2783 jusserunt,
1044 2702 1209 2767 Ptolemaei
1220 2703 1328 2783 filiam,

270 2803 427 2892 detribus
447 2821 525 2868 natu
541 2804 730 2884 maximam,
746 2819 780 2866 et
796 2804 897 2867 solam
911 2825 951 2866 ex
967 2802 1109 2892 legitimo
1126 2805 1329 2868 matrimonio

270 2923 387 2972 natam.
404 2906 548 2972 Aderant
565 2922 597 2970 et
612 2905 668 2969 filii
681 2905 768 2990 duo;
786 2904 843 2969 sed
859 2920 993 2994 propter
1003 2903 1254 2970 imbecillitatem
1264 2921 1329 2970 teta·

269 3008 309 3071 tis
330 3007 617 3097 posthabebantur.
640 3007 746 3094 Igitur
768 3023 806 3069 ut
826 3006 944 3094 reginae
963 3005 1115 3068 maritum
1132 3025 1326 3093 quererent,

269 3108 452 3172 Menelaum
476 3122 508 3171 et
529 3109 750 3195 Lamponem,
773 3123 806 3170 et
827 3105 1081 3169 Callimandrum
1101 3107 1252 3184 mittunt,
1269 3109 1327 3171 An·

271 3210 380 3274 tiocho
405 3207 567 3274 delaturos
590 3207 832 3288 conditionem,
850 3207 908 3294 qui
927 3228 994 3269 non
1016 3207 1064 3275 ,ita
1086 3206 1213 3293 pridem
1235 3209 1326 3296 Syria

270 3332 372 3399 regno
396 3307 574 3390 exciderat,
600 3325 632 3372 et
658 3325 792 3396 propter
820 3324 954 3370 matrem
979 3307 1114 3369 Selenen
1134 3304 1266 3396 AEgypti
1283 3331 1327 3371 re·

270 3434 370 3500 gnum
386 3409 427 3474 ad
439 3433 474 3474 se
487 3409 620 3497 putabat
631 3411 802 3498 pertinere.

313 3511 458 3575 LXXIV.
475 3509 540 3574 Sed
564 3533 650 3574 mors
668 3511 754 3574 illins
772 3533 875 3598 quum
895 3531 1009 3573 vanam
1030 3509 1115 3572 hanc
1131 3509 1264 3596 quidem
1280 3535 1326 3575 ex·

269 3611 501 3701 spectationem
524 3610 701 3690 effecisset,
720 3628 828 3675 tamen
849 3633 889 3673 ex
913 3609 1023 3674 eadem
1048 3609 1150 3674 domo
1170 3613 1325 3676 matrimo-

269 3715 360 3777 nium
384 3709 560 3799 petendum
587 3712 664 3791 rati,
688 3712 859 3776 Seleucum
882 3710 1054 3799 quemdam
1070 3730 1256 3795 arcessunt,
1274 3715 1323 3802 qui

267 3839 301 3880 se
312 3815 410 3902 stirpe
423 3813 621 3902 syriacorum
634 3834 748 3899 regum
763 3812 887 3877 editum
906 3813 1037 3877 ferebat.
1056 3812 1119 3876 Sed
1133 3836 1237 3900 quum
1248 3833 1321 3880 esset

303 4034 318 4098 S
332 4035 436 4081 LXXII.
450 4033 513 4080 Plut.
526 4035 551 4079 in
565 4033 650 4094 Pomp.
670 4058 704 4068 -
717 4031 775 4080 DIo.
789 4059 824 4068 -
836 4032 889 4081 Cic.
900 4032 932 4079 ad
948 4033 1033 4080 I‘arnil.
1047 4036 1074 4088 t,
1093 4049 1114 4080 1.
1135 4059 1169 4068 -
1183 4032 1199 4096 s
1214 4034 1318 4082 LXXIII.

267 4117 390 4182 Porphyr.
401 4115 466 4179 apud
481 4115 567 4162 Euseh.
581 4131 607 4178 p.
618 4114 668 4162 aad
685 4126 709 4162 ct
721 4131 779 4173 ²27·
794 4143 825 4152 -
840 4115 920 4164 strab.
931 4115 974 4163 lib.
985 4115 1074 4174 XVII,
1083 4131 1107 4178 p.
1118 4117 1177 4175 796.
1188 4142 1224 4152 -
1236 4116 1287 4164 nio.
