2875 4900
313 366 368 433 IN
398 364 510 432 LOC.
536 366 630 433 LlB.
659 365 746 431 Cll'
776 366 984 435 LIVIANI.
1110 367 1171 439 521

118 488 180 551 bus
195 486 332 563 cultior,
348 506 544 570 morumque
557 484 654 573 longe
668 482 801 547 meliore
814 500 1085 572 temperamento,
1102 490 1177 577 agit.

117 589 201 651 Nam
217 586 351 674 pristina
365 586 604 649 Germanorum
621 585 731 649 feritas
744 585 926 666 latrocinia,
941 586 1020 650 dum
1037 603 1124 652 extra
1141 590 1179 653 fi-

119 712 176 754 nes
192 689 350 774 cujusque
361 686 495 750 civitatis
508 684 640 766 fierent,
656 688 691 749 in
704 684 800 750 laude
813 688 972 773 ponebat;
989 688 1116 771 eadem,
1131 692 1179 754 uti

118 810 190 853 mos
199 788 362 869 barbaris,
373 788 500 851 ratione
511 808 579 851 non
592 786 752 867 multum,
764 788 991 875 superstitione
1002 789 1179 876 plurimum

119 890 263 971 moveri,
286 889 457 952 mulierum
489 886 646 953 vaticiniis
671 886 905 953 incendebatur
925 906 981 954 aut
999 890 1177 978 interquie-

118 991 245 1072 scebat,
269 1012 331 1053 nec
353 988 439 1053 sumi
455 988 582 1077 prelia,
600 988 664 1052 nisi
682 988 734 1053 bis
745 990 981 1071 annuentibus,
1003 992 1037 1055 in
1056 1014 1179 1057 morem

117 1107 267 1156 verterat.

162 1192 282 1256 xxvl.
303 1191 444 1255 Mortem
462 1191 712 1255 extimescebam
727 1191 854 1272 nunus,
868 1192 958 1279 quod
969 1214 1003 1257 sc
1017 1194 1177 1259 redituros

118 1292 160 1357 ad
175 1295 275 1358 vitam
291 1292 525 1357 existimabant.
542 1290 629 1357 Illud
641 1292 756 1372 ctiam,
777 1308 922 1356 enatura
935 1294 1092 1381 regionis,
1106 1318 1177 1383 quae

119 1396 231 1459 multis
251 1395 369 1482 passim
385 1394 521 1458 lacubus
537 1390 792 1481 fluminibusque
807 1391 959 1475 finditur,
979 1398 1179 1483 profectum,

118 1512 267 1561 auctores
279 1496 454 1576 mirantur,
471 1494 563 1582 quod
576 1487 796 1582 rapidissimos
807 1496 951 1561 amnium
965 1498 1102 1562 vortices
1115 1516 1179 1563 tra·

120 1620 199 1662 nare
222 1595 474 1661 Germanicum
496 1596 593 1659 armis
618 1610 808 1683 potuerunt.
832 1596 982 1660 Pecuniae
1003 1599 1181 1686 antiquitus

119 1712 296 1786 spretores,
308 1720 384 1761 mox
394 1696 569 1761 avidissimi
577 1697 669 1777 facti,
681 1712 852 1784 postquam
865 1698 1086 1761 Romanorum
1096 1721 1182 1762 com·

120 1798 248 1863 merciis
267 1798 439 1861 utilitatem
462 1798 531 1876 ejus
551 1797 788 1861 intellexerunt.
814 1797 883 1861 Alia
905 1798 1025 1879 multa,
1046 1822 1119 1886 quae
1140 1800 1181 1865 dc

120 1897 267 1961 moribus
281 1920 395 1961 eorum
413 1896 543 1962 Tacitus
556 1897 681 1978 retulit,
698 1896 902 1984 procuranda
919 1898 1042 1987 belgica
1055 1900 1180 1965 vicinus

119 2000 183 2063 illis
195 2016 359 2086 notusque
372 1999 427 2083 (et
438 2020 510 2085 qarae
523 2012 672 2061 accurato
685 2018 783 2084 opere
794 1997 963 2086 Philippus
974 1998 1180 2086 Cluverius),

120 2116 292 2189 propterea
309 2100 399 2187 quod
412 2100 562 2163 omnium
577 2099 727 2163 manibus
742 2100 882 2163 auctoris
898 2100 1005 2163 eximii
1021 2122 1119 2188 opera
1131 2117 1180 2165 te-

119 2218 257 2283 runtur,
274 2217 440 2290 praetereo.
463 2202 549 2266 Cum
568 2200 758 2280 hujusmodi
779 2202 930 2291 gentibus
948 2218 1018 2267 tum
1038 2203 1179 2290 primum

120 2302 183 2366 sub
205 2302 338 2366 nomine
362 2302 600 2366 Germanorum
622 2301 832 2367 dimicaturus
853 2304 994 2391 populus
1010 2326 1181 2387 romanus,

120 2402 179 2490 qui
203 2401 314 2484 domi,
336 2402 459 2491 quique
480 2401 599 2466 militie
621 2418 707 2484 erat,
733 2402 821 2469 haud
841 2405 988 2470 tralatitia
1014 2428 1091 2471 cura
1112 2428 1180 2472 sese

119 2501 293 2592 affligebat

164 2606 360 2671 xxvn.1n
382 2605 492 2669 castris
508 2606 602 2669 multi
618 2622 710 2669 erant
725 2605 944 2672 adolescentes
966 2609 1106 2692 nobiles,
1123 2633 1182 2698 per
1236 2591 1240 2598 ⁴

119 2704 293 2769 amicitiam
313 2705 443 2793 sequuti
462 2707 637 2786 Caesarem,
655 2721 688 2770 et
704 2708 781 2794 quia
801 2708 932 2772 mollem
952 2711 1012 2772 sub
1036 2733 1076 2774 eo
1094 2734 1182 2798 quae-

120 2823 331 2894 stuosamque
352 2807 498 2870 militiam
524 2823 754 2896 speraverant3
776 2808 895 2895 quibus
924 2808 976 2874 illc
1000 2810 1181 2874 tribunatus

120 2910 392 2997 praefecturasque
408 2906 550 2971 dederat.
573 2908 616 2970 lli
631 2907 746 2994 partim
763 2929 822 2996 per
841 2909 942 2972 varias
965 2929 1074 2972 causas
1091 2931 1181 2972 com-

120 3025 265 3072 meatum
279 3009 459 3096 petebanta
472 3010 613 3089 Caesare3
626 3008 741 3096 partim
753 3007 881 3095 pudore
891 3008 1062 3096 prohibiti,
1073 3025 1181 3074 tamen

120 3130 190 3171 non
222 3107 465 3172 dissimulabant
488 3125 633 3190 metum,
657 3109 779 3196 fatique
803 3108 950 3172 instantis
977 3111 1180 3175 acerbitatem

120 3207 202 3290 soli,
217 3225 274 3272 aut
289 3209 374 3272 inter
387 3210 558 3273 familiares
572 3207 752 3289 deflebant,
767 3209 855 3298 quod
866 3211 1093 3276 tinmoru'ssinu‘s
1104 3235 1182 3300 gen·

120 3308 224 3386 utra,
245 3309 356 3397 quibus
377 3309 468 3374 nulla
489 3311 588 3374 restiti
606 3313 645 3374 vi
664 3310 807 3374 summ
822 3322 946 3399 posset,
966 3311 1180 3401 objicerentur.

121 3409 209 3498 Ergo
230 3426 263 3474 et
282 3411 343 3475 alia
362 3409 515 3476 indecore
538 3411 679 3491 fiebant,
701 3427 735 3475 et
752 3412 902 3476 timorem
924 3413 1077 3478 incitabat
1097 3415 1181 3479 mili-

119 3526 217 3590 tum,
236 3510 326 3598 quod
348 3513 466 3599 passim
488 3513 583 3576 etiam
605 3514 641 3576 in
662 3512 828 3601 principiis
851 3528 1041 3578 testamenta
1061 3515 1182 3579 scribe·

155 3739 173 3804 s
185 3741 270 3790 ΧΠ.
279 3741 340 3791 Cu.
354 3741 386 3790 ds
397 3744 426 3792 B.
439 3741 526 3792 saum
542 3753 568 3790 et
578 3744 623 3791 vt.
635 3769 671 3780 -
683 3742 791 3806 Appiana.
805 3743 867 3793 Celt.
881 3771 915 3781 -
928 3745 986 3794 Tac.
1003 3747 1084 3794 Germ.
1103 3754 1132 3804 s,
1152 3747 1182 3804 6,

119 3835 146 3872 ct
157 3824 223 3872 Hiar.
234 3825 280 3883 IV,
297 3825 341 3872 lit.
353 3851 389 3862 -·
401 3826 466 3883 nio,
480 3825 525 3874 lib.
539 3828 687 3875 munt.
701 3825 764 3890 -S
782 3828 879 3876 xxvl.
889 3829 946 3875 Tac.
961 3829 1025 3876 llitt·
1041 3831 1080 3886 11,
1100 3829 1132 3877 35
1139 3865 1146 3888 ,
1160 3841 1184 3878 et

121 3908 204 3955 Germ.
221 3907 245 3956 ⁵.
265 3935 300 3944 -
319 3907 384 3968 Dio,
404 3909 449 3961 lib.
469 3911 523 3957 Lx.
546 3935 582 3947 -
606 3909 857 3958 Hemdian.lib.V1.
876 3937 910 3946 -
928 3910 1063 3968 primun,
1088 3913 1128 3962 16.
1147 3939 1182 3950 —

119 3988 137 4053 S
155 3990 263 4038 mn.
282 3990 404 4038 Plutarch.
422 4019 456 4029 -
472 3993 536 4042 Cat.
555 3993 586 4040 de
605 3996 632 4041 lt.
651 3993 715 4041 Gall.
734 3994 754 4038 l.
778 4019 812 4029 -
837 3993 901 4048 nto.
923 3993 965 4042 lib.
983 3995 1130 4044 munt.
1149 4025 1183 4034 -

121 4071 251 4133 stor.111‚
271 4089 310 4122 ro.
