2875 4900
290 386 355 459 -lN
383 386 495 454 LOC.
522 386 616 454 LlB.
644 386 733 455 CIX
764 386 979 456 LIVIANI.
1105 383 1177 480 649

101 510 151 595 las
173 522 264 586 erat,
289 505 528 570 Terminalibus
550 504 616 585 jam
637 505 785 593 peractis.
808 504 911 571 Ideo
935 528 1069 595 quoque
1089 530 1178 573 anno
1230 583 1233 587 A

102 608 174 673 lieri
197 606 299 671 Curio
318 628 422 696 quum
440 606 639 695 postularet,
661 630 730 672 nou
749 608 903 697 ignorans
922 608 1065 673 alienum
1086 632 1176 692 esse,

101 732 181 773 nam
202 724 235 772 et
255 709 325 797 ipse
348 721 418 771 erat
435 730 476 771 eo
494 706 675 773 sacerdotio
694 708 867 797 praeditus,
885 710 993 775 caeteri
1006 701 1175 799 pontifices

101 810 333 875 reclamabant.
357 808 463 897 Igitur
484 830 589 896 quum
614 808 757 875 obtineri
777 832 845 875 nou
865 832 961 899 posse
979 809 1022 875 de
1043 812 1178 878 interce·

99 912 242 992 latione,
255 932 362 999 neque
376 909 473 974 stiam
489 909 554 975 hoc
568 910 714 993 volebat3
733 912 825 999 quasi
840 934 901 1000 per
915 912 1016 994 imm,
1029 936 1072 977 ne
1083 930 1176 978 cete·

101 1034 214 1077 rarum
226 1011 360 1100 quidem
373 1033 484 1075 rerum
495 1008 674 1099 quidquam
686 1012 739 1101 agi
748 1034 861 1099 passus
872 1028 931 1077 est.
943 1012 1023 1077 Mox
1032 1014 1175 1102 apertius

100 1138 166 1203 pro
181 1116 306 1180 Caesare
323 1113 415 1201 loqui
432 1112 547 1200 coepit,
563 1126 596 1177 et
616 1134 683 1200 quo
699 1112 834 1201 agitaret
850 1114 1041 1202 optimates,
1057 1116 1175 1179 multas

97 1215 220 1295 jactare
233 1215 339 1304 leges3
357 1236 425 1277 non
439 1211 530 1301 quod
543 1213 681 1302 perferri
692 1236 789 1302 posse
802 1230 965 1303 speraret,
983 1216 1041 1281 sed
1057 1217 1174 1281 obten-

99 1318 153 1381 tui
181 1316 355 1380 habiturus
381 1314 423 1379 ad
450 1315 717 1397 intercessiones,
739 1336 819 1402 quas
838 1316 981 1403 parabat.
999 1316 1176 1381 Alimenta·

98 1420 185 1482 riam
204 1418 371 1506 inprimis,
393 1438 458 1503 qua
481 1436 638 1481 uumerus
658 1414 875 1480 definiebatur
892 1414 1119 1481 vehiculorum
1143 1432 1175 1480 et

99 1520 260 1585 comitum
283 1520 344 1583 iter
365 1516 576 1599 facientibus,
593 1532 769 1607 praetextu,
787 1518 924 1606 opinor,
942 1518 1099 1584 clodianae
1115 1541 1175 1583 ne·

99 1622 166 1703 cis,
179 1622 306 1709 aliaque
318 1619 359 1684 de
372 1616 560 1685 muniendis
571 1616 820 1706 sternendisque
833 1618 894 1683 riis
904 1620 1174 1701 continebantur3

97 1738 204 1810 utque
221 1746 259 1787 ea
276 1722 400 1788 curatio
415 1720 476 1786 soli
494 1720 528 1801 in
547 1719 811 1809 quinquennium
827 1718 978 1800 daretur,
994 1719 1131 1786 ferebat.

143 1824 235 1889 VIII.
264 1823 365 1912 Atqui
395 1823 461 1887 hoc
485 1836 583 1911 caput
612 1838 727 1887 contra
755 1820 911 1885 Liciniam
939 1820 1174 1909 AEbutiamque

97 1926 186 2015 leges
204 1948 349 2015 pugnare
365 1946 433 1988 non
452 1923 639 2015 ignorabat,
656 1921 798 2011 ideoque
809 1922 962 2004 Rullum,
977 1924 1117 2011 Agraria
1131 1923 1174 1987 le·

97 2027 148 2117 gis
161 2042 345 2109 auctorem,
361 2048 465 2113 quum
477 2024 592 2090 similia
605 2039 747 2113 peteret,
756 2024 966 2089 vehementer
976 2023 1171 2112 exagitatum

96 2130 217 2211 fuisse,
243 2130 302 2195 sed
324 2129 475 2193 consarlto
495 2126 742 2216 promulgabat,
758 2124 849 2214 quod
867 2149 886 2189 a
902 2124 1106 2212 Pompeianis
1118 2146 1172 2188 re·

96 2231 317 2319 prehensum,
330 2229 452 2309 justam
471 2228 533 2293 sibi
552 2250 681 2292 causam
696 2226 766 2291 istis
779 2227 927 2316 partibus
942 2224 1102 2311 irascendi
1117 2224 1174 2290 de·

96 2330 185 2395 disse
200 2329 372 2395 rideretur.
390 2329 504 2412 Quum
523 2329 608 2393 inter
621 2326 843 2393 bachlendae
854 2327 977 2392 martiae
987 2327 1170 2410 venissent,

96 2431 219 2520 quibus
243 2455 283 2498 ex
307 2430 590 2496 senatusconsulto
612 2428 727 2495 referri
749 2427 791 2494 de
817 2429 1023 2494 successione
1040 2429 1172 2496 Caesaris

95 2533 290 2622 oportebat,
316 2532 479 2620 Gaiusque
501 2531 678 2596 Marcellus
701 2554 739 2596 ea
768 2531 869 2598 dere
897 2531 996 2596 verba
1020 2533 1168 2617 fecisset3

93 2634 260 2723 plerisque
274 2633 523 2699 assentientibus
540 2633 662 2722 collega
678 2633 823 2699 Marcelli
836 2633 968 2699 Paullus
980 2635 1089 2699 siluit:
1107 2638 1172 2700 Cu-

94 2735 164 2816 rio,
175 2735 306 2802 laudato
322 2735 465 2801 Marcelli
483 2735 611 2817 animo,
626 2734 811 2812 addendam
821 2737 990 2817 monebat,
1006 2739 1171 2824 utpariter
1214 2743 1217 2748 “

94 2837 261 2926 Pompeius
273 2837 455 2926 provincias
468 2850 500 2900 et
513 2841 670 2902 eaerct'tus
682 2859 754 2902 suos
766 2836 945 2902 amram.

138 2939 197 3003 IX.
215 2939 343 3004 Sciebat
355 2938 420 3003 hoc
432 2937 566 3002 minime
579 2938 743 3004 facturum
757 2939 950 3025 Pompeium
965 2937 1088 3017 Curi03
1109 2936 1168 3001 sed

94 3057 289 3131 praetextum
305 3041 486 3130 quaerebat,
507 3063 568 3129 per
590 3063 688 3128 quern
711 3041 833 3121 Caesar,
850 3061 922 3126 quae
938 3038 1096 3122 habebat,
1114 3061 1169 3102 ex-

92 3143 236 3207 cusatius
262 3143 425 3208 retineret.
455 3141 560 3231 Igitur
576 3143 722 3230 ἰηίᾳιιαηι
736 3165 804 3206 rem
813 3140 980 3230 penulam
1002 3139 1166 3206 Curionem

91 3243 204 3308 Patres
229 3243 399 3326 dicebant,
427 3243 535 3331 Scipio
555 3243 751 3331 praesertim,
773 3242 884 3330 quiet
907 3263 1014 3329 nuper
1034 3255 1167 3326 senten·

90 3342 172 3408 tiam
189 3343 333 3427 disent,
356 3367 396 3408 ne
415 3343 495 3434 quid
511 3343 701 3433 conjunctim
714 3341 911 3429 ,refirmatum
928 3342 1020 3431 qnod
1036 3359 1168 3432 tempus

89 3445 219 3534 imperii
241 3447 398 3537 Pompeio
420 3445 570 3511 nondum
588 3445 717 3511 exierat.
738 3448 861 3512 Contra
876 3446 992 3526 Curio,
1007 3469 1166 3510 smmum

87 3547 314 3634 rempublicam
329 3549 407 3635 agi,
427 3547 682 3628 vociferabatur3
701 3569 800 3636 neque
810 3561 870 3611 aut
876 3570 991 3635 pacem
1002 3561 1062 3612 aut
1074 3545 1166 3611 liban

86 3657 188 3712 tatem
205 3651 239 3711 in
257 3648 428 3736 tutofirs,
448 3651 511 3712 m'si
524 3663 581 3714 aaa
600 3649 694 3714 ambo
710 3648 900 3738 deponerent
913 3651 1093 3738 imperium,
1107 3663 1168 3714 aaa

86 3749 185 3814 ambo
197 3752 384 3816 mtrissrent:
397 3773 473 3814 nam
484 3764 515 3814 et
523 3751 566 3814 ab
577 3751 742 3816 inerndbus
753 3749 989 3839 rubilperr‘culi,
1001 3765 1034 3814 st
1042 3751 1072 3812 si
1082 3760 1165 3814 uter»

122 3974 139 4040 s
153 3975 210 4025 Vll.
223 3977 281 4026 Dio.
294 4005 330 4016 —
345 3977 398 4027 Cic.
409 3977 441 4027 ad
451 3978 613 4038 ramitv111,
626 3977 651 4028 d.
665 4005 700 4016 -
713 3979 825 4045 Appian.
842 4004 877 4016 -
891 3978 907 4044 5
919 3979 990 4025 vm.
1001 3976 1054 4026 Cic.
1069 3975 1101 4024 de
1113 3976 1160 4040 leg.

83 4057 177 4124 'Agna
189 4060 229 4118 11,
243 4061 316 4118 8.,-
330 4061 441 4127 Appiam.
454 4089 488 4098 —
501 4061 555 4114 Cio.
565 4061 597 4110 ad
609 4062 781 4121 ramitvnt,
795 4064 846 4110 det
858 4079 884 4124 9.
895 4089 929 4100 -
942 4061 1050 4111 Plan-
1059 4061 1119 4110 nio.
1129 4087 1164 4098 -

84 4142 102 4210 s
116 4143 166 4194 11.
176 4143 285 4210 Appian.
295 4171 330 4186 -
340 4145 398 4195 Dio.
410 4173 444 4185 -
456 4145 520 4196 Plus.
531 4171 567 4185 -·
577 4144 629 4196 Cic.
639 4145 672 4196 ad
683 4144 769 4196 Famil.
776 4145 853 4204 vm,
869 4161 895 4208 9.
