2875 4900
269 352 1343 378 mmmmmmmfflfflmmmmmmmmmmfflm

412 560 703 684 mannas
743 483 1208 650 aaurnsflaun

321 738 1295 947 SUPPLEMENTORUM

383 1060 387 1072 “
441 1156 445 1163 -
492 1101 1114 1228 LIVIANORUM

616 1380 798 1461 LIBER
831 1382 998 1461 XLVII

415 1613 460 1667 IN
488 1610 643 1669 LOCUM
667 1610 792 1667 Llltltt
819 1611 983 1667 LXXXII
1010 1612 1198 1668 LIVIANI.

606 1844 1002 1878 ...κ-...ορμ-

684 2046 929 2115 ΕΡΙΤΟΜΕ

453 2207 585 2266 LIBRI
616 2205 921 2263 OCTOGESIIII
947 2202 1166 2265 SECUNDI.

269 2370 342 2427 Sulla
353 2369 444 2442 copias
455 2368 542 2439 regis,
557 2384 634 2437 quaa,
648 2362 807 2417 Macedonia
820 2374 969 2437 occupata,
982 2364 1012 2419 in
1020 2366 1186 2420 Thessaliam
1199 2381 1328 2421 venerant
1339 2408 1349 2434 ,

306 2453 398 2528 praelio
413 2452 495 2516 vicit,
514 2452 589 2504 casis
606 2450 725 2502 hostium
745 2461 853 2502 centurn
870 2449 986 2504 millibus
996 2490 1004 2516 ,
1015 2464 1051 2505 -et
1068 2453 1160 2506 caatria
1175 2471 1284 2526 quoque
1303 2473 1352 2507 ex·

304 2539 439 2611 pugnatis.
463 2539 598 2589 Renovato
619 2533 717 2587 deinde
741 2533 826 2599 hello,
851 2535 948 2588 iterum
970 2537 1114 2590 exercitum
1131 2537 1202 2610 regia
1223 2537 1294 2591 fudit
1313 2557 1352 2592 ao

304 2621 411 2674 delevit.
425 2621 571 2675 Archelaus
582 2638 644 2672 cum
656 2620 740 2672 classe
750 2619 823 2690 regia
832 2619 913 2672 Sullae
926 2638 955 2672 ae
970 2619 1351 2674 uadidir.1..valeriuaFtae-

305 2725 352 2760 cus
367 2707 477 2770 consul,
495 2705 597 2776 collega
607 2703 715 2767 Cinnae,
727 2703 838 2766 missua,
851 2716 881 2756 ut
892 2700 971 2757 Sullae
982 2703 1148 2768 succederet,
1157 2716 1267 2776 propter
1279 2723 1351 2759 aaa·

304 2791 394 2844 ritiam
408 2789 508 2842 inviam
527 2787 654 2842 exercitui
669 2805 732 2849 suo,
750 2805 767 2839 a
782 2786 814 2839 C.
833 2786 951 2839 Fimbria
969 2786 1056 2857 legato
1074 2787 1172 2858 ipaiua,
1185 2786 1284 2840 ultimo
1296 2805 1353 2840 au·

304 2873 388 2927 dacin
406 2871 530 2935 homine,
550 2870 653 2923 occiana
673 2881 729 2933 eat3
752 2881 778 2921 et
800 2869 941 2940 imperium
961 2869 994 2922 ad
1010 2871 1154 2924 Fimbriam
1174 2871 1350 2926 translatum.

303 2959 432 3012 Praeterea
445 2966 601 3030 expugnatae
613 2953 642 3006 in
653 2953 716 3007 Aaia
732 2954 812 3006 urhea
829 2971 846 3006 a
858 2953 1032 3028 Mithridate,
1048 2967 1074 3008 et
1086 2953 1228 3008 crudeliter
1240 2953 1353 3029 direpta

301 3042 453 3115 provincia,
466 3039 687 3112 incursioneaque
695 3039 832 3092 Thracum
843 3038 872 3090 in
884 3039 1092 3104 Macedoniam,
1104 3039 1266 3094 referuntur.

268 3249 295 3313 I.
315 3217 567 3316 Exranarro
593 3249 629 3310 L.
644 3246 759 3329 Sullae,
782 3244 1061 3332 quemadmodum
1088 3247 1169 3311 nihil
1191 3263 1258 3312 tam
1283 3247 1355 3312 oh·

269 3350 405 3414 noxium
418 3349 592 3412 hominum
605 3347 735 3426 judiciis
747 3363 814 3428 est,
828 3370 927 3435 quarn
941 3348 1177 3436 imperatorum
1190 3350 1353 3434 concilia,

267 3476 285 3516 a
301 3451 465 3540 plerisque
479 3448 797 3537 reprehendebatur,
811 3450 921 3536 quod,
935 3451 1050 3514 relicto
1065 3451 1164 3516 attico
1176 3473 1271 3541 agro,
1284 3453 1355 3517 uhi

267 3568 401 3640 propter
421 3550 626 3637 asperitatem
645 3550 794 3614 locorum
811 3551 907 3638 pauci
927 3552 1076 3639 pluribus
1097 3553 1247 3617 resistere
1263 3577 1357 3641 poa-

266 3669 357 3734 sent,
375 3653 504 3717 Boeotiae
524 3673 655 3740 campos
672 3667 705 3714 et
723 3667 868 3740 apertam
887 3654 1073 3740 planitiem,
1097 3677 1237 3720 numero
1259 3679 1356 3744 praa-

266 3754 378 3818 sertim
404 3754 552 3840 equitnm
576 3769 668 3817 tanto
694 3753 831 3818 inferior
854 3756 1041 3842 optavisset.
1066 3758 1229 3822 Caeterum
1253 3758 1358 3824 Sulla

266 3873 383 3946 praeter
408 3857 538 3920 insitam
564 3855 733 3919 audaciam
760 3871 871 3920 motus
896 3858 1001 3920 causis
1026 3859 1161 3923 minime
1188 3858 1358 3925 inanibus

265 3959 457 4040 videbatur,
477 3956 568 4044 quod
584 3973 709 4020 retenta
725 3957 906 4044 Monychia
925 3958 1119 4023 Archelaum
1135 3959 1201 4023 hoc
1220 3960 1360 4023 intelli-

267 4061 363 4152 gebat
378 4083 490 4151 agere,
508 4074 547 4124 ut
562 4056 716 4123 ducendo
734 4058 820 4122 hello
837 4060 1002 4123 Romanos
1022 4061 1055 4124 in
1075 4061 1210 4152 regione
1225 4063 1361 4146 sterili,
