2875 4900
270 403 323 472 IN
353 402 465 471 LOC.
491 400 584 469 LlB.
613 399 700 468 CIV
729 398 942 467 LIVIANI.
1072 392 1140 481 543

89 525 156 587 dum
176 522 312 600 casibus,
331 522 506 610 proescttim
529 541 629 607 quum
649 518 735 582 itlius
761 516 979 582 incolumitate
1004 540 1051 581 res
1073 530 1140 597 tota

80 624 285 712 fmmentaria
308 625 469 687 niteretur.
496 622 547 683 De
569 621 691 685 caeteris
719 642 851 708 quoque
876 619 958 683 nibil
978 621 1139 686 convenit.

90 726 120 790 P.
143 726 276 789 benurlo
303 724 398 787 multi
424 721 546 787 dabant
571 722 764 808 negotium,
793 720 850 785 sed
874 720 944 784 sine
974 722 1140 801 exercitu3

90 830 208 893 Crassus
231 845 297 891 tres
317 827 438 915 legatos
465 823 678 905 decernebat,
704 823 747 886 ita
768 839 894 886 utnon
917 821 1142 887 excluderetur

89 928 269 1016 Pompeius:
284 926 414 990 volebat
424 924 512 989 euim
528 926 625 989 etiam
639 946 679 987 ex
689 924 728 987 iis
742 944 830 1004 esse,
844 924 901 1011 qui
915 946 989 987 cum
1004 924 1141 1011 imperio

90 1046 194 1094 esseni.

125 1130 250 1195 LXXX.
273 1128 312 1192 ld
329 1129 439 1216 plures
457 1126 664 1205 abnuebant,
682 1148 722 1188 ex
739 1125 870 1212 privatis
894 1140 1059 1189 censentes
1077 1126 1139 1214 legi

89 1245 234 1315 oportere.
258 1232 352 1294 Unus
372 1226 593 1292 consularium
615 1226 652 1290 P.
671 1226 825 1290 Servilius
847 1226 984 1291 omnino
1004 1227 1141 1315 negabat

90 1330 323 1410 reducendum;
347 1332 435 1395 etin
460 1350 531 1392 eam
557 1326 774 1403 seutentiam,
800 1348 902 1413 quum
929 1327 1139 1392 intercessum

90 1446 178 1512 esset,
193 1433 369 1520 prescripta
391 1446 440 1494 est
462 1444 593 1493 senatus
610 1429 794 1491 auctoritas.
812 1428 913 1491 Paulo
930 1444 1004 1515 post
1019 1430 1141 1493 tribuni

90 1532 180 1614 plebis
193 1534 460 1621 promulgarunt,
479 1534 560 1595 Cato
573 1529 615 1594 de
631 1530 768 1617 imperio
782 1530 921 1593 Lentulo
936 1530 1142 1620 abrogand03

89 1631 231 1697 Caninius
247 1635 360 1699 Gallus
374 1632 416 1697 de
434 1633 627 1713 Ptolemaeo,
644 1632 692 1693 uti
708 1652 784 1694 eum
802 1632 861 1695 Cn.
879 1631 1052 1718 Pompeius
1073 1634 1143 1696 Mu·

89 1756 163 1819 gnus
188 1759 264 1800 eum
291 1734 422 1799 duobus
445 1733 614 1797 lictoribus
638 1730 819 1795 reduceret.
846 1731 958 1812 Quum
977 1731 1027 1795 his
1045 1732 1142 1796 rebus

90 1834 214 1901 nimium
225 1837 453 1902 sollicitaretur
462 1834 560 1898 Urbis
571 1834 682 1921 quies,
698 1831 803 1897 Clodii
816 1830 946 1895 furiosis
959 1832 1142 1897 actionibus

89 1934 172 2019 plane
180 1938 373 2025 praecipitata
383 1952 416 1998 et
424 1935 580 1999 exstincta
591 1949 650 1998 est.
660 1932 868 2013 ls,aedilitate
877 1932 1142 2013 initu,Milonem
1267 2010 1269 2015 Ι
1397 2010 1398 2015 ¹

88 2032 214 2100 vicieim
230 2038 274 2101 de
288 2038 321 2099 vi
336 2036 539 2124 postulabat,
557 2034 688 2098 turbam
708 2034 750 2123 ab
773 2056 812 2097 eo
833 2050 977 2098 coactam
993 2032 1143 2121 gladiato·

89 2155 192 2223 resque
208 2138 419 2219 insimulans,
434 2154 466 2201 et
479 2138 557 2217 aliu,
576 2159 649 2222 quae
664 2137 733 2222 ipse
747 2136 851 2221 prior,
867 2150 899 2197 et
913 2135 1079 2221 proposito
1092 2135 1144 2199 de-

89 2236 195 2302 teriore
214 2241 344 2303 feceret.
361 2239 438 2302 Haeo
455 2258 522 2300 non
540 2252 607 2299 tam
625 2257 683 2324 spe
702 2234 907 2323 opprimendi
926 2234 1057 2299 Milonis
1072 2260 1143 2325 age-

88 2332 151 2417 brt,
167 2361 264 2425 quam
281 2338 458 2427 cupiditate
473 2335 652 2429 exagitandi
667 2358 745 2400 suos
761 2335 974 2416 adversarios,
991 2360 1008 2399 a
1023 2338 1142 2424 quibus

88 2436 134 2502 ille
147 2438 391 2507 defendebatur.

125 2543 271 2610 LXXXI.
294 2547 333 2608 ln
356 2542 548 2630 Pompeium
573 2542 734 2630 precipue
756 2539 901 2604 convicia
923 2557 954 2604 et
970 2533 1143 2606 ¹maledicta

89 2663 312 2733 congestante,
328 2646 448 2734 quibus
460 2645 559 2709 illum*
571 2644 692 2708 sciebat
703 2643 858 2706 acerrime
873 2643 995 2732 pungi,
1010 2643 1056 2707 sic
1068 2666 1143 2708 cum

89 2763 139 2807 sua
149 2750 243 2813 turba
256 2761 516 2836 comparaverat,
528 2761 566 2809 ut
579 2745 723 2832 quoties,
736 2744 845 2831 aliquo
857 2744 992 2806 erimine
1005 2759 1062 2807 aut
1074 2767 1145 2832 pro·

88 2841 142 2909 bro
153 2851 296 2935 prolato,
315 2852 385 2937 quis
396 2873 432 2912 eo
444 2861 608 2926 teneretur,
621 2847 853 2935 interrogaret,
867 2845 1033 2934 Pompeius
1045 2846 1144 2908 accla-

89 2965 229 3016 namur.
247 2951 354 3040 Igitur
368 2973 396 3014 a.
416 2949 448 3014 d.
470 2948 550 3014 V111
573 2946 647 3010 idus
663 2947 858 3025 februarias,
877 2967 978 3032 quum
998 2967 1058 3031 pro
1078 2943 1143 3007 Mi-

88 3045 155 3110 lone
162 3049 338 3140 Pompeius
348 3065 547 3138 perorasset,
557 3069 758 3137 surgensque
770 3045 811 3110 ad
822 3044 998 3109 dicendum
1010 3045 1142 3110 Clodius

88 3145 218 3215 obmore
237 3150 496 3216 adversariorum
518 3149 749 3237 impediretur,
771 3147 988 3236 interrogabat
1009 3169 1086 3211 suos
1108 3147 1141 3211 in

89 3246 219 3315 clamore
235 3253 326 3341 ipso,
343 3283 356 3306 a
367 3252 439 3338 quis
463 3267 563 3331 esset,
582 3250 638 3336 qui
656 3249 785 3337 plebem
801 3247 885 3310 fame
905 3247 1075 3310 necarett»
1092 3269 1144 3311 re·

87 3351 284 3434 spondebant
296 3376 418 3441 operte,
431 3352 627 3439 «Pompeius
635 3381 659 3414 ν.
673 3350 779 3431 «Quis
793 3346 1014 3412 Alexandriam
1026 3348 1072 3411 ire
1084 3371 1144 3412 cu·

88 3453 234 3533 «perett-
246 3452 506 3541 respondebant,
526 3451 756 3539 «Pompeius».
773 3480 786 3505 «ι
797 3449 905 3530 Quem
920 3449 967 3513 ire
979 3450 1121 3514 vellent?
1131 3483 1144 3506 »

88 3554 340 3637 respondebant,
363 3556 538 3617 -erassum
549 3583 572 3616 υ.
596 3552 680 3617 Nam
702 3566 735 3613 et
757 3550 888 3614 Crassus
910 3547 1036 3631 aderat,
1056 3551 1143 3614 haud

88 3653 155 3714 satis
178 3678 292 3743 aequus
318 3655 445 3718 Miloni.
470 3654 620 3740 Denique
642 3654 862 3740 interrogante
888 3649 1019 3729 Clodio,
1045 3652 1144 3737 «quis

89 3772 204 3837 -esset,
222 3757 279 3844 qui
293 3757 345 3819 sir
358 3756 466 3818 virum
483 3753 662 3842 quaereret?
680 3752 735 3839 qui
755 3768 853 3839 caput
865 3775 932 3815 uno
950 3750 1051 3840 digito
1065 3751 1145 3814 scal·

118 3977 264 4040 sunm.
279 3982 332 4032 Cic.
341 3981 374 4028 ad
386 3980 471 4028 tmtl.
485 3981 510 4037 1,
528 3995 538 4026 r
554 3991 580 4027 et
594 3996 619 4026 a.
633 4004 668 4015 -
677 3978 736 4026 Dio.
748 4003 782 4014 -
796 3978 917 4026 Plutarch.
930 3977 956 4024 iu
969 3967 1054 4041 l’omp.
1070 3995 1092 4025 c.
1104 3981 1144 4026 8².

89 4083 119 4094 -
133 4059 269 4122 mxx.
279 4066 331 4115 Cic.
342 4065 374 4112 sd
385 4067 416 4127 Q.
428 4065 499 4112 fratr.
507 4066 546 4122 11,
555 4065 584 4122 3,
597 4074 622 4110 et
635 4078 681 4126 pro
693 4063 761 4109 Sext.
771 4077 793 4108 c.
805 4069 845 4117 tt.
861 4087 896 4096 -
911 4061 1033 4108 Plutarch.
1043 4087 1077 4097 -
1087 4061 1143 4110 Dio.

88 4166 119 4178 -·
131 4143 147 4207 S
157 4139 276 4196 LXXXI.
287 4149 338 4197 Cic.
348 4148 379 4196 ad
390 4147 475 4196 tamn.
485 4149 512 4206 l,
527 4147 551 4206 ⁵,
565 4158 588 4194 et
601 4145 632 4193 ad
643 4146 676 4207 Q.
687 4145 755 4192 fratr.
767 4146 804 4202 11,
819 4143 843 4190 3.
852 4169 885 4180 -
896 4142 958 4190 Plut.
