2875 4900
276 359 348 498 674
422 403 521 470 so.
549 397 891 468 rnnrnsnnnn
921 397 1170 470 suprema.

276 521 340 587 hus
364 537 551 611 permotus,
573 539 717 607 quorum
735 517 839 582 ferme
866 517 1003 584 dimidia
1024 541 1099 608 pars
1124 517 1241 583 effecta
1262 537 1349 600 erat,

277 626 344 690 sive
361 623 514 713 quiajam
532 621 574 686 ab
590 621 685 684 initio
704 620 878 684 consilium
896 622 996 686 Italiae
1014 620 1238 710 relinquendo
1254 643 1351 710 oepe-

277 744 347 808 rat3
365 750 432 791 una
449 725 490 790 de
513 747 548 789 re
569 723 742 803 sollicitus,
766 721 1047 810 quemadmodum
1063 739 1136 788 tuto
1153 721 1351 805 diseederet,

277 844 387 918 portas
412 826 570 906 obstruit,
595 839 787 913 partemque
811 825 938 889 viarum
960 827 1139 914 parietibus
1164 824 1352 906 inaedifimt,

277 931 347 994 aliis
361 932 462 994 fossas
478 946 673 993 transversas
682 924 860 1012 praedueit,
875 950 994 1014 easque
1010 928 1175 1016 stipitibus
1185 927 1352 1016 psaeacutis

279 1032 397 1120 replet,
414 1030 556 1094 cratibus
572 1028 744 1114 humoque
762 1043 893 1116 aggesta
910 1028 1044 1094 insidias
1060 1045 1185 1119 tegens.

324 1134 475 1198 LXXIII.
493 1129 610 1196 Aditus
625 1143 734 1192 autem
749 1127 854 1210 duos,
871 1131 928 1218 qui
941 1147 1030 1195 extra
1043 1154 1157 1195 muros
1169 1129 1212 1195 ad
1225 1147 1354 1219 portam

281 1234 461 1314 ducebant,
478 1231 625 1295 maximis
641 1230 902 1318 acutissimisque
918 1231 1082 1315 trabibus,
1098 1233 1132 1299 in
1147 1232 1292 1296 densum
1305 1255 1355 1295 or·

282 1335 393 1400 dinem
409 1333 557 1415 structis,
575 1332 714 1420 obsepit.
733 1332 966 1416 Brundisinus,
982 1336 1103 1424 quibus
1120 1359 1238 1424 parum
1255 1335 1355 1399 confi·

281 1435 397 1517 debat,
415 1435 505 1500 dorni
518 1457 553 1498 se
567 1435 737 1498 continere
748 1433 853 1513 jubet.
866 1434 926 1499 His
941 1437 1077 1524 paratis,
1091 1438 1211 1502 milites
1226 1437 1354 1501 silentio

282 1534 510 1601 conscendunt
528 1557 625 1598 naves
645 1557 652 1599 :
671 1549 745 1598 tum
761 1533 922 1623 expediti,
941 1559 1026 1624 quos
1042 1559 1082 1601 ex
1097 1537 1239 1601 evocatis
1260 1538 1356 1626 sagit·

283 1639 371 1702 tariis
394 1653 493 1726 atque
515 1635 758 1712 funditoribus,
781 1634 823 1700 ad
843 1636 984 1724 speciem
1008 1637 1188 1701 retinendae
1210 1638 1355 1702 urbisin

283 1763 380 1804 muro
396 1738 617 1827 disposuerat,
644 1753 735 1802 certo
758 1738 852 1826 signo
871 1755 1088 1823 revocantur3
1104 1739 1225 1804 relictis
1246 1756 1355 1805 actua·

283 1842 339 1906 riis
358 1841 512 1921 navibus,
535 1839 655 1927 quibus
680 1861 741 1927 per
759 1839 875 1903 itinera
900 1855 977 1904 nota
998 1839 1153 1930 digressi,
1173 1862 1255 1903 suos
1274 1848 1355 1904 asse*

285 1958 474 2030 querentur.
491 1942 582 2004 Dum
599 1939 670 2004 haec
687 1956 862 2028 geruntur,
877 1939 1065 2004 brundisini
1082 1964 1122 2005 ex
1136 1943 1230 2006 tectis
1248 1943 1356 2031 profe·

285 2043 427 2107 ctionem
441 2040 717 2142 Pomppianorum
736 2056 821 2105 nutu
834 2040 1068 2132 significabant.
1084 2045 1172 2134 Ergo
1187 2045 1356 2109 Caesarism

285 2145 377 2208 scalis
392 2144 505 2232 positis
524 2165 637 2206 muros
659 2143 868 2233 transgressi,
887 2144 922 2206 in
940 2143 1043 2208 fossas
1059 2161 1093 2210 ct
1109 2145 1209 2210 sudes
1225 2146 1356 2211 incidis-

286 2261 378 2328 sent,
389 2244 453 2309 nisi
464 2244 582 2309 moniti
595 2243 637 2308 ab
649 2243 838 2333 oppidanis,
854 2260 888 2308 et
897 2245 997 2335 longo
1012 2245 1128 2310 itinere
1141 2246 1355 2312 circumducti

287 2347 328 2412 ad
344 2361 479 2435 portum
496 2345 616 2409 forent.

331 2450 478 2514 LXXIV.
494 2449 546 2513 Ibi
567 2448 648 2513 duas
667 2445 776 2513 adhuc
792 2435 907 2531 naves,
922 2470 1000 2513 eum
1020 2449 1195 2532 militibus,
1213 2451 1274 2538 qui
1291 2450 1355 2513 ine·

287 2563 376 2631 rant,
393 2548 435 2614 ad
456 2550 577 2615 molem
593 2549 727 2613 Caesaris
747 2550 905 2614 haerentes
923 2549 1076 2615 lintribus
1092 2551 1289 2639 scaphisque
1302 2553 1356 2615 cir-

276 2644 547 2732 ‘cumvenerunt3
565 2650 759 2737 injectisque
784 2651 895 2714 ferreis
918 2652 1070 2715 manibus
1091 2666 1301 2716 retraxerunt
1320 2648 1357 2714 ad

288 2752 380 2833 litus,
395 2751 659 2842 repugnantibus
682 2752 807 2839 aliquot
825 2752 1013 2816 interfectis.
1029 2752 1082 2817 sic
1102 2753 1255 2842 expulsus
1274 2752 1357 2818 Italis

290 2854 483 2943 Pompeius,
507 2874 575 2915 non
597 2852 697 2918 modo
717 2853 971 2941 rempublicam,
995 2853 1053 2918 sed
1073 2876 1205 2919 omnem
1224 2855 1357 2945 gloriam

290 2979 401 3038 suam,
420 2976 554 3019 omnem
575 2956 731 3018 virtutem
753 2952 949 3043 perdidisse,
973 2954 1144 3043 factusque
1166 2956 1265 3044 plane
1282 2956 1357 3022 alius

291 3082 361 3123 esse
377 3056 565 3139 videbatur,
582 3055 716 3145 pristina
732 3056 801 3136 ejus
818 3058 902 3119 faeta
916 3079 994 3121 eum
1007 3056 1072 3120 hoc
1087 3058 1211 3120 recenti
1228 3079 1358 3145 compa·

291 3160 451 3225 rantibus.
476 3158 619 3238 Urbem,
650 3180 749 3244 quam
775 3156 909 3221 defendi
935 3158 1036 3222 totius
1063 3158 1191 3246 imperii
1216 3158 1356 3246 periculo

291 3262 416 3349 aequius
432 3276 517 3341 erat,
536 3259 719 3324 adversario
736 3260 927 3347 reliquerat,
945 3259 1085 3350 pecunia
1101 3260 1270 3339 refertam,
1284 3282 1358 3349 prae-

292 3359 374 3425 sidio
393 3385 544 3443 vacuam,
561 3361 791 3425 Themistoclis
810 3385 890 3427 usus
912 3362 1068 3445 consilio,
1087 3384 1191 3451 quum
1215 3376 1358 3451 tempora

292 3462 449 3527 Periclem
466 3464 567 3552 magis
583 3478 766 3551 poscerent.
846 3517 848 3522 .

336 3564 467 3627 LXXV.
491 3564 589 3627 Nune
614 3564 709 3627 etiam
732 3564 878 3646 Italiam,
901 3564 1012 3629 sedem
1035 3565 1182 3655 imperii,
1204 3565 1309 3629 robur
1328 3578 1357 3626 et

291 3665 503 3731 seminarium
522 3686 664 3728 romanae
686 3665 825 3747 militias,
849 3665 1038 3747 deserebat3
1061 3689 1100 3730 ex
1122 3665 1240 3730 eodem
1263 3678 1357 3754 portu

325 3910 460 3977 §mn
474 3909 532 3957 Dio.
550 3934 586 3945 —
604 3908 714 3974 Appian.
732 3936 767 3946 —
785 3910 909 3960 Plutarch.
929 3912 956 3959 in
973 3913 1061 3977 Pomp.
1076 3938 1112 3949 -
1127 3913 1239 3960 Frontin-
1254 3912 1280 3969 1,
1291 3910 1357 3956 t.-

291 3996 308 4062 S
322 3996 441 4045 LXXIII.
456 3994 515 4043 Dio.
528 4020 562 4030 -
574 3995 664 4043 Lucan.
679 3995 711 4041 11.
722 4020 758 4031 -
775 3995 839 4044 Ces.
852 4022 889 4032 -
902 3997 1057 4061 Appiam-
1068 3997 1180 4045 Frontina.
1192 3992 1356 4043 -Pluomls

291 4108 327 4117 -·-
341 4078 357 4144 S
370 4080 488 4127 txxtv,
502 4076 625 4127 Plutarch.
639 4106 674 4115 -·
687 4078 746 4125 nio.
758 4077 856 4126 -ctc
867 4078 899 4127 ad
912 4080 1046 4129 Atticm
1056 4114 1064 4140 ,
1074 4096 1115 4138 ιι,
1130 4090 1155 4128 et
1165 4080 1242 4133 vm,
1253 4078 1322 4137 a,3‚
1332 4089 1353 4133 70

290 4189 325 4201 -·
335 4164 426 4211 Lucan.
439 4164 478 4220 11,
494 4178 518 4212 v.
533 4163 593 4224 726.
