2875 4900
289 350 343 419 IN
376 351 489 419 LOC.
516 351 611 419 LIB.
640 352 728 419 CIX
760 350 976 419 LIVIANI.
1099 352 1171 425 655

96 476 211 584 favore
224 470 405 559 plausuque
424 471 538 559 populi
554 487 706 559 exceptus
720 486 787 567 est,
805 469 969 560 floresque
988 488 1023 536 et
1037 490 1122 541 serta
1137 477 1173 543 in

66 760 74 775 ο
96 588 321 747 ωῗὶὲἷῗᾎῑ
338 673 396 739 ubi
413 690 462 739 est
478 673 528 739 his
545 673 696 741 derebus
708 676 743 739 in
758 691 874 739 senatu
885 675 1042 759 relatum,
1056 679 1173 747 Caesari

96 777 248 865 plerique
266 798 380 841 omnes
398 776 600 865 abrogarunt
617 777 811 864 imperium3
829 777 1174 865 relinquebant-Pons·

96 879 192 967 peio:
207 900 283 941 nam
297 878 415 943 astutia
427 878 570 941 consulis
586 879 724 943 seorsim
737 877 778 943 de
791 894 932 965 utroque
945 879 1082 944 relatum
1092 899 1171 949 erat.

95 982 205 1069 Igitur
225 979 327 1043 Curio
350 978 463 1043 denuo
486 976 688 1057 conjunctim
710 979 832 1043 referre
855 979 972 1067 coepit,
986 978 1172 1067 placeretne

95 1079 253 1147 deiram
277 1094 444 1168 utrumque
467 1080 510 1143 ab
535 1082 652 1158 armis,
678 1082 894 1168 nomineque
918 1080 1099 1145 dimittere?
1120 1082 1173 1150 lbi

95 1178 231 1245 duobus
243 1196 371 1245 tantum
386 1196 418 1243 et
430 1180 547 1269 viginti
565 1180 800 1262 renuentibus,
819 1182 957 1245 trecenti
969 1184 1173 1273 septuaginta

95 1282 133 1345 in
153 1283 347 1347 sententiam
368 1282 521 1347 Curionis
537 1280 768 1348 discesserunt.
787 1281 860 1345 Hoc
881 1283 940 1349 ubi
963 1283 1085 1352 factum
1105 1303 1169 1371 est,

97 1384 138 1447 C.
154 1383 343 1466 Marcellus,
360 1398 510 1447 senatum
532 1382 719 1459 dimittens,
743 1383 913 1464 «Vincite,
936 1386 1111 1468 exclamat,
1132 1404 1172 1453 ut

95 1514 110 1539 ι
120 1483 294 1549 dominum
309 1485 454 1549 habeatis
469 1486 626 1551 Caesarem
638 1516 660 1553 i.
675 1485 913 1551 Intercessione
927 1501 1036 1552 tanam
1050 1489 1172 1559 arnico-

95 1608 176 1648 rum
190 1586 352 1674 Pompeii,
368 1585 541 1667 adjuvante
557 1586 710 1667 consule,
727 1609 780 1651 res
797 1586 917 1651 effectu
931 1588 1046 1656 caruit.

142 1687 247 1752 XXV.
261 1687 325 1753 Sed
341 1706 374 1753 et
387 1689 467 1753 falso
481 1710 615 1753 rumore
627 1688 786 1754 venientis
796 1710 872 1752 curn
884 1688 1027 1756 exercitu
1038 1691 1171 1757 Caesaris

96 1788 185 1853 Urbs
206 1792 357 1855 exterrita
379 1790 582 1880 trepidabat:
599 1812 666 1877 quo
687 1813 767 1855 usus
787 1791 823 1855 C.
842 1790 1032 1871 Marcellus,
1055 1811 1172 1861 senatu

95 1906 231 1972 coacto,
252 1894 365 1956 retulit
383 1892 423 1957 de
447 1893 648 1982 legionibus,
671 1916 752 1980 quas
773 1908 915 1957 retentas
936 1893 1037 1957 luisse
1053 1897 1172 1983 Capuae

95 1991 256 2075 diximus,
280 1995 329 2058 uti
349 2013 462 2060 contra
485 1998 643 2061 Caesarem
667 1996 886 2060 mitterentur.
907 1994 972 2061 Sed
993 1994 1171 2063 obsistebat

95 2095 134 2157 C.
158 2095 278 2175 Curio,
301 2096 486 2184 frustraque
509 2097 577 2160 haee
603 2096 666 2159 diei
693 2095 848 2184 credique
871 2095 1059 2161 testabatur.
1083 2098 1170 2185 Ergo

94 2197 231 2276 consul,
245 2197 566 2286 «Quandoquidem,
580 2198 705 2285 inquit,
718 2197 760 2263 de
773 2197 943 2263 communi
956 2213 1086 2262 senatus
1100 2218 1172 2262 sen·

94 2298 222 2361 «tentia
242 2300 427 2388 reipublicae
447 2301 618 2365 consulere
633 2300 831 2386 prohibeor;
849 2315 883 2364 at
896 2322 958 2388 ego
978 2299 1090 2365 saltem
1109 2321 1170 2387 pro

94 2415 278 2487 «potestate
292 2424 366 2466 mea
386 2402 588 2467 consulam».
612 2402 716 2466 Simul
739 2400 888 2468 exsiliens
907 2400 1014 2481 curia,
1035 2401 1071 2464 in
1090 2401 1170 2468 sub·

94 2502 250 2584 urbium,
267 2503 324 2567 ubi
347 2504 522 2590 Pompeius
542 2503 672 2591 agebat,
692 2503 876 2590 procurrlt3
897 2517 1116 2591 porrectoque
1139 2504 1170 2566 ei

93 2603 223 2692 gladio,
241 2606 421 2670 «Iubemus
440 2621 491 2685 te,
508 2606 636 2692 inquit,
658 2620 775 2668 eontra
791 2606 948 2669 Caesarem
966 2602 1085 2674 bellare
1108 2627 1169 2693 pro

93 2739 108 2762 κ
117 2707 239 2793 patria,
256 2707 431 2794 copiasque
446 2707 506 2771 tibi
519 2705 694 2784 tradimus,
715 2722 749 2770 et
764 2728 836 2792 quos
853 2727 944 2770 nune
960 2707 1094 2793 Capuae,
1111 2721 1169 2769 aut

93 2839 108 2863 «ι
117 2831 179 2896 per
192 2826 339 2873 caeteram
353 2811 477 2873 Italiam
492 2824 588 2888 sunt,
604 2824 638 2871 et
654 2829 735 2895 quas
751 2829 792 2872 ex
807 2806 899 2872 novis
916 2827 1028 2893 parare
1038 2805 1171 2873 delecti-

94 2941 108 2966 ·
119 2911 183 2974 bus
199 2911 322 2976 voles».

140 3011 263 3076 XXVI.
283 3013 367 3076 Nam
388 3033 455 3075 una
472 3033 583 3075 secum
601 3011 753 3074 consules
769 3009 955 3099 designatos
971 3007 1167 3091 adduxerat,

95 3137 138 3177 ne
154 3137 224 3194 res,
245 3137 263 3177 a
281 3135 315 3178 se
333 3113 403 3176 solo
427 3127 593 3200 suscepta,
612 3133 729 3199 parurn
754 3111 889 3177 baberet
910 3109 1079 3178 momenti.
1096 3112 1168 3178 Jam

93 3215 186 3278 enim
203 3213 237 3277 in
255 3216 345 3278 exitu
361 3214 547 3280 consulatus
564 3213 633 3292 ejus
648 3231 735 3295 erat;
751 3214 814 3278 sub
830 3212 922 3301 quod
938 3229 1068 3299 tempus
1085 3211 1169 3278 desi·

93 3331 273 3403 gnatorum
288 3315 355 3394 jam
374 3316 515 3378 multum
531 3315 657 3380 valebat
672 3316 864 3395 annutritus,
883 3314 1002 3401 quibus
1018 3331 1053 3378 et
1068 3315 1168 3380 literae

93 3413 309 3480 tradebantur
322 3415 362 3481 ad
377 3431 526 3480 senatum
539 3414 684 3503 scriptae,
698 3431 732 3482 et
745 3417 805 3481 alia
819 3414 966 3503 quasdam
979 3433 1091 3503 gerere
1105 3441 1168 3505 pro

93 3517 286 3582 consulibus
305 3517 432 3582 licebat.
450 3519 493 3581 At
513 3516 708 3604 Pompeius,
726 3537 829 3604 quum
854 3517 1115 3605 semper-fuisset
1132 3519 1167 3582 in

93 3617 257 3698 ejusmodi
276 3619 374 3683 rebus
391 3634 558 3684 accuratus
579 3635 613 3682 et
630 3618 786 3708 diligens,
805 3617 954 3706 cupidius
971 3641 1071 3705 quam
1086 3641 1168 3706 pru·

93 3721 225 3786 dentius
248 3723 393 3787 oblatum
418 3723 541 3810 accepit
564 3721 759 3809 imperium,
776 3743 884 3807 neque
905 3744 925 3784 a
943 3719 1064 3806 quibus
1085 3721 1166 3798 sibi,

94 3843 205 3908 neque
220 3822 389 3909 quomodo
406 3822 631 3903 mandaretur,
648 3821 859 3889 considerans
877 3845 885 3886 z
903 3822 937 3886 in
954 3821 1094 3910 speciem
1118 3839 1167 3886 ta·

129 4035 146 4100 S
162 4037 261 4085 xxrn.
276 4037 339 4086 riui.
354 4039 380 4086 ru
394 4039 457 4087 ca..
469 4039 625 4103 -sppua
641 4038 704 4102 -s
720 4039 818 4086 xxiv.
831 4038 896 4086 rm.
907 4039 934 4084 a·
947 4039 1034 4100 Pomp.
1049 4063 1084 4072 -
1101 4037 1166 4086 aaa.

92 4113 129 4158 *-
145 4119 161 4185 l
175 4121 619 4186 ¹¹V·Hirt.-sppun.-1un.
633 4115 666 4160 -’-
675 4123 733 4168 nro.
