2875 4900
270 404 340 491 408
444 404 513 473 JO.
541 400 885 473 FREINSIIEMII
913 396 1160 467 SUPPLIIM.

191 510 194 517 ¹
269 525 415 614 temptinr
431 526 594 606 invectus,
607 540 682 611 post
691 523 793 587 levem
805 542 951 609 pugnam
959 518 1026 606 (εἰσ
1039 518 1128 581 enim
1140 530 1338 605 praeceptum

269 624 389 711 fuerat)
406 625 604 714 refugientes
628 642 761 688 strenue
778 621 989 710 persequitur
1006 643 1015 685 ι
1031 635 1065 683 at
1086 618 1151 698 illi,
1169 639 1278 705 quum
1298 616 1340 679 ad

269 726 450 815 peditatum
467 746 563 789 suum
581 724 822 813 pervenissent,
837 722 874 785 in
891 722 992 785 latera
1010 718 1248 800 discurrentes,
1265 741 1341 805 spa·

268 829 351 891 tium
369 826 552 916 legionibus
572 841 772 913 aperuerunt
789 846 797 887 :
814 824 855 887 ab
874 823 912 885 iis
929 821 1099 910 inopinato
1117 821 1228 909 praelio
1252 842 1343 884 exce·

270 928 319 1015 pti
334 927 462 1009 hostes,
473 926 514 989 ab
528 925 696 1013 equitibus
709 926 865 1011 utrinque
876 922 1090 987 circumventi
1102 944 1258 1010 maguam
1271 944 1343 985 suo·

272 1048 346 1089 rum
365 1024 610 1097 multitudinem
624 1025 815 1089 amiserunt.

315 1129 468 1193 XXXVI.
491 1129 621 1216 Reliqui
645 1150 758 1216 quum.
771 1128 808 1191 in
829 1127 924 1193 silvas
946 1149 981 1191 se
1003 1128 1216 1215 recepissent,
1242 1127 1342 1191 Pom·

271 1230 383 1317 peius,
407 1229 550 1293 exercitu
575 1228 795 1310 circumdato,
819 1229 911 1317 ignes
933 1226 1099 1293 admoveri
1117 1226 1216 1305 jussit
1237 1250 1247 1291 t
1270 1249 1343 1313 pars

270 1332 424 1419 pleraque
446 1330 616 1413 incendio,
638 1332 698 1419 qui
726 1353 898 1418 erumpere
921 1344 1139 1407 tentaverant,
1157 1327 1288 1415 excepti
1303 1326 1344 1389 ab

269 1432 398 1495 armatis
414 1434 582 1520 perierunt
598 1457 606 1497 :
624 1450 658 1498 et
674 1432 835 1521 gaudebat
849 1430 992 1496 wdibus
1008 1431 1121 1511 miles,
1140 1430 1186 1497 ob
1204 1444 1344 1495 tentatas

270 1554 376 1620 nuper
396 1532 528 1600 insidias
551 1535 707 1615 infestus,
730 1556 871 1621 quarum
891 1530 1047 1597 memoria
1067 1532 1278 1596 continenter
1293 1532 1343 1593 in-

270 1633 452 1699 clamabant
461 1636 627 1717 ferientes,
639 1664 652 1691 a
661 1636 746 1699 Hem
752 1635 948 1699 Saturnalia!
957 1664 972 1691 ι
983 1656 1057 1697 nam
1071 1632 1134 1697 snb
1143 1632 1344 1719 eosdiesop

268 1734 408 1821 primere
420 1737 586 1801 Romanos
596 1737 713 1803 Albani
728 1736 955 1826 cogitaverant.
969 1733 1034 1799 Sed
1044 1758 1086 1799 eo
1100 1734 1134 1797 ln
1149 1735 1264 1822 praelio
1277 1756 1342 1799 non

270 1850 397 1899 tanturn
415 1838 636 1927 imperatoris,
652 1861 769 1903 rernm
784 1839 881 1901 etiam
900 1836 1026 1917 militis,
1044 1836 1222 1922 Pompeius
1236 1835 1344 1922 exple·

268 1938 315 2001 vit
340 1940 472 2021 munia,
496 1940 596 2004 fratre
624 1940 709 2029 regis
734 1956 896 2027 prostrato
921 1937 1035 2025 (Cottia
1058 1936 1260 2022 vocabant),
1288 1938 1343 2023 qui

266 2038 374 2117 jaculo
389 2040 582 2129 Pompeium
602 2056 734 2129 petens,
755 2064 859 2127 quum
879 2041 987 2105 lorice
1006 2038 1256 2104 commissuram
1271 2061 1344 2126 per-

270 2140 434 2221 cussisset,
451 2140 541 2205 hasta
555 2142 694 2205 Romani
708 2139 881 2205 transfixus
895 2140 1022 2205 cecidit.

317 2242 485 2306 XXXVII.
504 2242 593 2306 Dum
613 2242 715 2329 spolia
727 2243 891 2331 legrmtur,
907 2242 1008 2330 peltas
1021 2241 1276 2328 cotbumosquc
1292 2265 1343 2306 re·
1398 2297 1399 2300 ,

274 2356 385 2428 perros
399 2362 468 2405 esse
482 2341 610 2422 ferunt,
625 2341 776 2427 qualibus
783 2345 966 2407 Amazones
978 2361 1045 2407 uste
1058 2341 1263 2426 creduntur3
1276 2366 1345 2409 cor·
1398 2383 1399 2390 κ

271 2463 335 2530 pus
350 2459 459 2506 tamen
473 2442 632 2508 muliebre
644 2442 774 2508 nullum
787 2461 953 2534 repertum
964 2467 972 2508 :
983 2444 1037 2509 alii
1050 2443 1193 2510 fabulam
1205 2461 1343 2534 augent,

273 2545 360 2606 inter
375 2543 504 2609 obsides
518 2545 732 2632 captivosque
741 2547 864 2617 multos
880 2545 1007 2634 generis
1019 2545 1089 2625 ejus
1104 2545 1223 2625 fuisse,
1241 2545 1345 2610 lione·

272 2645 330 2709 stis
355 2645 441 2710 inter
459 2645 675 2736 pugnandum
694 2647 833 2736 acceptis
852 2646 1043 2712 vulneribus
1061 2669 1069 2710 :
1087 2645 1170 2711 adeo
1187 2647 1344 2712 familiare

271 2747 461 2812 bominibus
474 2763 538 2829 est,
553 2770 612 2836 per
625 2749 902 2836 vaniloquentiam
915 2773 935 2812 a
946 2749 1032 2814 veris
1043 2747 1087 2812 ad
1099 2748 1180 2814 mira
1192 2764 1227 2812 et
1239 2749 1344 2812 incre·

272 2847 384 2914 dibilia
400 2849 587 2914 desciscere.
598 2851 759 2916 Craterum
769 2851 898 2916 Oroeses
910 2851 974 2914 hac
985 2850 1093 2931 clade,
1106 2866 1156 2931 et,
1169 2871 1244 2939 quaa
1258 2852 1343 2916 illam

272 2952 412 3040 excepit,
431 2952 610 3015 vastatione
630 2951 723 3040 regni
744 2950 907 3030 domitus,
929 2951 1028 3016 missa
1047 2951 1209 3040 legatione
1228 2972 1343 3038 pacem

270 3051 380 3140 petii13
398 3051 553 3140 deditque
566 3052 758 3139 Pompeius,
768 3053 860 3132 jusso
872 3075 891 3116 a
902 3052 1072 3117 montibus
1084 3052 1181 3140 (nam
1194 3051 1260 3117 sub
1274 3054 1343 3140 ipso

271 3153 416 3216 Caucaso
431 3169 532 3217 castra
547 3151 720 3241 posuerat)
737 3152 772 3216 in
785 3153 881 3241 plana
899 3153 1108 3220 descendere.

314 3251 500 3318 XXXVIII.
518 3255 622 3340 Atque
641 3254 697 3318 ille
715 3277 784 3318 non
803 3255 911 3342 paruit
927 3254 1048 3332 modo,
1065 3255 1124 3320 sed
1139 3255 1229 3320 ultro
1244 3257 1342 3320 etiam

271 3371 346 3417 cum
369 3354 514 3441 epistolis
538 3377 673 3419 munera
696 3356 801 3436 misit,
822 3356 997 3436 lectulum,
1018 3377 1182 3435 menum,
1204 3356 1343 3434 solium,

271 3455 380 3517 omnia
394 3477 512 3520 aurea:
530 3479 603 3543 quas
621 3479 681 3545 pro
700 3479 792 3520 more
810 3479 872 3520 suo
892 3457 1069 3545 Pompeius
1084 3457 1242 3544 quaestori
1260 3461 1343 3521 rel'e·

270 3553 370 3619 renda
384 3555 417 3619 in
433 3557 556 3620 tabulas
574 3555 683 3636 dedit;
699 3579 877 3645 regemque
889 3557 959 3622 aliis
971 3557 1170 3645 quibusdam
1181 3556 1283 3622 donis
1296 3573 1343 3621 est

271 3672 507 3721 remuneratus.
525 3657 688 3722 Miserunt
708 3674 743 3722 et
764 3658 881 3746 reliqui
896 3659 1044 3746 plerique
1064 3660 1247 3725 Caucasum
1266 3659 1343 3725 iude

271 3755 313 3823 ad
324 3757 477 3849 Caspium
496 3779 600 3848 usque
616 3780 704 3824 mare
719 3759 902 3828 accolentes
918 3761 1031 3849 populi
1047 3761 1090 3826 de
1107 3783 1187 3848 pace
1199 3761 1339 3850 legatos:

306 4004 322 4068 s
337 4005 448 4053 XXXV.
462 4007 519 4054 Dio.
529 4031 563 4041 -
577 4005 642 4053 Plut.
655 4031 689 4041 -
704 4007 788 4053 Froat.
802 4005 876 4052 strat.
891 4007 930 4061 11,
941 4006 965 4052 3.
976 4031 1011 4041 -·
1025 4005 1105 4054 strab.
1116 4005 1160 4054 Iib.
1174 4007 1228 4063 11,
1247 4022 1272 4069 p.
1283 4006 1339 4052 50².

272 4115 306 4128 ·-
317 4088 334 4154 S
347 4087 470 4137 mvt.
483 4089 591 4155 AppIan.
601 4115 636 4127 -
648 4087 712 4136 Plut.
725 4115 760 4127 -·-
776 4087 864 4136 unat.
876 4114 912 4124 -
927 4087 1092 4152 snum.
1105 4090 1213 4154 Appen.
1231 4113 1267 4126 —·
1284 4089 1339 4136 nio.

273 4197 306 4208 -
318 4172 383 4221 Flor.
394 4171 445 4230 111,
457 4171 479 4218 5.
