2875 4900
254 379 310 447 ΙΝ
342 378 457 447 LOC.
485 379 578 447 LIB.
608 382 777 451 LXXXI
808 382 1023 451 Ltvlsnt.
1133 383 1178 479 87

146 498 272 563 XXIX.
284 500 552 588 Hieropbantidi,
566 524 703 567 summe
712 524 751 567 ea
760 484 929 591 religionis
936 502 971 565 in
983 502 1066 567 urbe
1081 524 1181 568 sacer-

103 599 162 663 dos
180 617 265 683 erat,
286 602 453 667 heminam
472 602 572 668 tritici
588 604 731 691 petenti,
750 603 916 667 heminam
940 603 1060 691 piperis
1083 604 1180 669 misit.

105 701 229 763 Urbem
243 701 288 765 ita
301 702 451 767 allectam
461 702 549 767 Sulla
561 722 693 787 nactus,
708 705 861 793 protinus
876 705 1118 769 circumvallare
1131 706 1181 770 in·

103 800 227 881 stituit,
245 824 286 865 ne
304 804 478 891 quisquam
496 804 573 869 inde
591 805 728 871 evadere
743 822 863 894 posset.
879 808 1008 871 Interea
1025 830 1110 895 saepe
1128 830 1182 872 ro·

103 919 197 991 gatus
211 904 254 967 ab
264 904 520 971 Atheniensibus
533 907 666 988 Aristio,
679 931 784 995 quum
798 906 856 971 diu
870 907 1065 997 negavisset,
1081 908 1183 973 semel

103 1005 199 1069 ctiam
223 1006 442 1094 supplicantes
466 1007 496 1071 ei
520 1031 596 1073 cum
620 1008 825 1073 senatoribus
850 1007 1035 1073 sacerdotes
1057 1010 1181 1099 sagittis

102 1106 278 1196 abegisset,
294 1108 427 1175 tandem
441 1111 646 1175 familiarium
661 1112 787 1199 aliquot
794 1109 836 1174 ad
844 1109 966 1173 Sullam
979 1126 1125 1175 oratores
1139 1109 1181 1175 de

103 1232 182 1293 pace
198 1210 297 1273 misit.
316 1213 357 1273 At
372 1210 418 1275 illi
435 1211 612 1275 sceleribus
629 1229 662 1275 et
679 1212 810 1299 crapula
828 1210 1001 1292 vecordes,
1017 1211 1134 1277 stolida
1149 1229 1182 1277 et

103 1309 241 1373 minime
250 1312 495 1377 accommodata
508 1313 712 1403 temporibus
725 1312 890 1394 oratione,
907 1313 989 1377 nihil
1000 1312 1091 1401 quod
1100 1337 1182 1402 prae·

101 1434 177 1473 sens
196 1434 277 1475 usus
296 1413 492 1499 postularet,
510 1414 567 1479 sed
582 1431 689 1479 vetera
710 1416 799 1478 urbis
816 1413 952 1496 decora,
969 1415 1181 1504 ‘l'heseosque

101 1512 369 1601 Eumolposque,
387 1532 421 1579 et
438 1516 563 1581 medica
581 1532 702 1605 tropaea
715 1516 943 1604 predicabant.

145 1615 256 1679 XXX.
273 1616 412 1704 «Neque
429 1619 489 1681 tibi
505 1617 661 1683 decorum
680 1618 799 1699 luerit,
818 1618 963 1699 aiebant,
981 1618 1179 1705 imperator,

100 1746 113 1769 ι
125 1738 237 1803 neque
254 1734 382 1799 tutum,
402 1742 473 1785 earn
494 1719 650 1785 excidisse
667 1720 804 1801 urbem,
827 1721 861 1783 in
883 1743 983 1809 quam
1008 1720 1180 1810 singularis

100 1817 267 1882 *deorum
286 1820 377 1885 favor
393 1845 521 1909 semper
537 1823 684 1887 exstitit:
710 1820 794 1885 adeo
812 1820 965 1909 quidem,
989 1836 1027 1884 ut
1047 1836 1080 1883 et
1095 1821 1181 1885 banc

100 1920 289 2009 «praecipua
312 1922 539 1987 benevolentia
562 1946 690 2012 semper
710 1923 1025 2011 complecterentur,
1047 1936 1081 1983 et
1103 1921 1181 1987 inde

99 2054 112 2075 ι
123 2022 334 2110 potissimum
350 2025 384 2089 in
405 2041 534 2089 caeteras
556 2042 667 2115 gentes
690 2048 841 2089 emanare
860 2021 1017 2087 beneficia
1036 2045 1094 2087 sua
1112 2025 1179 2087 vel·

100 2123 204 2189 «lent.
222 2126 293 2189 Jarn
311 2150 330 2190 a
347 2128 509 2215 principio
530 2151 634 2215 quum
656 2129 731 2193 urbi
753 2150 876 2191 nomen
898 2142 983 2191 esset
1005 2126 1179 2213 imponen-

100 2254 113 2277 «ι
124 2223 222 2307 dum,
241 2226 325 2291 duos
342 2226 384 2291 de
397 2230 619 2293 Consentibus
636 2229 677 2293 de
695 2230 761 2293 hoc
774 2230 902 2293 bonore
916 2224 1087 2293 certavisse
1103 2227 1179 2292 satis

101 2358 114 2381 ι
125 2318 276 2411 constat,
296 2346 329 2393 et
350 2354 453 2417 quum
472 2332 576 2396 oleam
591 2332 756 2410 Minerva,
772 2331 948 2418 Neptunus
963 2352 1087 2417 equum
1103 2352 1180 2416 pro·

101 2429 289 2514 «duxisset,
305 2433 391 2522 pacis
409 2457 506 2499 omen
523 2433 771 2522 praeferentibus
787 2432 867 2514 diis,
886 2455 1028 2520 quorum
1046 2430 1180 2496 arbitrio

101 2536 301 2600 *commissa
326 2537 363 2602 lis
385 2537 509 2618 luerat,
533 2538 647 2602 vicisse
676 2534 862 2614 Palladem,
886 2556 985 2621 quarn
1014 2534 1178 2598 Athenam

102 2658 300 2718 «vocamus,
313 2637 420 2726 deque
432 2640 531 2720 hujus
542 2639 702 2704 vocabulo
712 2637 865 2726 appellari
880 2637 1021 2702 Athenas
1034 2636 1179 2724 coepisse.

145 2737 273 2802 XXXI.
295 2740 366 2803 alta
383 2757 517 2828 propter
531 2763 592 2804 nos
606 2758 639 2805 et
655 2763 797 2829 equum,
815 2755 882 2802 tam
893 2737 1179 2802 accommodatum

102 2871 115 2894 ιι
124 2841 243 2904 usibus
261 2841 413 2906 humanis
433 2843 569 2924 animal,
591 2859 625 2907 et
645 2844 768 2922 oleam,
789 2841 844 2904 cui
861 2839 1005 2928 praeferri
1023 2837 1178 2901 arborum

103 2941 217 3005 «nulla
235 2941 310 3021 jure
330 2960 452 3031 potest,
474 2944 541 3008 vita
557 2945 703 3032 accepit:
723 2943 886 3029 duratque
903 2942 956 3004 illa
974 2938 1071 3002 etiam
1090 2959 1181 3001 nune

103 3060 218 3108 -oerto
240 3043 415 3110 divinitatis
433 3063 644 3136 argumento,
664 3062 711 3126 et,
730 3068 813 3133 quos
833 3043 1034 3131 praeferimus
1053 3062 1179 3120 ramos,

103 3145 204 3210 «inde
226 3143 456 3236 decerpsimus.
477 3147 542 3212 Sed
563 3165 596 3211 et
618 3148 746 3212 Cereris
767 3167 905 3225 munus,
922 3143 1179 3230 Triptolemique

104 3269 280 3327 «currunt,
297 3263 329 3311 et
345 3248 422 3312 hinc
443 3249 484 3312 ad
500 3251 575 3314 alias
597 3267 696 3313 terras
714 3261 882 3336 exportata
900 3247 1033 3335 frugum
1054 3245 1180 3310 semina

105 3351 248 3412 *referre
262 3371 451 3435 possemus,
471 3373 575 3437 quum
594 3351 702 3415 adhuc
715 3349 888 3441 glandibus
903 3349 1013 3414 miseri
1026 3348 1180 3412 mortales

105 3465 345 3515 «vescerentur.
362 3451 451 3534 Quin
475 3469 507 3517 et
527 3467 643 3541 praeter
661 3453 767 3516 oleam
789 3451 984 3516 suavissimae
1001 3472 1180 3540 pomorum

107 3551 180 3616 ·fici
211 3552 281 3616 brec
308 3569 395 3618 terra
420 3571 469 3620 est
501 3556 660 3644 genitrix3
687 3571 721 3618 et
747 3555 802 3618 hic
830 3555 991 3642 primum,
1022 3553 1179 3642 expressis

105 3654 280 3742 «Eumolpi
298 3656 430 3744 ingenio
447 3658 535 3737 uris,
550 3657 626 3721 rina
639 3654 816 3720 fluxerunt.

140 3899 156 3963 S
169 3901 256 3948 m.
269 3902 301 3948 U.
312 3900 341 3948 C.
355 3900 421 3959 6663
435 3901 465 3949 A.
477 3901 505 3949 C.
517 3901 558 3950 86.
572 3927 607 3936 —-
619 3900 704 3958 Plato,
718 3901 851 3949 Mnexen.
868 3927 903 3936 -—
916 3901 969 3948 Cic.
979 3898 1011 3946 de
1023 3901 1097 3961 Legg.
1108 3898 1119 3943 l
1127 3931 1134 3953 ,
1156 3911 1179 3947 r.

110 3985 217 4032 -ovut
231 3983 400 4048 Metamorpb.
410 3985 461 4044 vt,
479 3985 522 4044 75.
530 3985 645 4033 —Varro
656 3999 696 4048 ap.
708 3984 813 4046 August.
825 3985 856 4032 de
870 3985 925 4035 Civ.
940 3982 994 4030 Dei.
1003 4009 1038 4018 -
1050 3979 1067 4046 ς
1081 3979 1179 4028 xxxi.

110 4067 180 4116 (isid.
195 4067 362 4132 Metamorpb.
371 4069 403 4126 V,
419 4068 481 4124 645.
501 4096 537 4105 -
550 4068 655 4117 Diodor.
665 4069 698 4126 V,
717 4069 759 4116 60.
778 4095 814 4105 ·-
829 4069 921 4116 lustin.
939 4068 979 4122 11,
999 4067 1024 4115 6.
1040 4091 1075 4101 -·
1089 4062 1179 4114 Elian.

111 4151 169 4201 llist.
181 4171 230 4202 rar.
242 4155 292 4210 111,
315 4153 339 4200 5.
356 4180 389 4190 -
401 4153 464 4202 Pliu.
473 4155 537 4212 Vll,
555 4153 598 4204 56.
