<?xml version="1.0" encoding="UTF-8"?>
<!DOCTYPE html PUBLIC "-//W3C//DTD XHTML 1.0 Transitional//EN"
    "http://www.w3.org/TR/xhtml1/DTD/xhtml1-transitional.dtd">
<html xmlns="http://www.w3.org/1999/xhtml" xml:lang="en" lang="en">
 <head>
  <title>
</title>
<meta http-equiv="Content-Type" content="text/html;charset=utf-8" />
  <meta name='ocr-system' content='tesseract 3.04.00' />
  <meta name='ocr-capabilities' content='ocr_page ocr_carea ocr_par ocr_line ocrx_word'/>
</head>
<body>
  <div class='ocr_page' id='page_1' title='image "bibliothecaclas116lemagoog_0509.png"; bbox 0 0 2875 4900; ppageno 0'>
   <div class='ocr_carea' id='block_1_1' title="bbox 255 414 1180 521">
    <p class='ocr_par' dir='ltr' id='par_1_1' title="bbox 255 414 1180 521">
     <span class='ocr_line' id='line_1_1' title="bbox 255 414 1180 521; baseline 0.008 -36"><span class='ocrx_word' id='word_1_1' title='bbox 255 487 267 513; x_wconf 46' lang='lat' dir='ltr'><em>l</em></span> <span class='ocrx_word' id='word_1_2' title='bbox 303 416 360 486; x_wconf 79' lang='lat' dir='ltr'>tn</span> <span class='ocrx_word' id='word_1_3' title='bbox 387 414 502 483; x_wconf 91' lang='lat' dir='ltr'>LOC.</span> <span class='ocrx_word' id='word_1_4' title='bbox 528 415 622 485; x_wconf 80' lang='lat' dir='ltr'>Llll.</span> <span class='ocrx_word' id='word_1_5' title='bbox 648 418 743 487; x_wconf 91' lang='lat' dir='ltr'>ClIl</span> <span class='ocrx_word' id='word_1_6' title='bbox 771 420 989 493; x_wconf 79' lang='lat' dir='ltr'><strong>LIVIANI.</strong></span> <span class='ocrx_word' id='word_1_7' title='bbox 1108 427 1180 521; x_wconf 70' lang='lat'>499</span> 
     </span>
    </p>
   </div>
   <div class='ocr_carea' id='block_1_2' title="bbox 100 535 1181 2348">
    <p class='ocr_par' dir='ltr' id='par_1_2' title="bbox 107 535 1178 729">
     <span class='ocr_line' id='line_1_2' title="bbox 107 535 1178 625; baseline 0.009 -24"><span class='ocrx_word' id='word_1_8' title='bbox 107 560 224 604; x_wconf 78' lang='lat' dir='ltr'>nomm</span> <span class='ocrx_word' id='word_1_9' title='bbox 242 536 403 603; x_wconf 75' lang='lat' dir='ltr'>reduceret</span> <span class='ocrx_word' id='word_1_10' title='bbox 424 535 577 600; x_wconf 74' lang='lat' dir='ltr'>exsules:</span> <span class='ocrx_word' id='word_1_11' title='bbox 594 560 662 625; x_wconf 88' lang='lat' dir='ltr'>quo</span> <span class='ocrx_word' id='word_1_12' title='bbox 683 539 839 605; x_wconf 88' lang='lat' dir='ltr'>nimirum</span> <span class='ocrx_word' id='word_1_13' title='bbox 862 540 984 606; x_wconf 90' lang='lat' dir='ltr'>diutius</span> <span class='ocrx_word' id='word_1_14' title='bbox 1008 542 1124 609; x_wconf 81' lang='lat' dir='ltr'>absens</span> <span class='ocrx_word' id='word_1_15' title='bbox 1144 548 1178 611; x_wconf 92' lang='lat' dir='ltr'>in</span> 
     </span>
     <span class='ocr_line' id='line_1_3' title="bbox 107 637 841 729; baseline -0.001 -23"><span class='ocrx_word' id='word_1_16' title='bbox 107 642 282 707; x_wconf 87' lang='lat' dir='ltr'>tribunatu</span> <span class='ocrx_word' id='word_1_17' title='bbox 298 637 464 729; x_wconf 77' lang='lat' dir='ltr'>grassandi</span> <span class='ocrx_word' id='word_1_18' title='bbox 479 637 589 702; x_wconf 88' lang='lat' dir='ltr'>locum</span> <span class='ocrx_word' id='word_1_19' title='bbox 607 638 723 705; x_wconf 90' lang='lat' dir='ltr'>Clodio</span> <span class='ocrx_word' id='word_1_20' title='bbox 741 640 841 706; x_wconf 86' lang='lat' dir='ltr'>daret.</span> 
     </span>
    </p>

    <p class='ocr_par' dir='ltr' id='par_1_3' title="bbox 100 739 1181 2143">
     <span class='ocr_line' id='line_1_4' title="bbox 152 739 1180 834; baseline 0.003 -24"><span class='ocrx_word' id='word_1_21' title='bbox 152 745 271 811; x_wconf 81' lang='lat' dir='ltr'>CXXI.</span> <span class='ocrx_word' id='word_1_22' title='bbox 282 744 356 808; x_wconf 90' lang='lat' dir='ltr'>lloc</span> <span class='ocrx_word' id='word_1_23' title='bbox 363 742 465 831; x_wconf 83' lang='lat' dir='ltr'>igitur</span> <span class='ocrx_word' id='word_1_24' title='bbox 481 739 650 807; x_wconf 84' lang='lat' dir='ltr'>tamlirmo</span> <span class='ocrx_word' id='word_1_25' title='bbox 663 744 912 834; x_wconf 82' lang='lat' dir='ltr'>propugnaculo</span> <span class='ocrx_word' id='word_1_26' title='bbox 921 767 1024 832; x_wconf 88' lang='lat' dir='ltr'>quum</span> <span class='ocrx_word' id='word_1_27' title='bbox 1035 769 1069 811; x_wconf 92' lang='lat' dir='ltr'>se</span> <span class='ocrx_word' id='word_1_28' title='bbox 1085 747 1180 813; x_wconf 86' lang='lat' dir='ltr'>desti·</span> 
     </span>
     <span class='ocr_line' id='line_1_5' title="bbox 106 843 1179 934; baseline 0.002 -23"><span class='ocrx_word' id='word_1_29' title='bbox 106 862 220 912; x_wconf 86' lang='lat' dir='ltr'>tutum</span> <span class='ocrx_word' id='word_1_30' title='bbox 239 846 353 911; x_wconf 86' lang='lat' dir='ltr'>Cicero</span> <span class='ocrx_word' id='word_1_31' title='bbox 372 856 555 932; x_wconf 76' lang='lat' dir='ltr'>reputaret,</span> <span class='ocrx_word' id='word_1_32' title='bbox 571 843 666 933; x_wconf 81' lang='lat' dir='ltr'>signo</span> <span class='ocrx_word' id='word_1_33' title='bbox 681 844 855 927; x_wconf 66' lang='lat' dir='ltr'>himerte,</span> <span class='ocrx_word' id='word_1_34' title='bbox 873 847 963 934; x_wconf 91' lang='lat' dir='ltr'>quod</span> <span class='ocrx_word' id='word_1_35' title='bbox 980 846 1037 912; x_wconf 92' lang='lat' dir='ltr'>diu</span> <span class='ocrx_word' id='word_1_36' title='bbox 1055 848 1179 914; x_wconf 82' lang='lat' dir='ltr'>habuc·</span> 
     </span>
     <span class='ocr_line' id='line_1_6' title="bbox 106 944 1180 1037; baseline 0.001 -25"><span class='ocrx_word' id='word_1_37' title='bbox 106 963 160 1012; x_wconf 83' lang='lat' dir='ltr'>rat</span> <span class='ocrx_word' id='word_1_38' title='bbox 180 947 291 1037; x_wconf 80' lang='lat' dir='ltr'>domi,</span> <span class='ocrx_word' id='word_1_39' title='bbox 314 948 349 1011; x_wconf 91' lang='lat' dir='ltr'>in</span> <span class='ocrx_word' id='word_1_40' title='bbox 373 944 567 1032; x_wconf 78' lang='lat' dir='ltr'><strong>Capitolium</strong></span> <span class='ocrx_word' id='word_1_41' title='bbox 590 968 667 1009; x_wconf 85' lang='lat' dir='ltr'>curn</span> <span class='ocrx_word' id='word_1_42' title='bbox 690 946 902 1034; x_wconf 79' lang='lat' dir='ltr'>inscriptione</span> <span class='ocrx_word' id='word_1_43' title='bbox 925 946 1066 1013; x_wconf 79' lang='lat' dir='ltr'>Crutodis</span> <span class='ocrx_word' id='word_1_44' title='bbox 1091 950 1180 1015; x_wconf 81' lang='lat' dir='ltr'>Urbis</span> 
     </span>
     <span class='ocr_line' id='line_1_7' title="bbox 105 1046 1181 1139; baseline 0.001 -25"><span class='ocrx_word' id='word_1_45' title='bbox 105 1050 236 1138; x_wconf 82' lang='lat' dir='ltr'>posito,</span> <span class='ocrx_word' id='word_1_46' title='bbox 252 1065 350 1115; x_wconf 89' lang='lat' dir='ltr'>nocte</span> <span class='ocrx_word' id='word_1_47' title='bbox 359 1047 525 1136; x_wconf 83' lang='lat' dir='ltr'>profectus</span> <span class='ocrx_word' id='word_1_48' title='bbox 538 1068 578 1110; x_wconf 85' lang='lat' dir='ltr'>ex</span> <span class='ocrx_word' id='word_1_49' title='bbox 591 1046 697 1129; x_wconf 88' lang='lat' dir='ltr'>Urbe,</span> <span class='ocrx_word' id='word_1_50' title='bbox 714 1046 898 1113; x_wconf 75' lang='lat' dir='ltr'>deducente</span> <span class='ocrx_word' id='word_1_51' title='bbox 909 1050 1090 1115; x_wconf 83' lang='lat' dir='ltr'>amicorum</span> <span class='ocrx_word' id='word_1_52' title='bbox 1102 1074 1181 1139; x_wconf 81' lang='lat' dir='ltr'>pras·</span> 
     </span>
     <span class='ocr_line' id='line_1_8' title="bbox 104 1147 1180 1243; baseline 0.002 -27"><span class='ocrx_word' id='word_1_53' title='bbox 104 1150 212 1233; x_wconf 81' lang='lat' dir='ltr'>sidio,</span> <span class='ocrx_word' id='word_1_54' title='bbox 229 1151 353 1215; x_wconf 83' lang='lat' dir='ltr'>Siculos</span> <span class='ocrx_word' id='word_1_55' title='bbox 364 1149 476 1238; x_wconf 88' lang='lat' dir='ltr'>petiit,</span> <span class='ocrx_word' id='word_1_56' title='bbox 486 1147 616 1236; x_wconf 89' lang='lat' dir='ltr'>publice</span> <span class='ocrx_word' id='word_1_57' title='bbox 625 1149 841 1239; x_wconf 82' lang='lat' dir='ltr'>privatimque</span> <span class='ocrx_word' id='word_1_58' title='bbox 854 1148 1022 1217; x_wconf 81' lang='lat' dir='ltr'>devinctos</span> <span class='ocrx_word' id='word_1_59' title='bbox 1032 1154 1180 1243; x_wconf 72' lang='lat' dir='ltr'>plurimis</span> 
     </span>
     <span class='ocr_line' id='line_1_9' title="bbox 105 1250 1179 1340; baseline 0.002 -23"><span class='ocrx_word' id='word_1_60' title='bbox 105 1251 296 1334; x_wconf 82' lang='lat' dir='ltr'>beneficiis,</span> <span class='ocrx_word' id='word_1_61' title='bbox 313 1266 347 1316; x_wconf 88' lang='lat' dir='ltr'>et</span> <span class='ocrx_word' id='word_1_62' title='bbox 362 1251 438 1339; x_wconf 89' lang='lat' dir='ltr'>qnia</span> <span class='ocrx_word' id='word_1_63' title='bbox 453 1250 655 1338; x_wconf 71' lang='lat' dir='ltr'>provinciam</span> <span class='ocrx_word' id='word_1_64' title='bbox 673 1271 746 1314; x_wconf 87' lang='lat' dir='ltr'>eam</span> <span class='ocrx_word' id='word_1_65' title='bbox 769 1251 805 1314; x_wconf 90' lang='lat' dir='ltr'>C.</span> <span class='ocrx_word' id='word_1_66' title='bbox 824 1251 976 1340; x_wconf 78' lang='lat' dir='ltr'>Virgilius</span> <span class='ocrx_word' id='word_1_67' title='bbox 993 1254 1179 1337; x_wconf 76' lang='lat' dir='ltr'>obtinebat,</span> 
     </span>
     <span class='ocr_line' id='line_1_10' title="bbox 103 1352 1179 1441; baseline 0.002 -24"><span class='ocrx_word' id='word_1_68' title='bbox 103 1354 161 1417; x_wconf 80' lang='lat' dir='ltr'>vir</span> <span class='ocrx_word' id='word_1_69' title='bbox 180 1354 354 1419; x_wconf 90' lang='lat' dir='ltr'>meliorum</span> <span class='ocrx_word' id='word_1_70' title='bbox 379 1352 541 1441; x_wconf 81' lang='lat' dir='ltr'>partium,</span> <span class='ocrx_word' id='word_1_71' title='bbox 559 1366 593 1415; x_wconf 90' lang='lat' dir='ltr'>et</span> <span class='ocrx_word' id='word_1_72' title='bbox 611 1366 739 1417; x_wconf 83' lang='lat' dir='ltr'>vetusta</span> <span class='ocrx_word' id='word_1_73' title='bbox 758 1352 897 1416; x_wconf 86' lang='lat' dir='ltr'>amicitia</span> <span class='ocrx_word' id='word_1_74' title='bbox 924 1353 1073 1419; x_wconf 81' lang='lat' dir='ltr'>Ciceroni</span> <span class='ocrx_word' id='word_1_75' title='bbox 1098 1378 1179 1419; x_wconf 90' lang='lat' dir='ltr'>con·</span> 
     </span>
     <span class='ocr_line' id='line_1_11' title="bbox 100 1451 1180 1545; baseline 0.002 -27"><span class='ocrx_word' id='word_1_76' title='bbox 100 1458 262 1537; x_wconf 87' lang='lat' dir='ltr'>junctus:</span> <span class='ocrx_word' id='word_1_77' title='bbox 278 1456 313 1519; x_wconf 90' lang='lat' dir='ltr'>in</span> <span class='ocrx_word' id='word_1_78' title='bbox 327 1451 385 1519; x_wconf 89' lang='lat' dir='ltr'>illo</span> <span class='ocrx_word' id='word_1_79' title='bbox 401 1454 532 1536; x_wconf 88' lang='lat' dir='ltr'>itinere,</span> <span class='ocrx_word' id='word_1_80' title='bbox 549 1452 631 1516; x_wconf 88' lang='lat' dir='ltr'>dum</span> <span class='ocrx_word' id='word_1_81' title='bbox 649 1452 684 1516; x_wconf 89' lang='lat' dir='ltr'>in</span> <span class='ocrx_word' id='word_1_82' title='bbox 705 1452 780 1516; x_wconf 83' lang='lat' dir='ltr'>villa</span> <span class='ocrx_word' id='word_1_83' title='bbox 800 1451 939 1539; x_wconf 85' lang='lat' dir='ltr'>quadarn</span> <span class='ocrx_word' id='word_1_84' title='bbox 956 1455 1095 1520; x_wconf 76' lang='lat' dir='ltr'>Atinatis</span> <span class='ocrx_word' id='word_1_85' title='bbox 1112 1456 1180 1545; x_wconf 77' lang='lat' dir='ltr'>agri</span> 
     </span>
     <span class='ocr_line' id='line_1_12' title="bbox 103 1554 1180 1643; baseline 0.002 -22"><span class='ocrx_word' id='word_1_86' title='bbox 103 1556 311 1637; x_wconf 84' lang='lat' dir='ltr'>diversatur,</span> <span class='ocrx_word' id='word_1_87' title='bbox 329 1555 469 1643; x_wconf 83' lang='lat' dir='ltr'>primam</span> <span class='ocrx_word' id='word_1_88' title='bbox 488 1554 520 1618; x_wconf 91' lang='lat' dir='ltr'>ei</span> <span class='ocrx_word' id='word_1_89' title='bbox 539 1554 713 1618; x_wconf 90' lang='lat' dir='ltr'>meliorum</span> <span class='ocrx_word' id='word_1_90' title='bbox 736 1568 921 1641; x_wconf 86' lang='lat' dir='ltr'>temporum</span> <span class='ocrx_word' id='word_1_91' title='bbox 944 1578 1034 1643; x_wconf 85' lang='lat' dir='ltr'>spem</span> <span class='ocrx_word' id='word_1_92' title='bbox 1054 1556 1180 1623; x_wconf 83' lang='lat' dir='ltr'>oblatus</span> 
     </span>
     <span class='ocr_line' id='line_1_13' title="bbox 103 1654 1181 1747; baseline 0.002 -26"><span class='ocrx_word' id='word_1_93' title='bbox 103 1680 169 1747; x_wconf 86' lang='lat' dir='ltr'>per</span> <span class='ocrx_word' id='word_1_94' title='bbox 194 1658 339 1746; x_wconf 87' lang='lat' dir='ltr'>quietem</span> <span class='ocrx_word' id='word_1_95' title='bbox 363 1657 400 1720; x_wconf 90' lang='lat' dir='ltr'>C.</span> <span class='ocrx_word' id='word_1_96' title='bbox 423 1656 547 1721; x_wconf 83' lang='lat' dir='ltr'>Marius</span> <span class='ocrx_word' id='word_1_97' title='bbox 567 1678 644 1719; x_wconf 89' lang='lat' dir='ltr'>cum</span> <span class='ocrx_word' id='word_1_98' title='bbox 664 1655 814 1719; x_wconf 81' lang='lat' dir='ltr'>laureatis</span> <span class='ocrx_word' id='word_1_99' title='bbox 833 1654 975 1721; x_wconf 79' lang='lat' dir='ltr'>fascibus</span> <span class='ocrx_word' id='word_1_100' title='bbox 996 1657 1137 1741; x_wconf 90' lang='lat' dir='ltr'>obtulit,</span> <span class='ocrx_word' id='word_1_101' title='bbox 1162 1683 1181 1723; x_wconf 87' lang='lat' dir='ltr'>a</span> 
     </span>
     <span class='ocr_line' id='line_1_14' title="bbox 104 1754 1179 1846; baseline 0 -23"><span class='ocrx_word' id='word_1_102' title='bbox 104 1780 179 1846; x_wconf 89' lang='lat' dir='ltr'>quo</span> <span class='ocrx_word' id='word_1_103' title='bbox 205 1756 393 1823; x_wconf 83' lang='lat' dir='ltr'>consulatus</span> <span class='ocrx_word' id='word_1_104' title='bbox 419 1755 603 1845; x_wconf 80' lang='lat' dir='ltr'>insignibus</span> <span class='ocrx_word' id='word_1_105' title='bbox 628 1772 744 1819; x_wconf 89' lang='lat' dir='ltr'>ornato</span> <span class='ocrx_word' id='word_1_106' title='bbox 767 1754 961 1843; x_wconf 82' lang='lat' dir='ltr'>interrogari</span> <span class='ocrx_word' id='word_1_107' title='bbox 983 1778 1018 1820; x_wconf 85' lang='lat' dir='ltr'>se</span> <span class='ocrx_word' id='word_1_108' title='bbox 1035 1759 1179 1845; x_wconf 87' lang='lat' dir='ltr'>putavit,</span> 
     </span>
     <span class='ocr_line' id='line_1_15' title="bbox 103 1853 1178 1949; baseline -0.001 -26"><span class='ocrx_word' id='word_1_109' title='bbox 103 1859 190 1949; x_wconf 80' lang='lat' dir='ltr'>quid</span> <span class='ocrx_word' id='word_1_110' title='bbox 210 1861 259 1923; x_wconf 73' lang='lat' dir='ltr'>ita</span> <span class='ocrx_word' id='word_1_111' title='bbox 279 1860 374 1922; x_wconf 80' lang='lat' dir='ltr'>tristis</span> <span class='ocrx_word' id='word_1_112' title='bbox 395 1859 516 1921; x_wconf 81' lang='lat' dir='ltr'>incerto</span> <span class='ocrx_word' id='word_1_113' title='bbox 539 1858 648 1919; x_wconf 75' lang='lat' dir='ltr'>t&#39;tittete</span> <span class='ocrx_word' id='word_1_114' title='bbox 664 1857 835 1944; x_wconf 76' lang='lat' dir='ltr'>pergeret?</span> <span class='ocrx_word' id='word_1_115' title='bbox 856 1853 977 1920; x_wconf 89' lang='lat' dir='ltr'>deinde</span> <span class='ocrx_word' id='word_1_116' title='bbox 993 1858 1178 1945; x_wconf 84' lang='lat' dir='ltr'>proximum</span> 
     </span>
     <span class='ocr_line' id='line_1_16' title="bbox 105 1956 1178 2045; baseline -0.003 -20"><span class='ocrx_word' id='word_1_117' title='bbox 105 1960 171 2025; x_wconf 88' lang='lat' dir='ltr'>sibi</span> <span class='ocrx_word' id='word_1_118' title='bbox 180 1956 328 2025; x_wconf 79' lang='lat' dir='ltr'>lictorem</span> <span class='ocrx_word' id='word_1_119' title='bbox 343 1959 438 2023; x_wconf 89' lang='lat' dir='ltr'>abeo</span> <span class='ocrx_word' id='word_1_120' title='bbox 457 1956 589 2039; x_wconf 87' lang='lat' dir='ltr'>datum,</span> <span class='ocrx_word' id='word_1_121' title='bbox 606 1959 706 2045; x_wconf 75' lang='lat' dir='ltr'>quise</span> <span class='ocrx_word' id='word_1_122' title='bbox 721 1959 754 2021; x_wconf 83' lang='lat' dir='ltr'>in</span> <span class='ocrx_word' id='word_1_123' title='bbox 763 1971 997 2022; x_wconf 79' lang='lat' dir='ltr'>momsnrentum</span> <span class='ocrx_word' id='word_1_124' title='bbox 1008 1958 1109 2022; x_wconf 84' lang='lat' dir='ltr'>Marii</span> <span class='ocrx_word' id='word_1_125' title='bbox 1123 1960 1178 2022; x_wconf 74' lang='lat' dir='ltr'>dc-</span> 
     </span>
     <span class='ocr_line' id='line_1_17' title="bbox 103 2056 757 2143; baseline -0.009 -16"><span class='ocrx_word' id='word_1_126' title='bbox 103 2062 252 2141; x_wconf 80' lang='lat' dir='ltr'>ducerst,</span> <span class='ocrx_word' id='word_1_127' title='bbox 267 2061 412 2142; x_wconf 78' lang='lat' dir='ltr'>adjecto,</span> <span class='ocrx_word' id='word_1_128' title='bbox 429 2063 464 2123; x_wconf 81' lang='lat' dir='ltr'>in</span> <span class='ocrx_word' id='word_1_129' title='bbox 479 2082 515 2122; x_wconf 83' lang='lat' dir='ltr'>eo</span> <span class='ocrx_word' id='word_1_130' title='bbox 530 2056 757 2143; x_wconf 76' lang='lat' dir='ltr'>sahstemfors.</span> 
     </span>
    </p>

    <p class='ocr_par' dir='ltr' id='par_1_4' title="bbox 104 2158 1179 2348">
     <span class='ocr_line' id='line_1_18' title="bbox 153 2158 1179 2249; baseline -0.002 -22"><span class='ocrx_word' id='word_1_131' title='bbox 153 2163 289 2228; x_wconf 79' lang='lat' dir='ltr'>cxxll.</span> <span class='ocrx_word' id='word_1_132' title='bbox 307 2160 347 2226; x_wconf 85' lang='lat' dir='ltr'>ld</span> <span class='ocrx_word' id='word_1_133' title='bbox 362 2161 527 2225; x_wconf 88' lang='lat' dir='ltr'>somnium</span> <span class='ocrx_word' id='word_1_134' title='bbox 543 2182 647 2248; x_wconf 78' lang='lat' dir='ltr'>quum</span> <span class='ocrx_word' id='word_1_135' title='bbox 661 2161 746 2248; x_wconf 77' lang='lat' dir='ltr'>fugae</span> <span class='ocrx_word' id='word_1_136' title='bbox 760 2160 871 2225; x_wconf 87' lang='lat' dir='ltr'>comiti</span> <span class='ocrx_word' id='word_1_137' title='bbox 886 2158 1036 2249; x_wconf 86' lang='lat' dir='ltr'>Sallustio</span> <span class='ocrx_word' id='word_1_138' title='bbox 1053 2182 1179 2225; x_wconf 85' lang='lat' dir='ltr'>narras·</span> 
     </span>
     <span class='ocr_line' id='line_1_19' title="bbox 104 2261 1178 2348; baseline -0.003 -20"><span class='ocrx_word' id='word_1_139' title='bbox 104 2280 176 2345; x_wconf 89' lang='lat' dir='ltr'>set,</span> <span class='ocrx_word' id='word_1_140' title='bbox 192 2263 327 2327; x_wconf 81' lang='lat' dir='ltr'>redr‘tum</span> <span class='ocrx_word' id='word_1_141' title='bbox 340 2264 373 2325; x_wconf 80' lang='lat' dir='ltr'>ei</span> <span class='ocrx_word' id='word_1_142' title='bbox 383 2261 512 2326; x_wconf 71' lang='lat' dir='ltr'>celerem</span> <span class='ocrx_word' id='word_1_143' title='bbox 525 2272 558 2324; x_wconf 80' lang='lat' dir='ltr'>et</span> <span class='ocrx_word' id='word_1_144' title='bbox 569 2261 742 2348; x_wconf 81' lang='lat' dir='ltr'>glon&#39;osum</span> <span class='ocrx_word' id='word_1_145' title='bbox 750 2272 906 2347; x_wconf 81' lang='lat' dir='ltr'>paratum</span> <span class='ocrx_word' id='word_1_146' title='bbox 926 2284 988 2325; x_wconf 82' lang='lat' dir='ltr'>esse</span> <span class='ocrx_word' id='word_1_147' title='bbox 1009 2262 1178 2326; x_wconf 87' lang='lat' dir='ltr'>Sallustius</span> 
     </span>
    </p>
   </div>
   <div class='ocr_carea' id='block_1_3' title="bbox 106 2352 1300 2451">
    <p class='ocr_par' dir='ltr' id='par_1_5' title="bbox 106 2352 1300 2451">
     <span class='ocr_line' id='line_1_20' title="bbox 106 2352 1300 2451; baseline -0.002 -22"><span class='ocrx_word' id='word_1_148' title='bbox 106 2364 309 2429; x_wconf 81' lang='lat' dir='ltr'>exclamavit.</span> <span class='ocrx_word' id='word_1_149' title='bbox 326 2364 370 2427; x_wconf 89' lang='lat' dir='ltr'>Et</span> <span class='ocrx_word' id='word_1_150' title='bbox 384 2378 502 2427; x_wconf 84' lang='lat' dir='ltr'>eventu</span> <span class='ocrx_word' id='word_1_151' title='bbox 518 2361 762 2450; x_wconf 88' lang='lat' dir='ltr'>comprobatam</span> <span class='ocrx_word' id='word_1_152' title='bbox 777 2384 847 2427; x_wconf 86' lang='lat' dir='ltr'>rern</span> <span class='ocrx_word' id='word_1_153' title='bbox 864 2363 992 2445; x_wconf 72' lang='lat' dir='ltr'>ferunt,</span> <span class='ocrx_word' id='word_1_154' title='bbox 1011 2362 1111 2451; x_wconf 88' lang='lat' dir='ltr'>idque</span> <span class='ocrx_word' id='word_1_155' title='bbox 1127 2386 1178 2427; x_wconf 87' lang='lat' dir='ltr'>se·</span> <span class='ocrx_word' id='word_1_156' title='bbox 1296 2352 1300 2361; x_wconf 74' lang='grc'><strong>’</strong></span> 
     </span>
    </p>
   </div>
   <div class='ocr_carea' id='block_1_4' title="bbox 102 2463 1179 3749">
    <p class='ocr_par' dir='ltr' id='par_1_6' title="bbox 102 2463 1179 3749">
     <span class='ocr_line' id='line_1_21' title="bbox 105 2463 1179 2552; baseline -0.001 -22"><span class='ocrx_word' id='word_1_157' title='bbox 105 2466 416 2546; x_wconf 78' lang='lat' dir='ltr'>natusconsultum,</span> <span class='ocrx_word' id='word_1_158' title='bbox 439 2485 507 2552; x_wconf 88' lang='lat' dir='ltr'>quo</span> <span class='ocrx_word' id='word_1_159' title='bbox 528 2463 652 2527; x_wconf 87' lang='lat' dir='ltr'>reditus</span> <span class='ocrx_word' id='word_1_160' title='bbox 675 2463 822 2528; x_wconf 81' lang='lat' dir='ltr'>Ciceroni</span> <span class='ocrx_word' id='word_1_161' title='bbox 842 2479 1035 2552; x_wconf 87' lang='lat' dir='ltr'>procuratus</span> <span class='ocrx_word' id='word_1_162' title='bbox 1057 2480 1125 2546; x_wconf 84' lang='lat' dir='ltr'>est,</span> <span class='ocrx_word' id='word_1_163' title='bbox 1145 2467 1179 2529; x_wconf 93' lang='lat' dir='ltr'>in</span> 
     </span>
     <span class='ocr_line' id='line_1_22' title="bbox 102 2563 1179 2654; baseline 0 -22"><span class='ocrx_word' id='word_1_164' title='bbox 102 2567 179 2632; x_wconf 71' lang='lat' dir='ltr'>aede</span> <span class='ocrx_word' id='word_1_165' title='bbox 195 2568 282 2632; x_wconf 79' lang='lat' dir='ltr'>loris</span> <span class='ocrx_word' id='word_1_166' title='bbox 297 2567 441 2632; x_wconf 85' lang='lat' dir='ltr'>Mariana</span> <span class='ocrx_word' id='word_1_167' title='bbox 457 2567 579 2630; x_wconf 74' lang='lat' dir='ltr'>famum</span> <span class='ocrx_word' id='word_1_168' title='bbox 593 2585 674 2629; x_wconf 86' lang='lat' dir='ltr'>esse.</span> <span class='ocrx_word' id='word_1_169' title='bbox 688 2564 757 2629; x_wconf 90' lang='lat' dir='ltr'>Sub</span> <span class='ocrx_word' id='word_1_170' title='bbox 770 2563 858 2630; x_wconf 81' lang='lat' dir='ltr'>idern</span> <span class='ocrx_word' id='word_1_171' title='bbox 872 2581 1000 2654; x_wconf 87' lang='lat' dir='ltr'>tempus</span> <span class='ocrx_word' id='word_1_172' title='bbox 1016 2565 1179 2632; x_wconf 84' lang='lat' dir='ltr'>obtinenti</span> 
     </span>
     <span class='ocr_line' id='line_1_23' title="bbox 104 2665 1179 2754; baseline -0.001 -21"><span class='ocrx_word' id='word_1_173' title='bbox 104 2669 217 2733; x_wconf 82' lang='lat' dir='ltr'>Asiam</span> <span class='ocrx_word' id='word_1_174' title='bbox 238 2669 330 2732; x_wconf 84' lang='lat' dir='ltr'>fratri</span> <span class='ocrx_word' id='word_1_175' title='bbox 353 2667 518 2732; x_wconf 89' lang='lat' dir='ltr'>Ciceronis</span> <span class='ocrx_word' id='word_1_176' title='bbox 540 2666 684 2749; x_wconf 88' lang='lat' dir='ltr'>Quinto,</span> <span class='ocrx_word' id='word_1_177' title='bbox 704 2665 792 2730; x_wconf 84' lang='lat' dir='ltr'>risus</span> <span class='ocrx_word' id='word_1_178' title='bbox 813 2687 872 2753; x_wconf 87' lang='lat' dir='ltr'>per</span> <span class='ocrx_word' id='word_1_179' title='bbox 889 2666 1029 2754; x_wconf 87' lang='lat' dir='ltr'>quietem</span> <span class='ocrx_word' id='word_1_180' title='bbox 1050 2667 1179 2732; x_wconf 86' lang='lat' dir='ltr'>Marcus</span> 
     </span>
     <span class='ocr_line' id='line_1_24' title="bbox 106 2759 1178 2864; baseline -0.002 -29"><span class='ocrx_word' id='word_1_181' title='bbox 106 2785 180 2864; x_wconf 76' lang='lat' dir='ltr'>erat</span> <span class='ocrx_word' id='word_1_182' title='bbox 198 2792 287 2858; x_wconf 91' lang='lat' dir='ltr'>equo</span> <span class='ocrx_word' id='word_1_183' title='bbox 306 2769 348 2834; x_wconf 91' lang='lat' dir='ltr'>ad</span> <span class='ocrx_word' id='word_1_184' title='bbox 368 2771 473 2857; x_wconf 86' lang='lat' dir='ltr'>ripam</span> <span class='ocrx_word' id='word_1_185' title='bbox 496 2769 605 2858; x_wconf 80' lang='lat' dir='ltr'>magni</span> <span class='ocrx_word' id='word_1_186' title='bbox 626 2766 771 2831; x_wconf 85' lang='lat' dir='ltr'>fluminis</span> <span class='ocrx_word' id='word_1_187' title='bbox 786 2759 921 2848; x_wconf 78' lang='lat' dir='ltr'>advehi,</span> <span class='ocrx_word' id='word_1_188' title='bbox 938 2766 1055 2832; x_wconf 90' lang='lat' dir='ltr'>deinde</span> <span class='ocrx_word' id='word_1_189' title='bbox 1071 2769 1178 2858; x_wconf 85' lang='lat' dir='ltr'>lapsus</span> 
     </span>
     <span class='ocr_line' id='line_1_25' title="bbox 106 2866 1177 2959; baseline -0.003 -24"><span class='ocrx_word' id='word_1_190' title='bbox 106 2874 144 2936; x_wconf 91' lang='lat' dir='ltr'>in</span> <span class='ocrx_word' id='word_1_191' title='bbox 167 2869 291 2937; x_wconf 86' lang='lat' dir='ltr'>llumen</span> <span class='ocrx_word' id='word_1_192' title='bbox 312 2870 495 2959; x_wconf 71' lang='lat' dir='ltr'>disparere,</span> <span class='ocrx_word' id='word_1_193' title='bbox 510 2885 676 2957; x_wconf 87' lang='lat' dir='ltr'>postremo</span> <span class='ocrx_word' id='word_1_194' title='bbox 693 2866 841 2932; x_wconf 84' lang='lat' dir='ltr'>redditus</span> <span class='ocrx_word' id='word_1_195' title='bbox 863 2889 931 2930; x_wconf 90' lang='lat' dir='ltr'>esse</span> <span class='ocrx_word' id='word_1_196' title='bbox 955 2869 1100 2932; x_wconf 83' lang='lat' dir='ltr'>moerenti</span> <span class='ocrx_word' id='word_1_197' title='bbox 1122 2870 1177 2932; x_wconf 77' lang='lat' dir='ltr'>lae-</span> 
     </span>
     <span class='ocr_line' id='line_1_26' title="bbox 106 2968 1178 3061; baseline -0.003 -22"><span class='ocrx_word' id='word_1_198' title='bbox 106 2989 174 3055; x_wconf 86' lang='lat' dir='ltr'>tus,</span> <span class='ocrx_word' id='word_1_199' title='bbox 186 2972 368 3061; x_wconf 87' lang='lat' dir='ltr'>eodemque</span> <span class='ocrx_word' id='word_1_200' title='bbox 383 2994 470 3059; x_wconf 88' lang='lat' dir='ltr'>equo</span> <span class='ocrx_word' id='word_1_201' title='bbox 485 2970 652 3035; x_wconf 84' lang='lat' dir='ltr'>adversam</span> <span class='ocrx_word' id='word_1_202' title='bbox 667 2968 872 3034; x_wconf 88' lang='lat' dir='ltr'>adscendisse</span> <span class='ocrx_word' id='word_1_203' title='bbox 883 2970 986 3057; x_wconf 85' lang='lat' dir='ltr'>ripam</span> <span class='ocrx_word' id='word_1_204' title='bbox 1005 2985 1038 3033; x_wconf 85' lang='lat' dir='ltr'>et</span> <span class='ocrx_word' id='word_1_205' title='bbox 1051 2972 1178 3036; x_wconf 80' lang='lat' dir='ltr'>venisse</span> 
     </span>
     <span class='ocr_line' id='line_1_27' title="bbox 105 3070 1178 3163; baseline 0 -26"><span class='ocrx_word' id='word_1_206' title='bbox 105 3075 143 3137; x_wconf 92' lang='lat' dir='ltr'>in</span> <span class='ocrx_word' id='word_1_207' title='bbox 158 3075 267 3139; x_wconf 83' lang='lat' dir='ltr'>fratris</span> <span class='ocrx_word' id='word_1_208' title='bbox 278 3074 455 3163; x_wconf 75' lang='lat' dir='ltr'>amplexus.</span> <span class='ocrx_word' id='word_1_209' title='bbox 469 3072 609 3160; x_wconf 80' lang='lat' dir='ltr'>Cognito</span> <span class='ocrx_word' id='word_1_210' title='bbox 624 3072 789 3136; x_wconf 89' lang='lat' dir='ltr'>Ciceronis</span> <span class='ocrx_word' id='word_1_211' title='bbox 803 3070 963 3150; x_wconf 86' lang='lat' dir='ltr'>discessu,</span> <span class='ocrx_word' id='word_1_212' title='bbox 978 3070 1111 3136; x_wconf 87' lang='lat' dir='ltr'>Clodius</span> <span class='ocrx_word' id='word_1_213' title='bbox 1122 3097 1178 3138; x_wconf 75' lang='lat' dir='ltr'>ex·</span> 
     </span>
     <span class='ocr_line' id='line_1_28' title="bbox 107 3171 1177 3263; baseline -0.003 -22"><span class='ocrx_word' id='word_1_214' title='bbox 107 3175 213 3241; x_wconf 69' lang='lat' dir='ltr'>srlaiun</span> <span class='ocrx_word' id='word_1_215' title='bbox 227 3177 258 3240; x_wconf 91' lang='lat' dir='ltr'>ei</span> <span class='ocrx_word' id='word_1_216' title='bbox 273 3175 382 3256; x_wconf 77' lang='lat' dir='ltr'>scivit,</span> <span class='ocrx_word' id='word_1_217' title='bbox 395 3195 484 3263; x_wconf 83' lang='lat' dir='ltr'>aqua</span> <span class='ocrx_word' id='word_1_218' title='bbox 497 3188 530 3237; x_wconf 83' lang='lat' dir='ltr'>st</span> <span class='ocrx_word' id='word_1_219' title='bbox 541 3175 610 3262; x_wconf 73' lang='lat' dir='ltr'>igni</span> <span class='ocrx_word' id='word_1_220' title='bbox 618 3173 800 3251; x_wconf 78' lang='lat' dir='ltr'>ritterds‘cto,</span> <span class='ocrx_word' id='word_1_221' title='bbox 817 3171 1000 3258; x_wconf 76' lang='lat' dir='ltr'>vetitoque,</span> <span class='ocrx_word' id='word_1_222' title='bbox 1012 3194 1052 3236; x_wconf 82' lang='lat' dir='ltr'>nc</span> <span class='ocrx_word' id='word_1_223' title='bbox 1062 3196 1085 3236; x_wconf 85' lang='lat' dir='ltr'><em>a</em></span> <span class='ocrx_word' id='word_1_224' title='bbox 1098 3195 1177 3262; x_wconf 89' lang='lat' dir='ltr'>quo-</span> 
     </span>
     <span class='ocr_line' id='line_1_29' title="bbox 105 3271 1176 3367; baseline -0.005 -23"><span class='ocrx_word' id='word_1_225' title='bbox 105 3301 206 3367; x_wconf 84' lang='lat' dir='ltr'>quam</span> <span class='ocrx_word' id='word_1_226' title='bbox 221 3279 307 3342; x_wconf 70' lang='lat' dir='ltr'>istm</span> <span class='ocrx_word' id='word_1_227' title='bbox 321 3278 600 3365; x_wconf 64' lang='lat' dir='ltr'>quingentesimum</span> <span class='ocrx_word' id='word_1_228' title='bbox 614 3275 658 3338; x_wconf 82' lang='lat' dir='ltr'>ub</span> <span class='ocrx_word' id='word_1_229' title='bbox 676 3275 758 3341; x_wconf 86' lang='lat' dir='ltr'>Urbe</span> <span class='ocrx_word' id='word_1_230' title='bbox 778 3271 912 3337; x_wconf 66' lang='lat' dir='ltr'>millum</span> <span class='ocrx_word' id='word_1_231' title='bbox 932 3287 1011 3336; x_wconf 75' lang='lat' dir='ltr'>tecto</span> <span class='ocrx_word' id='word_1_232' title='bbox 1027 3275 1176 3362; x_wconf 69' lang='lat' dir='ltr'>recinere-</span> 
     </span>
     <span class='ocr_line' id='line_1_30' title="bbox 106 3371 1176 3470; baseline -0.004 -26"><span class='ocrx_word' id='word_1_233' title='bbox 106 3395 186 3461; x_wconf 68' lang='grc' dir='ltr'>ως</span> <span class='ocrx_word' id='word_1_234' title='bbox 205 3381 236 3444; x_wconf 84' lang='lat' dir='ltr'>si</span> <span class='ocrx_word' id='word_1_235' title='bbox 250 3381 321 3470; x_wconf 80' lang='lat' dir='ltr'>quis</span> <span class='ocrx_word' id='word_1_236' title='bbox 337 3381 423 3442; x_wconf 76' lang='lat' dir='ltr'>sistra</span> <span class='ocrx_word' id='word_1_237' title='bbox 437 3399 488 3442; x_wconf 79' lang='lat' dir='ltr'>eos</span> <span class='ocrx_word' id='word_1_238' title='bbox 504 3371 587 3460; x_wconf 74' lang='lat' dir='ltr'>fines</span> <span class='ocrx_word' id='word_1_239' title='bbox 604 3379 704 3465; x_wconf 65' lang='lat' dir='ltr'>{usum</span> <span class='ocrx_word' id='word_1_240' title='bbox 712 3423 723 3455; x_wconf 93' lang='lat'>,</span> <span class='ocrx_word' id='word_1_241' title='bbox 748 3389 808 3439; x_wconf 85' lang='lat' dir='ltr'>aut</span> <span class='ocrx_word' id='word_1_242' title='bbox 822 3397 843 3437; x_wconf 88' lang='lat' dir='ltr'><em>a</em></span> <span class='ocrx_word' id='word_1_243' title='bbox 861 3396 924 3463; x_wconf 88' lang='lat' dir='ltr'>quo</span> <span class='ocrx_word' id='word_1_244' title='bbox 944 3387 1081 3461; x_wconf 77' lang='lat' dir='ltr'>recepms</span> <span class='ocrx_word' id='word_1_245' title='bbox 1097 3387 1176 3440; x_wconf 82' lang='lat' dir='ltr'>tecto</span> 
     </span>
     <span class='ocr_line' id='line_1_31' title="bbox 106 3475 1176 3566; baseline -0.004 -19"><span class='ocrx_word' id='word_1_246' title='bbox 106 3497 201 3561; x_wconf 82' lang='lat' dir='ltr'>esset,</span> <span class='ocrx_word' id='word_1_247' title='bbox 221 3480 397 3560; x_wconf 77' lang='lat' dir='ltr'>occidisset,</span> <span class='ocrx_word' id='word_1_248' title='bbox 419 3493 457 3543; x_wconf 75' lang='lat' dir='ltr'>ut</span> <span class='ocrx_word' id='word_1_249' title='bbox 469 3480 593 3566; x_wconf 78' lang='lat' dir='ltr'>rinpune</span> <span class='ocrx_word' id='word_1_250' title='bbox 608 3490 707 3542; x_wconf 80' lang='lat' dir='ltr'>esset:</span> <span class='ocrx_word' id='word_1_251' title='bbox 721 3499 793 3565; x_wconf 75' lang='lat' dir='ltr'>quse</span> <span class='ocrx_word' id='word_1_252' title='bbox 811 3491 901 3540; x_wconf 90' lang='lat' dir='ltr'>tanto</span> <span class='ocrx_word' id='word_1_253' title='bbox 918 3475 1067 3540; x_wconf 89' lang='lat' dir='ltr'>omnium</span> <span class='ocrx_word' id='word_1_254' title='bbox 1086 3495 1176 3542; x_wconf 87' lang='lat' dir='ltr'>metu</span> 
     </span>
     <span class='ocr_line' id='line_1_32' title="bbox 106 3577 1178 3672; baseline -0.004 -24"><span class='ocrx_word' id='word_1_255' title='bbox 106 3585 230 3672; x_wconf 85' lang='lat' dir='ltr'>perlata</span> <span class='ocrx_word' id='word_1_256' title='bbox 243 3583 370 3672; x_wconf 79' lang='lat' dir='ltr'>rogatio</span> <span class='ocrx_word' id='word_1_257' title='bbox 387 3597 456 3664; x_wconf 87' lang='lat' dir='ltr'>est,</span> <span class='ocrx_word' id='word_1_258' title='bbox 474 3596 514 3645; x_wconf 90' lang='lat' dir='ltr'>ut</span> <span class='ocrx_word' id='word_1_259' title='bbox 529 3580 626 3644; x_wconf 81' lang='lat' dir='ltr'>etiarn</span> <span class='ocrx_word' id='word_1_260' title='bbox 641 3578 857 3644; x_wconf 81' lang='lat' dir='ltr'>strenuissimi</span> <span class='ocrx_word' id='word_1_261' title='bbox 872 3577 995 3666; x_wconf 89' lang='lat' dir='ltr'>quique</span> <span class='ocrx_word' id='word_1_262' title='bbox 1010 3579 1178 3646; x_wconf 85' lang='lat' dir='ltr'>Ciceronis</span> 
     </span>
     <span class='ocr_line' id='line_1_33' title="bbox 107 3682 552 3749; baseline -0.011 -1"><span class='ocrx_word' id='word_1_263' title='bbox 107 3684 297 3749; x_wconf 76' lang='lat' dir='ltr'>defensores</span> <span class='ocrx_word' id='word_1_264' title='bbox 309 3682 552 3748; x_wconf 85' lang='lat' dir='ltr'>assentirentur.</span> 
     </span>
    </p>
   </div>
   <div class='ocr_carea' id='block_1_5' title="bbox 107 3914 1177 4231">
    <p class='ocr_par' dir='ltr' id='par_1_7' title="bbox 107 3914 1177 4231">
     <span class='ocr_line' id='line_1_34' title="bbox 141 3914 1177 3988; baseline -0.008 -14"><span class='ocrx_word' id='word_1_265' title='bbox 141 3923 159 3988; x_wconf 68' lang='lat' dir='ltr'>S</span> <span class='ocrx_word' id='word_1_266' title='bbox 175 3925 258 3974; x_wconf 71' lang='lat' dir='ltr'>CXX.</span> <span class='ocrx_word' id='word_1_267' title='bbox 271 3923 335 3973; x_wconf 82' lang='lat' dir='ltr'>Vell.</span> <span class='ocrx_word' id='word_1_268' title='bbox 347 3925 385 3980; x_wconf 89' lang='lat'>11,</span> <span class='ocrx_word' id='word_1_269' title='bbox 400 3923 442 3979; x_wconf 72' lang='grc'>45.</span> <span class='ocrx_word' id='word_1_270' title='bbox 452 3949 488 3960; x_wconf 92' lang='lat'>-</span> <span class='ocrx_word' id='word_1_271' title='bbox 501 3914 567 3970; x_wconf 60' lang='lat' dir='ltr'>Plu(</span> <span class='ocrx_word' id='word_1_272' title='bbox 583 3946 618 3958; x_wconf 90' lang='lat'><em>-</em></span> <span class='ocrx_word' id='word_1_273' title='bbox 631 3918 751 3984; x_wconf 76' lang='lat' dir='ltr'>scm.</span> <span class='ocrx_word' id='word_1_274' title='bbox 760 3917 818 3966; x_wconf 88' lang='lat' dir='ltr'>Dio.</span> <span class='ocrx_word' id='word_1_275' title='bbox 830 3941 865 3955; x_wconf 89' lang='lat'>-·</span> <span class='ocrx_word' id='word_1_276' title='bbox 877 3917 929 3966; x_wconf 84' lang='lat' dir='ltr'>Cio.</span> <span class='ocrx_word' id='word_1_277' title='bbox 940 3933 987 3982; x_wconf 90' lang='lat' dir='ltr'>pro</span> <span class='ocrx_word' id='word_1_278' title='bbox 997 3916 1086 3976; x_wconf 82' lang='lat' dir='ltr'>domo,</span> <span class='ocrx_word' id='word_1_279' title='bbox 1096 3933 1118 3965; x_wconf 86' lang='lat' dir='ltr'>c.</span> <span class='ocrx_word' id='word_1_280' title='bbox 1129 3919 1177 3978; x_wconf 65' lang='lat'>⁵7³</span> 
     </span>
     <span class='ocr_line' id='line_1_35' title="bbox 107 3999 1176 4071; baseline -0.007 -15"><span class='ocrx_word' id='word_1_281' title='bbox 107 4021 155 4071; x_wconf 86' lang='lat' dir='ltr'>pro</span> <span class='ocrx_word' id='word_1_282' title='bbox 172 4006 279 4064; x_wconf 77' lang='lat' dir='ltr'>Pboou,</span> <span class='ocrx_word' id='word_1_283' title='bbox 296 4023 319 4054; x_wconf 81' lang='lat' dir='ltr'>e.</span> <span class='ocrx_word' id='word_1_284' title='bbox 333 4014 382 4064; x_wconf 75' lang='lat' dir='ltr'>to,</span> <span class='ocrx_word' id='word_1_285' title='bbox 400 4015 425 4056; x_wconf 82' lang='lat' dir='ltr'>et</span> <span class='ocrx_word' id='word_1_286' title='bbox 443 4006 475 4055; x_wconf 85' lang='lat' dir='ltr'>ds</span> <span class='ocrx_word' id='word_1_287' title='bbox 492 4000 944 4061; x_wconf 66' lang='lat' dir='ltr'>lh‘vin.1‚c.28.-Val.llsr.l,</span> <span class='ocrx_word' id='word_1_288' title='bbox 961 3999 1176 4066; x_wconf 70' lang='lat' dir='ltr'>7.-§CKXII.</span> 
     </span>
     <span class='ocr_line' id='line_1_36' title="bbox 109 4084 1177 4154; baseline 0.001 -20"><span class='ocrx_word' id='word_1_289' title='bbox 109 4089 167 4139; x_wconf 73' lang='lat' dir='ltr'>Vel.</span> <span class='ocrx_word' id='word_1_290' title='bbox 182 4090 251 4138; x_wconf 71' lang='lat' dir='ltr'>Mox.</span> <span class='ocrx_word' id='word_1_291' title='bbox 270 4117 307 4126; x_wconf 97' lang='lat'>—</span> <span class='ocrx_word' id='word_1_292' title='bbox 325 4090 378 4139; x_wconf 85' lang='lat' dir='ltr'>Cic.</span> <span class='ocrx_word' id='word_1_293' title='bbox 390 4105 440 4154; x_wconf 88' lang='lat' dir='ltr'>pro</span> <span class='ocrx_word' id='word_1_294' title='bbox 450 4089 518 4138; x_wconf 75' lang='lat' dir='ltr'>Sext.</span> <span class='ocrx_word' id='word_1_295' title='bbox 532 4105 555 4136; x_wconf 89' lang='lat' dir='ltr'>c.</span> <span class='ocrx_word' id='word_1_296' title='bbox 570 4087 616 4146; x_wconf 59' lang='grc' dir='ltr'>δᾲς</span> <span class='ocrx_word' id='word_1_297' title='bbox 634 4087 665 4135; x_wconf 84' lang='lat' dir='ltr'>de</span> <span class='ocrx_word' id='word_1_298' title='bbox 681 4085 779 4144; x_wconf 82' lang='lat' dir='ltr'>Dirin.;</span> <span class='ocrx_word' id='word_1_299' title='bbox 794 4101 839 4150; x_wconf 85' lang='lat' dir='ltr'>pro</span> <span class='ocrx_word' id='word_1_300' title='bbox 853 4084 942 4142; x_wconf 80' lang='lat' dir='ltr'>domo,</span> <span class='ocrx_word' id='word_1_301' title='bbox 956 4102 979 4134; x_wconf 85' lang='lat' dir='ltr'>c.</span> <span class='ocrx_word' id='word_1_302' title='bbox 996 4089 1041 4148; x_wconf 70' lang='lat'>¹⁸3</span> <span class='ocrx_word' id='word_1_303' title='bbox 1054 4085 1086 4134; x_wconf 87' lang='lat' dir='ltr'>ad</span> <span class='ocrx_word' id='word_1_304' title='bbox 1100 4087 1177 4136; x_wconf 74' lang='lat' dir='ltr'>Attio.</span> 
     </span>
     <span class='ocr_line' id='line_1_37' title="bbox 111 4169 639 4231; baseline -0.008 -11"><span class='ocrx_word' id='word_1_305' title='bbox 111 4174 161 4230; x_wconf 86' lang='lat' dir='ltr'>lll,</span> <span class='ocrx_word' id='word_1_306' title='bbox 174 4181 205 4231; x_wconf 72' lang='grc'>4,</span> <span class='ocrx_word' id='word_1_307' title='bbox 221 4183 246 4220; x_wconf 83' lang='lat' dir='ltr'>et</span> <span class='ocrx_word' id='word_1_308' title='bbox 262 4172 294 4220; x_wconf 81' lang='lat' dir='ltr'>sd</span> <span class='ocrx_word' id='word_1_309' title='bbox 310 4172 393 4222; x_wconf 73' lang='lat' dir='ltr'>Frmil.</span> <span class='ocrx_word' id='word_1_310' title='bbox 411 4175 482 4231; x_wconf 76' lang='lat' dir='ltr'>nv,</span> <span class='ocrx_word' id='word_1_311' title='bbox 494 4181 518 4227; x_wconf 71' lang='grc'>4.</span> <span class='ocrx_word' id='word_1_312' title='bbox 533 4197 567 4209; x_wconf 86' lang='lat'>-·</span> <span class='ocrx_word' id='word_1_313' title='bbox 580 4169 639 4218; x_wconf 82' lang='lat' dir='ltr'>nto.</span> 
     </span>
    </p>
   </div>
   <div class='ocr_carea' id='block_1_6' title="bbox 940 4262 1000 4330">
    <p class='ocr_par' dir='ltr' id='par_1_8' title="bbox 940 4262 1000 4330">
     <span class='ocr_line' id='line_1_38' title="bbox 940 4262 1000 4330; baseline -0.05 -1"><span class='ocrx_word' id='word_1_314' title='bbox 940 4262 1000 4330; x_wconf 73' lang='lat'>3⁹..</span> 
     </span>
    </p>
   </div>
   <div class='ocr_carea' id='block_1_7' title="bbox 0 0 1445 4900">
    <p class='ocr_par' dir='ltr' id='par_1_9' title="bbox 0 0 1445 4900">
     <span class='ocr_line' id='line_1_39' title="bbox 0 0 1445 4900; baseline 0 0"><span class='ocrx_word' id='word_1_315' title='bbox 0 0 1445 4900; x_wconf 95' lang='lat' dir='ltr'> </span> 
     </span>
    </p>
   </div>
  </div>
 </body>
</html>
