2875 4900
258 346 305 430 ns
426 329 863 412 Jo.rnu1usnnu11
892 343 1143 414 sorronn.

280 467 387 553 Caput
399 461 564 542 factionis,
576 461 678 524 homo
690 462 811 550 insigni
820 461 953 528 audacia
965 464 1001 527 L.
1011 463 1115 546 sulla,
1134 465 1226 552 quasi
1240 463 1326 532 urbii

256 567 426 646 «referret,
439 583 509 628 esse
520 562 554 625 in
566 561 709 644 civitate,
726 561 783 650 qui
793 579 954 628 armatum
970 579 1004 628 et
1017 564 1180 630 struentem
1197 565 1324 656 legibus

256 687 372 756 «agere
396 686 489 728 reum
512 661 705 744 sustineret,
731 684 808 726 curu
832 664 980 752 quiuque
1000 665 1205 754 legionibus,
1231 665 1324 753 quod

255 767 518 831 ‘finnamentum
540 761 681 851 partium
700 763 836 828 istarum
852 765 934 848 fuit,
952 765 988 828 in
1005 765 1218 856 longinquam
1235 767 1324 830 miti-

257 901 270 925 «
280 871 359 933 tiam
375 867 539 957 profectus
555 879 613 928 est.

300 970 374 1034 XX.
394 969 476 1031 «Cn.
487 965 676 1054 Pompeius,
693 967 750 1054 qui
762 967 900 1031 alterum
912 968 1089 1033 exercitum
1103 969 1247 1052 obtinet,
1261 993 1326 1036 nec

256 1071 401 1135 «amicus
418 1090 486 1132 esse
504 1066 669 1148 Patribus,
690 1089 752 1132 nec
771 1089 900 1157 sperare
923 1068 1045 1134 amicos
1065 1086 1190 1158 potest,
1214 1071 1325 1135 occiso

255 1171 429 1250 «consule,
446 1169 503 1256 qui
520 1168 637 1232 missus
656 1168 697 1231 ab
713 1183 828 1233 senatu
844 1169 884 1234 ad
903 1170 1105 1259 accipiendas
1124 1173 1234 1260 copias
1250 1171 1325 1252 ejus

255 1285 419 1338 «venerat.
437 1272 476 1333 In
495 1269 564 1357 ipsa
577 1268 660 1332 urbe
676 1270 779 1334 multa
794 1287 873 1335 sunt
887 1270 1061 1335 hominum
1079 1272 1177 1336 miliia
1194 1289 1325 1342 nostras

256 1370 487 1461 «sequentium
511 1383 629 1457 partes.
650 1369 689 1432 In
713 1368 804 1433 Italia
824 1370 983 1437 Samnites
1004 1387 1038 1436 et
1059 1373 1197 1457 Lucani,
1218 1398 1328 1464 quan·

257 1505 271 1531 ι
281 1496 379 1564 quam
391 1470 501 1536 accisis
515 1470 649 1559 opibus,
663 1469 786 1535 bellum
800 1473 979 1556 sustinent3
994 1490 1034 1538 ut
1045 1492 1206 1562 quantum
1216 1476 1328 1544 deces-

254 1609 267 1634 ι.
279 1577 320 1641 sit
334 1572 477 1654 viribus,
494 1587 622 1637 tantum
638 1572 809 1638 accessisse
826 1574 942 1637 animis
959 1575 1130 1642 videatur:
1150 1601 1222 1666 qute
1236 1595 1329 1669 post-

254 1699 374 1765 «quam
401 1675 511 1739 omnis
531 1672 783 1762 recogitaveritis
811 1696 886 1738 cum
910 1676 1021 1739 animo
1043 1693 1167 1762 vestro,
1190 1701 1257 1743 non
1281 1679 1326 1744 ad

253 1812 267 1836 ι
277 1779 399 1844 beilum
413 1777 514 1865 magis
526 1775 653 1840 invitari
667 1798 744 1856 vos,
761 1797 860 1863 quam
874 1775 915 1840 ad
925 1777 1109 1861 victoriam,
1121 1780 1300 1868 reperietis.
1312 1814 1326 1838 .

253 1883 330 1946 Non
341 1894 409 1943 erat
420 1877 550 1942 difficile
563 1877 725 1940 concitare
735 1899 915 1965 propensos
925 1877 966 1941 ad
975 1900 1079 1960 arma,
1091 1900 1151 1943 nec
1160 1879 1249 1944 aliud
1258 1904 1328 1945 ma·

253 2004 397 2073 gnopere
413 1979 455 2044 ad
470 1977 709 2059 rebellandum,
726 1992 940 2066 preterquam
954 1977 1089 2060 ducem,
1105 1982 1323 2067 requirentes.

298 2083 388 2145 XXI.
403 2079 470 2162 Qui
483 2079 574 2143 latini
589 2077 731 2142 nominis
743 2093 850 2161 erant,
864 2077 947 2142 nihss
959 2100 994 2142 se
1008 2081 1189 2145 ornatiores
1202 2083 1328 2149 auctio·

253 2205 370 2270 resque
385 2179 566 2245 fremebant
579 2178 641 2242 hac
654 2201 739 2242 nova
756 2179 827 2268 iege
839 2178 987 2244 civitatis.
1004 2211 1018 2236 ι
1027 2181 1203 2246 Honestius
1217 2181 1325 2264 majo·

251 2315 264 2338 ι
277 2305 327 2347 res
347 2303 423 2346 suos
440 2281 473 2344 in
493 2303 559 2344 una
577 2295 684 2343 tamen
700 2293 847 2343 veterum
864 2278 1013 2343 tribuum
1027 2279 1180 2370 suffragiu
1196 2281 1324 2365 tulisse,

251 2415 264 2440 ι
276 2403 518 2473 quamcumque
533 2401 603 2444 sors
620 2401 754 2469 quoque
770 2368 916 2469 tempore
930 2379 1089 2446 dedisset:
1099 2381 1166 2462 jam
1181 2385 1324 2471 separari

251 2514 264 2539 ιι
275 2484 381 2548 tribus
394 2480 560 2571 antiquas,
576 2497 731 2568 tanquam
747 2482 913 2546 consortio
930 2482 1120 2547 Latinorum
1135 2484 1327 2571 pollueren-

251 2616 263 2641 κ
277 2602 331 2649 tur
344 2606 351 2647 :
369 2606 469 2648 novas
480 2600 513 2647 et
523 2583 618 2673 plane
631 2583 928 2671 supernumerarius
940 2583 1027 2667 fieri,
1040 2585 1159 2673 quibus
1168 2584 1328 2675 adscripti

251 2717 264 2741 ι
275 2685 475 2750 haberentur
489 2684 647 2765 ludibrio,
665 2684 807 2748 nominis
825 2684 952 2747 romani
968 2684 1156 2774 participes,
1169 2686 1251 2766 juris
1266 2708 1326 2751 ex·

250 2820 263 2844 r
275 2805 398 2853 sortes:
410 2803 498 2852 certe
513 2786 675 2875 sapienter
690 2787 769 2849 olim
785 2810 803 2850 a
815 2786 925 2850 Servio
944 2810 1019 2877 rege
1032 2788 1225 2853 constitutas
1241 2810 1325 2853 oen·

250 2922 262 2946 a
276 2890 390 2967 turias,
408 2904 446 2953 ut
457 2908 555 2979 egens
568 2904 600 2951 et
611 2886 722 2951 infima
737 2886 797 2951 ftex
811 2886 924 2976 populi
936 2886 1077 2976 speciem
1088 2886 1223 2954 baberet
1235 2891 1345 2979 tequi-

252 3024 265 3048 ι
275 2992 373 3073 juris,
387 2991 435 3055 vis
447 2990 555 3055 omnis
566 3010 665 3077 penes
679 2989 883 3053 honestiores
897 3004 997 3053 esset:
1007 3010 1121 3053 verum
1133 2989 1165 3054 in
1181 3012 1325 3078 praesen·

249 3123 262 3146 ι
275 3093 318 3155 tia
334 3113 395 3156 nec
412 3114 542 3155 oausam
560 3088 639 3154 huic
656 3089 798 3171 astutio,
814 3111 876 3153 nec
891 3090 1000 3153 locum
1017 3111 1107 3173 esse3
1126 3092 1244 3155 mrdtas
1260 3091 1325 3155 ha·

251 3192 352 3256 ubere
372 3192 500 3256 Latium
523 3190 676 3273 familias,
697 3190 853 3255 Romanis
879 3212 940 3255 nec
969 3213 1105 3279 genere,
1129 3214 1190 3256 nec
1217 3214 1324 3257 censu

250 3324 263 3347 ιι
275 3293 412 3381 impares
427 3314 434 3355 :
450 3312 557 3377 neque
573 3290 634 3354 sibi
650 3312 746 3379 posse
763 3291 877 3355 fucum
896 3307 1025 3356 tantum
1039 3290 1125 3374 fieri,
1143 3308 1182 3355 ut
1197 3313 1323 3357 nomeu

249 3424 262 3449 ι
274 3414 335 3482 pro
352 3414 403 3473 re,
428 3407 460 3455 et
473 3391 623 3454 umbram
639 3413 701 3479 pro
715 3414 852 3479 corpore
865 3391 1034 3480 accipiant.

294 3493 402 3557 XXII.
428 3522 441 3547 ι
452 3492 557 3580 Ign‘tur
572 3508 629 3555 aut
643 3513 719 3555 vere
735 3490 864 3555 futuros
882 3491 968 3555 cives
986 3492 1117 3573 Rome,
1135 3508 1193 3555 aut
1209 3491 1237 3555 si
1254 3491 1325 3557 boc

250 3628 263 3652 r
274 3593 372 3684 potiri
386 3613 455 3655 non
468 3589 582 3672 detur,
595 3613 715 3655 vanum
727 3591 925 3656 vocabulum
939 3592 1138 3673 objecturos:
1151 3590 1238 3656 aliud
1251 3614 1326 3657 ms·

192 3746 201 3758 .
249 3728 261 3753 a
271 3696 356 3776 jures
374 3715 451 3758 suos
468 3691 566 3770 olim,
587 3715 687 3781 seque
708 3692 795 3782 ipsos
812 3693 913 3758 modo
926 3695 1100 3776 meruisse,
1123 3710 1156 3759 et
1171 3692 1324 3781 quotidie

248 3830 262 3854 s
273 3796 408 3875 mereri,
420 3817 516 3882 quarn
530 3810 568 3857 ut
581 3816 641 3881 pro
658 3792 824 3859 continuis
838 3793 1003 3859 laboribus
1016 3816 1055 3859 ac
1069 3794 1219 3883 periculis
1232 3794 1323 3877 suis,

247 3897 415 3963 «ludibrio
431 3895 546 3961 haberi
560 3895 601 3960 ab
614 3895 769 3959 Romanis
786 3895 941 3980 debeant,
962 3895 1084 3961 nnllam
1100 3896 1260 3960 habituris
1275 3898 1325 3961 ci-

247 3998 421 4078 «vitstem,
440 3996 467 4061 si
487 3993 579 4060 Latio
600 3996 806 4085 conspirandi
828 4021 905 4062 cum
927 4014 1040 4063 cetera
1061 3998 1150 4063 Italia
1167 3998 1323 4063 voluntas

247 4134 260 4157 .
272 4100 422 4165 venisset.
433 4131 446 4157 υ
458 4100 534 4163 IItec
546 4096 684 4179 Latinis,
700 4114 733 4161 et
747 4098 845 4185 siqui
859 4098 911 4163 alii
922 4121 983 4188 pro
994 4099 1149 4164 Romanis
1163 4098 1321 4181 adversus
