2875 4900
278 383 349 471 aas
454 346 887 463 innammabant
917 394 1163 464 sonatan.

278 508 445 596 Hystaspis
460 507 527 572 lilio
543 512 728 597 pervenisse
743 514 785 578 ad
797 514 950 579 ultimum
963 513 1185 579 Mithridatem
1200 512 1330 575 fereban·

279 622 349 689 tur;
363 632 435 697 pars
452 632 528 674 cum
543 612 725 679 Alexandro
739 614 806 679 filio
822 638 841 679 a
855 616 1025 705 Cleopatra
1039 615 1073 677 in
1087 614 1208 702 templo
1222 612 1330 679 AEscn·

222 726 226 738 '
253 738 258 749 *
277 709 353 797 lapii
366 710 531 798 deposita,
544 713 747 780 tradentibus
759 718 850 799 Cois,
862 716 945 781 facta
955 716 1041 781 illius
1054 730 1158 779 erant:
1171 737 1230 778 nec
1239 735 1332 802 pauca

279 811 349 899 ipse
365 830 548 900 paraverat,
566 815 770 904 elegantioris
785 817 994 881 instrumenti
1009 813 1221 905 percupidus..

323 915 473 979 LXXIII.
499 916 586 980 Dum
599 916 641 980 ad
655 918 746 983 hunc
758 918 895 983 modum
911 942 962 982 res
979 940 1132 997 romana,
1147 914 1259 979 tabidae
1273 938 1334 978 me·

280 1016 404 1081 retricis
429 1017 551 1095 instar,
574 1018 693 1106 insigni
715 1018 888 1107 splendore
913 1034 946 1083 et
970 1018 1128 1104 opulento
1153 1015 1243 1079 cultu
1262 1013 1334 1076 foris

280 1118 446 1199 enitescit,
464 1134 553 1205 peste
572 1118 685 1182 intima
699 1117 939 1208 propemodum
954 1118 1061 1182 vitalia
1072 1114 1247 1197 exedente,
1260 1114 1294 1176 in
1305 1110 1335 1175 id

279 1218 462 1306 periculum
479 1217 619 1283 adducta
636 1236 702 1302 est,
725 1236 763 1284 ut
777 1244 894 1309 parum
911 1220 1052 1300 abesset,
1069 1218 1169 1306 quin,
1192 1214 1335 1281 omnibus

279 1344 297 1383 a
315 1342 349 1383 se
365 1319 504 1383 subactis
525 1322 788 1409 conculcatisque
810 1321 967 1403 urbibus,
983 1321 1096 1385 haberi
1113 1319 1245 1383 deberet
1259 1316 1334 1379 inle-

279 1420 380 1485 licior.
407 1420 612 1485 Architectus
637 1423 706 1503 ejus
730 1423 852 1487 fraudis
879 1423 1014 1488 Catilina
1040 1437 1128 1503 erat,
1155 1420 1246 1499 cujus
1272 1434 1335 1481 tum

279 1522 436 1603 maxime,
448 1523 672 1588 consularibus
682 1526 877 1590 instantibus
887 1525 1041 1606 comitiis,
1052 1523 1232 1603 conjuratio
1241 1542 1336 1585 erum·

278 1623 394 1709 pebat:
410 1646 485 1687 nam
507 1624 643 1688 Catilina
660 1626 750 1689 omni
771 1626 982 1691 contentione
998 1624 1182 1714 pugnabat,
1198 1640 1236 1687 ut
1255 1622 1335 1710 prius

278 1723 519 1813 designaretur,
537 1748 634 1812 quam
650 1726 761 1790 venire
777 1726 952 1814 Pompeius
965 1727 1000 1789 in
1012 1725 1136 1790 Italiam
1147 1740 1272 1812 posset,
1285 1744 1335 1785 cu·

275 1827 328 1905 jus
340 1827 439 1891 unius
451 1828 535 1890 vires
547 1828 766 1915 virtutemque
780 1828 917 1892 maxime
930 1827 1106 1893 metuebat,
1124 1823 1252 1890 Idcirco
1264 1844 1335 1887 con·
1390 1907 1391 1912 ἵ

279 1943 380 1992 tracto
393 1930 600 1994 consciorum
611 1928 770 2009 concilio,
785 1951 889 2017 quum
904 1929 1021 1994 sullani
1035 1928 1172 2008 milites,
1184 1948 1242 2014 spe
1255 1944 1336 1987 nora

278 2029 411 2116 praedae,
430 2029 506 2117 quia
530 2045 653 2093 veteres
671 2030 798 2119 rapinas
821 2031 901 2095 luxu
919 2046 952 2094 et
969 2028 1159 2093 libidinibus
1176 2025 1337 2114 dissipare·

279 2146 372 2211 rant,
393 2130 611 2209 conjurationi
635 2132 799 2214 faventes,
825 2132 856 2195 ei
879 2148 1004 2213 totam,
1025 2132 1144 2218 inqua
1167 2129 1336 2217 plurimum

277 2246 443 2317 poterant,
463 2231 623 2295 Etruriam
642 2232 788 2319 partibus
810 2232 995 2312 adjuncturi
1011 2230 1219 2311 riderentur,
1239 2226 1336 2293 consi·

279 2332 359 2394 lium
374 2348 532 2420 ceperunt
543 2332 734 2396 Ciceronem
747 2334 833 2397 inter
844 2335 914 2422 ipsa
926 2335 1055 2399 comitia
1065 2330 1252 2398 trucidandi
1264 2354 1272 2395 :
1282 2331 1338 2394 boc

278 2432 449 2513 submoto,
465 2449 577 2498 caetera
593 2433 721 2498 facibus
733 2459 931 2502 successura.

322 2533 469 2599 LXXIV.
494 2535 569 2598 llaec
591 2535 699 2622 primo
717 2559 777 2624 per
794 2537 924 2618 literas,
939 2539 1101 2601 incertum
1124 2533 1216 2599 uode
1236 2532 1337 2607 datas,

281 2649 359 2699 sunt
372 2635 518 2722 cognita,
531 2657 603 2722 quae
615 2652 706 2700 erant
717 2635 759 2701 ad
772 2638 818 2701 Μ.
832 2639 987 2702 Crassum
998 2636 1144 2723 aliosque
1154 2657 1225 2723 pan
1215 2608 1391 2696 nobili·

282 2752 345 2802 tate
355 2736 500 2824 scriptae·
492 2785 500 2818 ,
511 2759 591 2823 quas
603 2736 644 2800 ad
658 2737 814 2802 Cicerone
826 2739 872 2805 Μ.
888 2738 1044 2803 Crassus'
1035 2758 1105 2824 ipse
1120 2757 1197 2800 cum
1210 2735 1256 2799 Μ.
1264 2704 1391 2796 Mar-l

282 2837 362 2903 cello
381 2851 414 2901 et
433 2836 563 2900 Metello
582 2837 732 2926 Scipione
750 2837 876 2902 detulit.
898 2839 950 2902 Ob
967 2859 1038 2903 eam
1053 2859 1123 2900 rem
1139 2836 1337 2900 comitiorum
1390 2872 1391 2911 3

281 2938 369 3020 dies,
388 2961 461 3027 quae
478 2938 631 3020 suberat,
656 2954 772 3027 agente
795 2940 952 3003 Cicerone
974 2937 1071 3002 dilata
1091 2953 1158 3017 est,
1179 2951 1220 3000 ut
1238 2935 1278 2998 de
1295 2931 1391 2994 his
1390 2962 1391 2967 ¹

281 3039 378 3104 rebus
396 3038 521 3103 consuli
538 3057 668 3104 senatus
678 3056 798 3128 posset.
811 3039 971 3104 Postridie
984 2985 1176 3103 Catilinani'
1167 3053 1338 3122 interroga·

284 3143 330 3204 vit
350 3142 385 3204 in
404 3163 493 3205 curra
505 3141 659 3222 consul,
646 3139 751 3228 «quid
767 3139 808 3204 de
822 3140 876 3205 illa
891 3163 986 3205 causa
1002 3137 1174 3204 diceret?
1188 3133 1391 3225 atqueille

284 3258 393 3329 aperte
406 3241 620 3330 respondit:
608 3242 744 3323 Quum
760 3241 828 3305 duo
848 3239 1112 3328 sintreipublicoe
1126 3259 1279 3351 corpora,
1289 3232 1339 3297 de·
1390 3254 1391 3277 ι

284 3341 372 3405 «bile
386 3342 542 3424 alterum,
561 3342 690 3406 infirmo
710 3341 1069 3430 capite,alterums1ne
1085 3338 1189 3428 capite
1204 3333 1339 3425 praerali·

283 3441 405 3524 dum,
421 3444 499 3508 huic
512 3445 632 3508 seviro
648 3460 746 3531 caput
758 3465 826 3508 ιιοιι
841 3466 910 3507 csse
926 3442 1147 3506 defuturum
1165 3441 1252 3503 Turn
1270 3455 1339 3550 ergo

285 3491 464 3608 tumulium
485 3566 554 3608 esse
572 3543 739 3610 decretum
758 3562 807 3609 est
824 3545 864 3609 ab
883 3560 1014 3625 senatu,
1032 3559 1065 3608 et
1082 3544 1117 3606 iu
1132 3558 1280 3606 auctores
1293 3539 1339 3600 in·
1390 3560 1391 3623 j

286 3645 417 3734 quisitio
436 3645 533 3724 jussa
555 3647 697 3727 Consul,
718 3662 758 3711 ut
775 3664 901 3710 metum
921 3661 955 3710 et
974 3645 1156 3734 periculum
1176 3644 1261 3707 eires
1278 3635 1339 3702 ani·
1390 3632 1391 3715 J

285 3768 376 3810 muru
387 3744 607 3826 adverterent,
622 3695 745 3810 dissirta
757 3746 798 3811 de
811 3747 969 3812 industria
980 3747 1106 3828 tunica,
1117 3746 1225 3809 lorice
1238 3758 1339 3807 osten·
1390 3768 1391 3853 p

284 3847 332 3911 dit
343 3846 542 3936 particulam
561 3847 665 3936 Igitur
675 3845 716 3911 ad
724 3847 948 3936 praesidium
920 3870 990 3929 ejus
998 3846 1103 3912 valida
1112 3869 1148 3910 se
1156 3854 1339 3935 aggregaute
1390 3856 1391 3883 l

317 4062 333 4126 S
355 4063 461 4111 Luxu.
481 4061 587 4125 Appiam
606 4087 640 4098 -
658 4061 674 4126 s
694 4063 811 4109 mm.
829 4063 883 4110 Cic.
897 4077 945 4126 pro
963 4063 1087 4120 um,
1105 4075 1160 4125 cap.
1171 4066 1205 4115 aa
1217 4067 1242 4104 et
1251 4055 1291 4103 2⁵.
1307 4074 1337 4087 -·

280 4145 388 4210 Appias.
398 4145 452 4196 Cir.
464 4142 509 4194 lib.
524 4145 557 4192 ll.
572 4172 606 4184 -
619 4143 717 4196 Sallust.
729 4145 803 4194 catil,
813 4161 869 4211 cap.
879 4147 923 4194 at.
932 4171 969 4183 -
977 4144 1043 4196 rtur.
1055 4143 1083 4192 in
1094 4143 1197 4200 (ἑιιιιο,
1206 4155 1261 4205 cap.
1273 4142 1312 4190 il·
