2875 4900
273 396 337 439 raa
444 372 510 439 JO.
537 369 882 441 FREINSHEMII
913 368 1156 436 SUPPLEM.

268 512 358 555 mero
374 486 457 553 duos
473 488 652 570 damnavit,
670 490 834 579 virgisque
847 510 946 553 cresus
957 488 1064 553 securi
1072 487 1253 577 percussit:
1269 489 1334 551 bec

267 607 357 657 metu
375 591 467 657 facile
493 592 601 682 adegit
616 608 769 672 caeteros,
790 606 831 656 ut
844 590 1145 656 vel-universorum
1166 588 1331 653 bonorum

262 692 388 773 jactura
399 693 533 757 salutem
545 692 586 757 ab
600 693 788 757 avarissimo
798 690 1038 781 saevissimoque
1052 692 1178 755 latrone
1191 688 1331 755 redime·

266 810 349 859 rent.
366 794 416 859 Ad
431 794 517 859 banc
530 794 669 859 sormam
684 794 870 863 constitutis
887 793 1014 881 ubique
1024 792 1267 881 provinciarum
1277 814 1332 857 re·

266 895 339 977 bus,
347 894 498 959 adversus
507 894 615 982 ipsum
625 917 735 983 regem
742 894 891 984 Pergami
899 892 1068 959 sedentem
1076 890 1196 957 ducere
1203 891 1331 972 statuit3

266 1011 557 1081 occurrentemque
567 994 652 1059 fudit
666 996 871 1083 fugavitque,
886 996 962 1059 etin
975 993 1135 1083 oppidum
1145 992 1333 1081 serecipere

266 1096 388 1183 coegit:
407 1094 524 1159 deinde
541 1118 582 1159 ne
601 1088 749 1185 Pergami
765 1097 897 1184 quidem
921 1096 1069 1161 resistere
1084 1116 1217 1176 ausum,
1238 1108 1334 1183 capto

266 1196 408 1286 oppido,
424 1196 580 1277 Pitanen,
597 1220 663 1285 quo
679 1198 950 1287 illeprefugerat,
965 1198 1178 1284 insequaris,
1191 1196 1333 1261 dmum·

265 1298 381 1363 vallare
392 1298 540 1363 obsessos
550 1320 661 1379 orsus,
676 1322 793 1385 parum
806 1299 848 1363 ab
860 1300 931 1386 ipso
947 1320 1024 1387 rege
1036 1296 1196 1384 capiendo
1207 1296 1334 1376 abfuit,

269 1401 348 1482 nisi,
360 1398 452 1488 quod
471 1399 603 1465 fortuna
618 1400 789 1467 videbatur
801 1400 958 1465 obntlisse
965 1399 1210 1479 adjumentum,
1221 1398 1257 1461 1.
1267 1398 1336 1461 Lu·

269 1502 346 1565 culli
361 1522 491 1565 aversus
503 1502 633 1569 animus
646 1501 824 1567 invidisset.

312 1601 351 1665 V.
375 1604 408 1665 ls
419 1601 506 1681 jam,
522 1600 653 1666 dimissa
670 1602 878 1669 Rhodiorum
893 1602 1010 1683 classe,
1023 1617 1153 1665 tantum
1169 1604 1336 1689 paraverat

267 1702 472 1789 propriarum
488 1701 624 1782 virium,
637 1717 675 1766 ut
696 1703 778 1767 Chio
798 1702 904 1791 regies
926 1702 1073 1783 ejiceret,
1093 1700 1335 1788 Colophonius,

268 1802 769 1891 comprehensotyranuoeorum
775 1802 1135 1891 Epigcn0,assereretin
1141 1801 1335 1867 libertatem.

268 1902 345 1969 Haec
363 1918 528 1993 gerentem
550 1903 646 1992 legati
662 1928 681 1967 a
699 1904 840 1969 Fimbria
856 1904 997 1983 adeunt,
1013 1903 1105 1967 omni
1120 1902 1337 1968 obtestatione

190 2012 192 2018 “
268 2003 442 2085 instantes,
458 2026 497 2068 ns
515 2028 538 2067 a
557 2026 587 2067 ss
607 2005 759 2069 obsessum
781 2028 887 2091 regem
906 2003 1113 2069 clarissimam
1134 2004 1338 2092 renidensque

268 2102 498 2193 insanissimam
507 2128 638 2169 romano
649 2108 772 2171 nomini
778 2104 1035 2193 elabipataretur.
1048 2106 1126 2169 Esse
1136 2106 1197 2192 apsi
1205 2102 1338 2167 classem

268 2207 316 2269 ad
322 2205 551 2293 prohibendum
567 2209 651 2269 mari
665 2210 791 2271 eadum
798 2231 811 2287 ,·
827 2230 851 2268 α
866 2205 1033 2295 terrajam
1047 2206 1282 2292 improvisum,
1302 2219 1342 2279 ut

269 2331 334 2388 nen
343 2311 440 2396 possit
452 2308 590 2371 sumre.
606 2307 721 2375 Facilis
739 2322 808 2371 erat
822 2308 915 2372 labor
925 2306 1075 2373 obsidere
1087 2322 1236 2392 portum,
1249 2304 1338 2391 peri·

230 2474 236 2493 ι
269 2409 381 2474 culum
403 2409 545 2489 nullum,
562 2408 663 2497 gloria
685 2409 879 2499 amplissima
902 2408 1120 2474 offerebatur:
1143 2422 1251 2474 tamen
1271 2406 1341 2470 bu-

271 2510 393 2590 cullus,
404 2511 471 2574 sive
485 2511 658 2574 amicitiam
671 2511 766 2574 Sullae
777 2510 932 2574 omnibus
946 2506 1193 2597 anteponendo,
1209 2507 1276 2571 sive
1288 2506 1342 2568 in-

269 2613 475 2677 terfectorem
500 2612 594 2676 amici
615 2629 648 2676 et
670 2612 874 2699 imperatoris
891 2612 943 2677 sai
961 2610 1155 2690 detestante,
1176 2606 1341 2697 postulata

271 2713 422 2778 Fimbriae
437 2713 587 2802 neglexit.

315 2817 371 2880 VI.
395 2813 617 2896 Mithridates,
634 2814 818 2878 conscensis
836 2814 991 2888 naribus,
1007 2813 1187 2900 Mitylenen
1207 2825 1343 2876 avectus

272 2933 330 2980 est.
353 2916 513 2998 Fimbria,
526 2916 591 2996 jam
609 2914 813 2979 confessione
830 2914 934 2978 bostis
950 2914 1063 2995 victor,
1083 2913 1197 2978 obibat
1211 2911 1342 2992 Asiam,

271 3016 385 3081 acerbe
401 3017 435 3079 in
453 3017 552 3096 vitas,
566 3017 601 3080 in
615 3015 763 3080 fortunas
771 3015 955 3110 bominum
966 3016 1158 3096 consulens,
1173 3033 1258 3101 quos
1273 3013 1343 3077 Mi·

272 3117 405 3182 thridati
416 3116 579 3184 studuisse
590 3134 800 3208 cognoverat,
811 3133 869 3182 aut
877 3114 982 3181 videri
990 3114 1129 3181 volebat.
1137 3113 1171 3180 Si
1180 3135 1254 3200 quae
1262 3114 1347 3178 reci-

272 3241 348 3305 pere
359 3242 435 3284 eum
446 3221 589 3292 civitates
600 3220 737 3301 nollent,
744 3241 861 3286 eorum
870 3239 966 3307 agros
977 3217 1100 3284 inultus
1111 3215 1345 3304 populabatur.

273 3319 325 3382 Sic
340 3336 474 3385 rentum
489 3320 531 3385 ad
548 3322 644 3385 Ilium
659 3337 709 3386 est
725 3344 734 3384 ;
758 3317 850 3408 quod
865 3341 969 3406 quum
985 3319 1154 3382 obsessum
1167 3339 1186 3380 a
1199 3315 1347 3380 Fimbria

274 3418 472 3507 confugisset
494 3419 535 3484 ad
558 3421 652 3484 Sullae
671 3419 787 3500 fidem,
802 3436 1044 3507 venturumque
1059 3441 1094 3484 se
1112 3418 1200 3484 Sulla
1214 3418 1345 3506 promi-

273 3519 376 3600 sisset,
384 3520 483 3609 idque
494 3520 743 3610 significandum
751 3521 902 3588 Fimbria
915 3536 1075 3601 curasset,
1087 3535 1180 3585 tanto
1192 3518 1348 3582 infestior

215 3619 219 3632 '
274 3621 344 3701 ille,
361 3621 518 3686 machinis
534 3621 689 3704 admotis,
702 3622 874 3688 undecima
893 3620 946 3686 die
961 3619 1120 3711 oppidum
1136 3618 1347 3708 expugnavit.

274 3722 372 3804 Sunt,
382 3723 438 3811 qui
449 3721 526 3787 dolo
537 3723 662 3788 illectos
673 3723 805 3788 ilienses
816 3724 979 3813 aperuisse
991 3738 1099 3810 portas
1111 3723 1262 3800 referant,
1273 3719 1350 3784 lau-

309 3949 384 4013 SIV.
402 3949 524 3998 Plutarch.
538 3951 564 3998 in
578 3951 659 4012 Sulla,
675 3969 732 4018 cap.
748 3960 791 4014 47,
809 3963 834 4000 et
853 3952 880 4000 in
900 3951 1016 4010 Lucullo,
1035 3968 1089 4017 cap.
1102 3952 1126 3999 6.
1141 3976 1176 3988 ·-
1190 3949 1300 4016 Appian-
1310 3977 1349 3987 —

276 4034 338 4082 vell.
354 4035 393 4094 ll,
408 4041 450 4090 ad.
462 4061 496 4072 -
508 4038 582 4084 suci.
595 4036 626 4085 de
635 4037 689 4085 Vir.
700 4037 737 4085 ill.
745 4053 801 4100 cap.
818 4051 858 4096 70·
872 4063 905 4072 -
920 4036 972 4083 Lis.
981 4037 1047 4100 Epit.
1059 4062 1095 4072 -
1108 4033 1124 4098 S
1139 4036 1171 4082 V.
1181 4034 1308 4091 Orodi,
1319 4050 1348 4082 a.

276 4145 310 4156 ·-
321 4118 445 4167 Plutarch.
458 4147 489 4156 -
501 4120 607 4186 Appias.
