2875 4900
281 336 352 404 280
454 335 522 411 JO.
548 330 888 405 FREINSHEMII
919 334 1169 405 SUPPLEM.

280 458 343 520 bus
365 455 509 520 bostium
529 456 562 517 in
584 471 708 519 arctum
730 456 832 517 coacti
851 472 959 521 essent
975 454 1120 545 fugitivi,
1143 454 1350 543 consumptis

278 557 344 636 jam
362 557 540 638 alimentis,
556 578 617 620 nec
630 554 912 645 suppeditantibus
924 575 963 621 ex
977 557 1188 644 propinquo,
1208 556 1350 619 secunda

281 659 387 747 vigilia
408 658 518 722 cuncti
541 656 770 745 egrediuntur,
793 658 905 721 relicto
927 658 1137 721 buccinatore
1161 654 1197 719 in
1223 657 1351 735 metris,

280 760 373 826 etad
393 760 574 850 vigiliarum
593 758 732 847 speciem
754 758 870 845 procul
888 756 1004 822 visenti
1024 756 1260 839 cadaveribus,
1280 778 1351 843 quae

280 878 446 929 erexerant
457 860 643 949 fultatpalis,
655 881 713 946 per
725 857 852 923 modica
863 858 1028 923 intervalla
1040 874 1114 923 ante
1124 874 1260 945 portam
1273 856 1349 920 fixis.

324 965 384 1029 IX.
402 964 449 1025 Ea
462 976 549 1025 veste
565 976 665 1047 atque
679 960 777 1023 armis
799 959 968 1040 adornata,
984 982 1088 1047 quum
1104 983 1165 1048 per
1181 958 1351 1034 tenebras,

282 1080 339 1127 aut
355 1063 455 1127 dubia
478 1060 587 1126 adbuc
601 1062 674 1125 luce
696 1059 772 1125 satis
794 1076 940 1149 tegerent
959 1058 1124 1139 fraudem,
1148 1074 1184 1122 et
1202 1080 1264 1145 per
1285 1072 1349 1121 tota

280 1180 383 1231 castra
392 1163 482 1250 iffres
495 1162 708 1242 collucerent,
721 1162 812 1227 facile
824 1160 977 1249 deceptus
987 1162 1091 1227 hostis
1103 1176 1224 1242 est,.ut
1234 1158 1349 1223 eodem

281 1262 485 1330 adbucloco
493 1262 647 1351 fugitivos
663 1284 733 1327 esse
749 1261 903 1327 crederet.
922 1262 1026 1326 Multa
1046 1262 1183 1327 demum
1198 1263 1256 1325 lux
1275 1282 1348 1347 ape·

282 1364 362 1444 ruit,
380 1362 460 1450 quid
475 1378 583 1427 actum
601 1379 700 1443 esset,
717 1363 870 1449 missique
887 1378 965 1427 sunt
979 1363 1120 1451 equites,
1138 1363 1199 1450 qui
1218 1360 1349 1447 vestigia

280 1465 421 1552 Spartaci
432 1478 668 1543 scrutarentur,
679 1476 727 1537 et,
742 1479 902 1550 quantum
913 1479 1063 1550 possent,
1077 1462 1193 1527 damni
1203 1485 1242 1527 ac
1254 1480 1349 1525 rnerae

281 1569 432 1629 facerent.
451 1566 493 1627 At
512 1563 587 1644 ille,
608 1562 683 1625 visis
706 1562 889 1648 equitibus,
913 1562 1102 1649 priusquam
1123 1585 1204 1627 curn
1223 1560 1350 1645 reliquo

281 1666 423 1731 exercitu
434 1664 559 1729 adesset
569 1664 736 1743 Varinius,
755 1682 891 1750 propere
912 1678 1024 1727 nactus
1040 1662 1180 1728 idoneos
1201 1659 1346 1725 excelli·
1395 1678 1396 1697 ¹

281 1770 343 1832 bus
360 1766 477 1849 duces,
495 1765 688 1845 Picentinis,
709 1762 827 1829 deinde
843 1764 997 1827 Eburinis
1008 1764 1095 1852 jugis
1117 1762 1289 1839 occultus,
1308 1756 1346 1820 ad

281 1869 383 1933 Nares
398 1868 557 1948 Lucanas,
577 1883 674 1953 atque
689 1862 767 1929 inde
787 1864 890 1952 prima
905 1864 978 1929 luce
998 1862 1211 1952 pervenitad
1232 1858 1344 1949 Popilii

285 1970 406 2034 Forum
423 1969 543 2057 ignaris
558 1968 748 2035 cultoribus.
1395 1996 1396 2061 ,

327 2071 369 2133 X.
384 2073 431 2135 Ac
447 2069 552 2134 statim
569 2068 696 2156 fugitivi
717 2082 831 2131 contra
846 2082 1042 2155 praeceptum
1059 2067 1153 2131 ducis
1176 2088 1290 2153 rupere
1306 2060 1344 2123 ad

192 2230 200 2243 ,
282 2184 433 2256 stuprum
450 2168 608 2256 virgines,
623 2183 757 2249 matres,
775 2184 807 2231 et
821 2169 889 2234 aliis
907 2168 1080 2233 sceleribus
1099 2164 1238 2255 operam
1254 2164 1344 2239 dare,

284 2270 423 2334 multum
435 2270 616 2335 obtestante
627 2269 794 2357 Spartaco,
808 2270 862 2333 cui
873 2285 989 2358 praeter
1002 2268 1222 2333 bumilitatem
1238 2263 1342 2339 sortis,
1395 2300 1396 2319 t

284 2370 365 2436 nihil
379 2370 419 2435 ad
439 2370 546 2434 eximii
566 2370 768 2458 imperatoris
785 2370 944 2435 tuendum
961 2392 1080 2433 nornen
1093 2369 1216 2434 deerat.
1235 2368 1341 2452 Neque

284 2473 446 2560 sapientiae
459 2474 587 2561 egebat,
604 2496 667 2559 qua
684 2473 795 2536 futura
806 2473 1004 2560 prospiceret
1016 2494 1023 2535 :
1035 2473 1190 2558 victoque
1198 2467 1341 2542 Varinio,

285 2595 389 2660 quum
403 2572 557 2653 majorem
569 2597 638 2640 esse
650 2597 816 2638 romanam
833 2573 1011 2661 potentiam
1023 2572 1236 2661 intelligeret,
1250 2587 1339 2656 quarn

285 2691 323 2738 ut
333 2698 459 2762 sperare
474 2676 642 2742 interitum
655 2676 725 2755 ejus
737 2691 862 2763 posset,
879 2692 992 2739 auctor
1004 2673 1045 2738 ad
1060 2674 1157 2760 Alpes
1170 2669 1268 2737 eundi
1281 2655 1342 2731 suli

192 2848 196 2856 ,
285 2793 369 2856 erat,
386 2792 438 2856 ut,
457 2775 495 2840 iis
513 2777 686 2864 superatis,
701 2777 819 2842 diversi
833 2776 972 2840 Thraces
989 2775 1137 2860 Gallique
1152 2795 1248 2838 suam
1264 2768 1342 2856 quis·

285 2900 350 2965 que
364 2876 498 2964 patriam
510 2893 701 2965 repeterent.
713 2877 778 2942 Sed
791 2877 851 2958 illi,
866 2875 1074 2940 multitudine
1086 2874 1220 2955 confisi,
1232 2889 1264 2936 et
1274 2865 1341 2952 elati·

286 2999 452 3057 successu,
471 2977 667 3065 spernebant
683 2979 811 3042 salubre
827 2978 1017 3058 consilium,
1036 2992 1070 3046 et
1083 2973 1275 3040 devastanda
1286 2972 1340 3033 lta·

287 3079 343 3152 tia,
357 3101 422 3143 sure
436 3077 562 3142 libidini
579 3079 783 3166 avaritiaeque
800 3078 1022 3167 indulgebant.

331 3179 388 3242 XI.
398 3179 468 3242 Jarn
480 3179 566 3242 enim
577 3179 660 3242 circa
671 3179 879 3244 Consentiam
889 3195 922 3242 et
931 3179 1156 3266 Metapontum
1169 3171 1337 3242 delentibus

285 3278 417 3367 agendis
429 3279 472 3342 ita
487 3295 667 3360 creverant,
681 3297 719 3343 ut
729 3297 799 3344 tum
814 3279 947 3366 quidem
956 3281 1126 3367 Spartacus
1137 3277 1268 3368 triginta
1278 3268 1338 3334 mil·

285 3380 343 3460 lia,
357 3380 471 3443 Crixus
482 3380 594 3444 decem
609 3382 671 3446 sub
685 3381 784 3470 signis
801 3380 952 3446 babuisse
968 3379 1113 3444 tradatur
1124 3403 1132 3444 ε
1143 3401 1218 3442 nam
1234 3372 1335 3439 tertius

287 3480 407 3546 ducum
426 3482 618 3547 OEnomaus
639 3483 806 3571 superiore
826 3482 911 3546 hello
934 3483 1082 3570 petierat.
1102 3483 1244 3557 Interea,
1265 3473 1335 3536 dum

286 3603 420 3645 romana
432 3579 519 3650 arma
529 3580 620 3646 domi
633 3605 652 3646 a
664 3583 763 3646 servis
782 3598 1054 3663 contemnuntur,
1071 3583 1104 3644 in
1119 3579 1250 3648 remotis
1265 3592 1334 3661 pn)-

287 3682 401 3746 vinciis
413 3697 527 3747 eontra
538 3684 801 3770 potentissimum
813 3706 921 3772 regem
933 3683 1127 3773 imperatore
1138 3679 1269 3746 Lucullo
1281 3693 1337 3736 rna·

289 3807 350 3872 gna
372 3805 447 3847 cum
469 3782 570 3870 gloria
595 3784 771 3872 fulgebant.
792 3784 933 3848 Omnem
957 3784 1022 3863 jam
1041 3805 1107 3848 non
1130 3791 1333 3847 commeatum

319 3996 419 4060 §Vllb
438 3994 560 4043 Plutarch.
575 4021 610 4032 -
628 3995 735 4059 Appian.
752 3997 824 4045 civit.
843 3995 885 4042 lib.
899 3999 918 4044 1.
937 4023 970 4032 ·-
991 3995 1054 4048 Flor.
1073 3995 1126 4052 ΙΙΙ,
1145 4009 1185 4055 ¹9·
1207 4015 1239 4026 -
1260 3987 1333 4032 Fr⁰¹¹¹2
1395 3975 1396 3986 ¹

285 4084 356 4130 Strat.
371 4081 396 4136 Ι,
411 4079 436 4138 5,
450 4092 491 4126 aa.
505 4105 540 4115 -
554 4078 650 4127 Sallust.
668 4105 703 4116 -—
722 4077 737 4144 S
752 4080 1044 4140 1X.Srlluat.llist.lll‚
1057 4093 1099 4128 aa.
1112 4103 1145 4114 -
1159 4070 1275 4130 Plutum·
