2875 4900
425 146 429 177 l

271 385 341 484 708
450 387 519 456 JO.
545 385 887 458 FREINSHEMII
918 385 1163 457 SUPPLEM.

270 509 448 592 confectis3
475 509 603 598 equites
627 510 725 574 etiam
750 509 927 598 superioris
954 511 1060 574 noctis
1085 511 1221 598 praelio:
1243 513 1339 601 igitur

270 634 373 700 quum
392 633 498 698 neque
514 609 637 675 timidis
653 609 694 674 ad
710 609 843 700 fugam,
859 633 967 699 neque
982 608 1123 676 fortibus
1140 611 1183 676 ad
1195 635 1340 703 pugnan-

246 751 250 757 >
270 713 350 776 dum
372 713 456 776 vires
475 729 702 802 superessent,
723 711 894 776 occidione
911 728 1001 776 totus
1021 713 1181 776 exercitus
1196 715 1339 778 ceditur.

268 815 342 901 Ipse
359 814 479 896 Curio,
496 836 598 901 quum
621 816 682 878 Cu.
700 813 865 878 Domitius
882 815 1052 901 praefectus
1068 815 1215 902 equitum
1231 816 1339 880 horta-

267 932 376 996 retur,
393 933 432 979 ut
448 916 523 1005 fuga
538 916 673 978 salutem
688 929 833 1002 peteret,
849 937 1013 1002 nunquam
1027 937 1060 978 se
1074 929 1245 979 vesuvum
1260 916 1339 980 dixit

267 1017 516 1106 inconspectum
534 1016 685 1096 Caesaris,
704 1017 819 1079 amisso
826 1064 837 1096 ‚
856 1039 951 1104 quem
969 1013 1133 1101 suoefidei
1142 1017 1336 1101 endrilr'sset,

266 1121 434 1184 exercitu:
455 1135 552 1206 utque
574 1117 635 1198 ita,
660 1132 699 1181 ut
719 1139 771 1180 res
793 1117 976 1182 temeritate
997 1141 1055 1182 sua
1075 1117 1218 1206 perditas
1234 1136 1339 1184 morte

267 1235 476 1308 sequeretur,
492 1219 639 1307 praelians
654 1219 844 1283 interfectus
858 1233 916 1282 est.

309 1319 407 1394 va,
431 1321 489 1384 His
510 1319 609 1383 rebus
627 1318 771 1402 auditis,
788 1341 905 1401 naves,
922 1319 1055 1408 qutead
1072 1335 1176 1385 castra
1190 1323 1339 1386 Cornelia

264 1420 412 1502 stabant,
429 1441 506 1484 cum
526 1420 638 1509 paucis
655 1420 832 1501 militibus,
854 1421 912 1508 qui
932 1419 974 1485 ad
993 1421 1131 1510 primam
1151 1423 1199 1486 rei
1219 1425 1338 1488 famam

264 1545 304 1587 eo
321 1522 552 1605 decurrerant,
569 1523 604 1585 in
619 1523 761 1586 Siciliam
778 1523 927 1586 celeriter
939 1545 974 1587 se
987 1539 1191 1612 receperunt.
1208 1526 1339 1613 Reliqui
1408 1612 1409 1615 Ἴ

263 1621 364 1710 (nam
387 1625 534 1713 quinque
555 1624 707 1689 cohortes
729 1623 880 1712 praesidio
906 1625 1024 1689 relictae
1051 1627 1162 1689 castris
1184 1625 1337 1713 fuerant)

264 1724 349 1787 Varo
368 1747 402 1788 se
422 1723 630 1789 dediderunt.
650 1726 812 1789 Caeterum
831 1726 933 1807 luha,
957 1747 1024 1790 suae
1045 1727 1187 1791 victorie
1205 1730 1337 1815 praemia

262 1825 368 1889 alieno
384 1827 517 1890 arbitrio
535 1826 640 1890 minui
664 1848 732 1890 non
753 1830 848 1914 pos‘se
864 1826 1031 1909 dictitans,
1055 1849 1204 1917 magnam
1220 1851 1337 1893 eorum

262 1945 387 2016 partem
408 1928 590 2011 interfecit,
614 1945 748 1992 caeteros
776 1928 865 1991 misit
888 1927 921 1992 in
942 1951 1100 2017 regnum,
1117 1929 1238 1992 frustra
1259 1950 1338 1994 con·

264 2046 421 2116 querente
441 2031 542 2110 Varo,
565 2051 657 2092 suam
676 2027 774 2091 fidem
793 2027 834 2091 ab
851 2051 891 2092 eo
908 2029 991 2094 ledi.
1010 2027 1074 2094 Sed
1090 2052 1166 2093 eum
1178 2029 1264 2094 adeo
1281 2054 1338 2094 rex
1408 2092 1409 2103 ,

263 2130 511 2210 contemnebat,
534 2129 629 2192 utin
653 2127 812 2217 oppidum
834 2129 997 2211 invectus,
1016 2130 1125 2193 multis
1147 2131 1263 2217 populi
1286 2155 1339 2195 ro-
1408 2126 1409 2207 l

263 2231 350 2294 mani
366 2230 569 2294 senatoribus
585 2229 880 2318 prosequentibus,
896 2253 970 2317 quae
980 2229 1051 2294 lieri
1063 2231 1159 2294 vellet
1170 2231 1277 2296 Utioes
1290 2249 1337 2296 at·
1408 2214 1409 2233 Χ

261 2333 375 2421 quein
392 2332 578 2421 provincia,
593 2353 655 2420 pro
670 2331 807 2418 imperio
823 2319 1057 2395 constitueret:
1072 2331 1193 2418 quibus
1210 2333 1336 2397 effectis
1408 2332 1409 2337 ’

263 2431 383 2515 rebus,
402 2433 500 2522 paulo
523 2449 598 2521 post
620 2455 696 2496 cum
717 2431 871 2495 omnibus
890 2433 991 2521 copiis
1013 2433 1048 2496 iu
1065 2455 1206 2523 regnum
1228 2434 1335 2500 rediit.

262 2536 341 2598 llaec
351 2546 525 2622 postquam
540 2534 574 2597 in
589 2535 731 2614 Urbem,
749 2534 828 2597 etin
843 2534 1066 2599 Macedoniam
1080 2536 1228 2599 nuntiata
1238 2554 1335 2618 sunt,

262 2634 421 2700 diversam
437 2657 497 2725 pro
513 2634 714 2700 dissensione
729 2636 934 2716 animorum,
947 2657 966 2698 a
978 2636 1133 2699 Romanis
1148 2638 1334 2703 mercedem

261 2738 344 2802 Iuba
360 2738 444 2803 tulit.

305 2840 420 2904 LXVI.
438 2839 630 2927 Pompeius,
648 2854 681 2903 et
695 2839 754 2925 qui
768 2860 847 2902 cum
865 2859 904 2902 eo
918 2853 1027 2919 erant,
1045 2837 1207 2902 honorem
1221 2839 1256 2903 ei
1273 2840 1332 2905 ha·

261 2940 426 3023 buerunt,
442 2962 617 3029 regemque
634 2939 856 3029 appellarunt3
880 2955 912 3002 at
932 2940 1038 3002 Caesar
1057 2952 1091 3001 et
1105 2939 1222 3002 urbani
1241 2939 1332 3019 judi·

258 3058 376 3107 carunt
387 3042 515 3105 hostem
525 3089 533 3122 ‚
544 3040 776 3128 Bocchumque
789 3056 822 3103 et
835 3038 1020 3130 Bogudem,
1038 3038 1129 3127 quod
1140 3040 1209 3119 ejus
1221 3057 1332 3105 essent

260 3144 450 3221 adversarii,
475 3164 566 3232 reges
589 3140 797 3229 appellandos
820 3162 889 3204 esse
908 3156 1117 3204 censuerunt.
1139 3142 1277 3205 Interim
1296 3144 1330 3206 iu

259 3244 417 3309 Dalmatia
446 3242 491 3307 M.
518 3242 692 3323 Octavius,
716 3256 793 3329 pust
812 3240 988 3305 discessum
1009 3241 1245 3306 liburnicarum
1273 3266 1330 3306 na·
1408 3273 1409 3318 3

256 3348 363 3430 uum,
379 3346 498 3433 quibus
512 3343 715 3408 Antonianos
732 3342 849 3405 milites
867 3341 909 3405 ad
924 3342 1117 3430 Pompeium
1128 3342 1211 3405 Libo
1224 3342 1329 3407 dedu·

257 3448 366 3530 cebat,
379 3448 497 3527 Issam,
512 3446 690 3508 insularum
706 3466 748 3507 eo
759 3458 863 3506 tractu
875 3441 1125 3524 nobilissimam,
1136 3442 1178 3506 ab
1188 3443 1329 3507 amicitia
1408 3441 1409 3464 ¹

258 3548 389 3613 Caesaris
400 3547 533 3628 avertit;
547 3548 694 3627 Salonas,
708 3565 811 3632 quum
824 3543 943 3607 fnrstra
954 3559 1124 3625 tentasset,
1136 3566 1328 3634 oppugnare

258 3646 381 3715 statuit.
396 3650 436 3711 At
448 3646 513 3729 illi,
530 3668 633 3735 quum
652 3646 695 3709 ob
717 3647 913 3732 paucitatem
930 3644 1079 3708 resistere
1092 3666 1161 3708 non
1175 3662 1325 3733 possent,

257 3775 366 3817 servos
385 3750 525 3840 puberes
542 3748 823 3827 manumiserunt,
846 3761 879 3809 et
894 3746 1066 3817 mulierum
1082 3746 1243 3832 praesectis
1260 3748 1324 3810 cri-

256 3854 353 3918 nibus
377 3852 418 3917 a‹l
442 3864 603 3914 tormenta
628 3864 706 3911 sunt
727 3848 789 3911 usi.
813 3847 989 3927 Octavius,
1012 3848 1132 3911 horum
1148 3848 1323 3936 pertinacia

255 3955 401 4045 cognita,
418 3953 563 4041 quinque
579 3949 688 4013 castris
703 3948 863 4038 oppidum
881 3948 1006 4013 elausit.

288 4116 304 4181 S
321 4116 412 4163 txtv.
425 4115 516 4161 Lucan.
528 4112 574 4167 tv,
589 4125 648 4172 717.
662 4136 698 4146 -
708 4108 821 4157 Frontin.
834 4110 909 4157 strat.
924 4109 963 4168 11,
975 4106 999 4154 t.
1013 4132 1049 4143 -
1065 4106 1128 4156 Cas.
1145 4106 1211 4172 -s
1230 4106 1319 4155 tm.

249 4196 311 4251 Dio·
323 4226 357 4237 ·-
372 4198 433 4248 cm.
443 4224 479 4265 3·-
490 4195 621 4255 ornem,
638 4195 678 4244 15.
688 4218 723 4232 -·-
734 4190 1043 4257 stnb.tib.vn,p.315.
1054 4192 1229 4251 -LueamV,
1241 4191 1284 4237 5⁶.
