2875 4900
147 394 203 461 JO.
222 391 391 465 FREINS.
412 393 536 461 SUPP.
559 392 609 461 IN
631 394 734 461 LOC.
754 392 839 460 LIB.
860 394 1054 461 LXXXIII.
1089 414 1149 461 121

109 510 213 575 minem
224 534 298 575 cum
309 511 435 601 ingenti
443 512 585 577 exercitu
592 511 777 600 Bithyniam
788 513 874 576 tueri
882 511 1035 593 jusserat,
1047 510 1156 577 Taxile

109 628 134 675 et
148 613 345 701 Diophanto,
362 630 397 678 et
413 613 605 695 Menandro,
617 614 709 677 claris
726 614 814 679 bello
830 612 971 677 ducibus
986 613 1155 693 adjunctis.

109 713 148 775 Ab
167 713 214 777 his
229 716 372 803 primum
389 737 572 806 repressus,
588 736 649 779 nec
672 715 743 779 sine
766 714 981 796 detrimento,
998 716 1157 791 Fimbria,

110 834 172 877 uox
181 814 303 905 aliquot
312 816 430 905 praeliis
443 816 607 905 superior,
621 838 671 881 res
682 817 767 905 regis
782 838 884 904 prope
896 816 1155 904 desperationem

109 914 239 980 usnam
254 914 408 999 adduxit,
424 939 494 981 non
515 916 625 981 animo
642 932 771 981 tanturn
785 915 939 980 adversus
952 916 1088 981 fortmta
1103 938 1157 981 ca·

109 1039 206 1099 snum,
221 1018 280 1083 sed
295 1020 390 1083 etiam
408 1018 543 1085 consilio
562 1018 682 1083 bonus.
739 1045 742 1053 ¹

144 1120 180 1183 ll.
204 1118 302 1201 Quod
316 1122 404 1184 enim
418 1141 557 1185 numero
576 1120 717 1185 militum
731 1119 827 1207 longe
840 1134 909 1183 erat
923 1120 1069 1200 iuferior,
1084 1135 1158 1183 astu

108 1242 164 1284 rem
176 1222 360 1287 inclinatam
374 1222 530 1305 restituit;
542 1220 713 1310 ductisque
730 1218 772 1285 ad
781 1221 880 1285 latera
890 1236 1071 1285 castromm
1083 1220 1156 1283 bra·

106 1322 189 1404 chiis,
204 1324 290 1388 fossa
306 1324 340 1386 in
358 1323 575 1405 innotescatis,
586 1324 735 1412 quietum
747 1323 781 1385 in
790 1322 875 1387 vallo
887 1322 1022 1385 militem
1034 1322 1158 1402 tenuit;

107 1422 197 1489 donec
204 1428 330 1516 regium
342 1426 524 1514 equitatum
533 1441 654 1491 temere
661 1426 867 1513 inaugustias
874 1426 1157 1489 munimentorum

107 1524 274 1612 ingressum
294 1526 467 1616 improvisa
483 1528 656 1616 eruptione
672 1527 717 1591 sie
734 1526 875 1612 excepit,
888 1542 927 1589 ut
942 1548 997 1591 sex
1010 1526 1157 1590 hostium

107 1624 190 1689 millia
211 1626 483 1693 desiderarentur.
505 1630 628 1693 lterum
645 1627 686 1692 ad
703 1626 936 1714 Miletopolim,
949 1628 1040 1707 juxta
1058 1649 1156 1715 quarn
1242 1678 1245 1682 .

106 1724 290 1812 Rhyndacus
308 1725 426 1792 fluvius
442 1728 556 1809 oritur,
573 1727 626 1807 tali
641 1727 713 1791 loeo
730 1742 833 1790 castra
849 1741 1008 1809 metatus,
1021 1743 1060 1792 ut
1072 1728 1158 1792 inter

106 1825 198 1911 ipsum
216 1844 250 1892 et
268 1827 375 1917 regios
397 1826 519 1893 llumen
540 1830 727 1908 interesset,
747 1849 852 1915 quum
875 1828 959 1892 forte
976 1829 1061 1893 circa
1080 1829 1158 1894 solis

105 1942 200 1991 ortum
212 1929 331 2017 ingens
340 1929 449 2017 pluvia
461 1928 641 1993 securiores
655 1928 765 1993 hostes
779 1928 916 2009 fecisset,
927 1929 1046 2015 raptim
1059 1945 1161 1994 trans·

37 2102 38 2117 χ
105 2027 192 2093 lucto
207 2030 371 2113 exercitu,
394 2030 516 2118 sopitos
533 2029 705 2118 plerosque
724 2045 759 2092 et
780 2030 921 2092 inermes
928 2027 1092 2109 adunus,
1107 2030 1160 2093 in·

105 2145 220 2217 gentem
234 2146 376 2219 stragem
390 2128 506 2211 edidit,
517 2130 611 2220 plena
628 2146 660 2194 et
675 2129 791 2194 illustri
802 2129 936 2193 victoria
946 2130 1080 2217 potitus.
1097 2130 1160 2195 Mi·

105 2228 245 2295 thridates
255 2252 334 2295 cum
346 2231 516 2318 praecipuis
525 2229 663 2313 ducum,
672 2246 707 2295 et
714 2230 872 2295 mediocri
881 2232 1031 2319 equitum
1041 2254 1159 2314 manu,

106 2330 172 2395 eina
182 2355 250 2395 non
262 2354 363 2397 ausus
377 2332 567 2414 consistere,
584 2346 738 2396 contenta
753 2332 828 2421 luga
842 2332 1035 2421 Pergamum
1049 2332 1090 2397 ad
1105 2356 1162 2422 pa·

105 2448 175 2498 trent
188 2435 349 2524 pervenit.

37 2603 38 2618 ἶ
141 2536 194 2600 llI.
213 2536 296 2600 Post
304 2536 369 2600 hoc
380 2537 526 2623 prelium
537 2537 655 2624 passim
667 2534 918 2600 deficientibusa
928 2559 1004 2626 rege
1012 2539 1162 2625 populis,

37 2639 38 2658 ¹
105 2637 298 2700 occasionem
315 2635 450 2724 adeptus
466 2637 548 2702 estF
549 2637 681 2717 imbria,
691 2651 730 2700 ut
744 2636 967 2703 crudelitatem
981 2661 1073 2703 suam
1083 2661 1160 2702 ara·

106 2735 269 2826 ritiamque
284 2738 422 2803 satiaret.
435 2740 558 2802 Tantus
574 2738 661 2814 enim
674 2739 808 2802 humani
821 2739 987 2828 sanguinis
998 2739 1162 2827 appetitus

105 2837 215 2922 inerat,
231 2857 274 2905 ut
289 2841 405 2928 passim
423 2841 543 2905 multos
557 2863 624 2906 non
643 2863 682 2904 ex
694 2840 831 2921 merito,
848 2863 956 2928 neque
969 2841 1003 2904 in
1018 2841 1158 2927 aliquam

105 2943 204 3028 populi
216 2943 348 3008 romani
364 2943 557 3023 utilitatem,
574 2941 631 3006 sed
642 2942 743 3005 animi
756 2964 852 3006 causa
865 2940 1037 3006 occideret.
1053 2941 1160 3005 Semel

106 3042 281 3128 complures
304 3033 383 3130 erigi
405 3043 495 3131 palos
514 3043 668 3123 jusserat,
685 3043 742 3106 ubi
764 3042 882 3130 alligati
903 3042 1162 3124 verberarentur,

106 3157 177 3222 quos
192 3141 412 3208 damnaverat.
432 3143 496 3207 Sed
515 3165 617 3231 quum
635 3142 767 3206 adducti
786 3142 832 3206 illi
852 3158 974 3224 essent,
986 3142 1160 3230 minorque

107 3239 261 3328 aliquanto
284 3267 456 3326 numerus,
472 3265 570 3334 qriam
594 3245 743 3308 crucium
766 3258 865 3324 esset,
882 3244 1099 3331 appantisset3
1117 3267 1162 3310 ne

108 3339 212 3408 fitutia
230 3344 302 3410 lium
310 3345 510 3427 riderentur,
520 3369 538 3410 e
550 3344 655 3411 media
672 3346 767 3410 turba
782 3344 901 3434 corripi
913 3344 955 3408 ad
967 3368 1161 3427 numerum,

108 3456 135 3502 et
147 3443 185 3508 ad
201 3469 323 3510 vacuos
340 3447 430 3534 palos
447 3447 572 3536 religari
588 3446 753 3534 praecepit.

143 3543 194 3610 lv.
210 3547 368 3634 Cynicum
386 3569 489 3636 quum
509 3571 569 3634 pro
587 3547 692 3611 amico
713 3548 880 3628 intrasset,
896 3549 1159 3637 opulentissimos

109 3645 335 3731 oppidanorum
355 3649 546 3737 proditionis
559 3647 694 3711 crimine
704 3648 923 3730 insimulatos,
935 3651 969 3712 in
982 3651 1160 3713 maximum

110 3757 254 3812 umorem
271 3748 425 3832 conjecit,
442 3749 560 3814 deinde
571 3747 612 3812 ad
626 3747 717 3811 hunc
726 3749 931 3837 augendum,
946 3773 985 3814 ex
998 3751 1088 3814 omni
1102 3771 1164 3812 nu·

141 3975 155 4040 S
168 3981 186 4026 l.
200 3977 234 4029 U.
247 3983 276 4030 C.
287 3939 352 4044 3673
365 3984 396 4032 A.
408 3985 436 4032 C.
452 3985 495 4036 85.
504 4011 539 4022 -
548 3985 658 4050 Applrn.
669 3985 782 4034 Mithrid.
797 4013 832 4022 -
841 3987 968 4034 Memnon.
982 4009 1018 4019 ·-
1032 3984 1083 4031 Liv.
1095 3984 1161 4048 llpit.

111 4084 139 4094 -
152 4061 208 4126 Sil.
220 4069 306 4115 l'ront.
321 4069 392 4115 Strat.
406 4069 456 4126 111,
470 4085 509 4132 ¹7·
521 4097 554 4106 -υ
569 4071 641 4117 Oros.
652 4069 705 4128 vt,
725 4087 749 4117 a.
765 4098 801 4108 -
813 4069 875 4117 l’lin.
882 4069 915 4126 V,
933 4067 974 4114 32.
989 4094 1023 4103 —
1035 4069 1162 4116 Memnon.

113 4167 140 4178 ·-·
151 4142 165 4210 S
175 4147 221 4197 Ill.
236 4151 285 4197 Dlo
296 4149 363 4214 apud
372 4151 451 4200 Viles.
