2875 4900
269 399 349 489 714'
437 399 505 468 JO.
532 401 877 470 FREINSHElllll
907 401 1158 472 SUPPLEM.

265 541 367 606 «pora
387 541 446 582 sun
466 521 695 600 tantummodo
721 521 817 585 nobis
842 521 1044 609 prestabant
1065 521 1116 585 bae
1137 522 1259 609 copie,
1279 523 1335 589 sed

266 619 403 684 «animis
420 621 517 686 etiam
538 621 710 687 nobiscum
729 639 874 710 votoque
890 621 1035 686 stabunt.

308 719 365 786 VI.
382 723 527 786 «Teneat
542 745 620 787 sane
640 745 778 788 vacuam
794 723 849 786 ille
869 723 1013 803 Urbem,
1029 739 1064 787 et
1084 722 1261 788 desertas·
1277 723 1335 789 do·

266 821 387 886 «minis
405 821 543 905 domos3
562 823 644 888 dum
665 823 722 888 bic
742 825 785 888 sit
806 841 958 907 senatus,
981 825 1036 889 hic
1053 847 1187 890 romana
1207 826 1334 909 civitas,

265 945 362 1011 uquae
385 928 533 1013 prolecto
555 948 624 990 non
646 926 681 989 in
704 924 848 991 edificiis
872 927 1038 1008 consistit,
1060 926 1119 991 sed
1139 929 1175 991 in
1190 927 1335 1009 civibus,

263 1025 563 1112 «quemadmodum
584 1043 617 1090 et
638 1025 716 1091 olim
739 1027 992 1093 clarissimorum
1013 1028 1213 1118 populorum
1229 1051 1336 1095 exem·

263 1128 347 1216 «plis
368 1127 616 1215 praejudicatum
640 1143 697 1192 est.
721 1129 936 1194 Athenienses
961 1129 1048 1193 bello
1070 1128 1202 1194 Medico
1219 1130 1335 1196 urbem

262 1229 461 1317 «perituram
479 1251 608 1312 secum,
627 1231 654 1294 ei
670 1231 884 1314 mansissent,
901 1231 1120 1319 reliquerunt,
1138 1248 1179 1296 ut
1191 1233 1273 1298 salvi
1286 1249 1336 1297 at·

261 1352 348 1418 «que
374 1330 554 1434 ineolumes
579 1331 752 1422 gloriosius
777 1333 962 1422 reciperent
980 1333 1215 1422 haberentque.
1244 1333 1336 1418 Quid

261 1433 421 1516 «majores
443 1433 571 1498 nostri?
588 1435 703 1518 Quum
723 1433 848 1500 Urbem
867 1435 952 1500 Galli
969 1451 1200 1525 occupassent,
1223 1459 1335 1502 nonne

259 1536 321 1600 «ab
341 1531 448 1600 Ardea
472 1551 505 1599 et
523 1536 612 1600 Veiis
634 1557 810 1600 romanum
831 1539 1008 1602 exereitum
1029 1537 1142 1603 eduxit
1157 1539 1334 1620 Camillus,

260 1638 367 1702 «alter
381 1634 472 1701 urbis
489 1637 681 1727 imperiique
697 1637 801 1703 nostri
819 1638 971 1704 conditor
983 1638 998 1703 l
1011 1639 1102 1723 Quid
1116 1640 1218 1728 igitur
1227 1655 1333 1724 vetat,
1410 1630 1411 1635 ἵ

261 1770 274 1796 ι
285 1739 463 1828 quominus
479 1738 592 1804 eadem
608 1739 739 1830 sequuti
753 1738 887 1804 consilis
896 1787 906 1821 ,
915 1761 1026 1829 parem
1038 1761 1167 1829 sperum
1178 1757 1334 1806 eventum

259 1839 483 1906 «debeamusl
500 1841 585 1906 Cum
608 1863 648 1904 eo
671 1829 806 1905 homine
827 1840 924 1904 nobis
945 1863 999 1906 res
1013 1858 1078 1917 est,
1095 1841 1153 1928 qui
1168 1863 1334 1906 summam

259 1957 316 2006 «et
337 1941 560 2012 incredibilem
583 1941 794 2032 cupiditatem
817 1941 999 2031 imperandi
1024 1965 1068 2007 ne
1088 1964 1180 2006 nuuc
1196 1941 1334 2031 quidem

122 2098 128 2109 .
259 2060 390 2132 «tegere
415 2059 545 2133 potest,
569 2059 721 2108 manente
747 2043 853 2125 bello,
882 2059 915 2107 et
941 2044 1068 2108 incerto
1092 2065 1204 2108 rerum
1231 2045 1333 2110 exitu.

258 2177 271 2202 «
282 2145 373 2228 Quid
388 2145 481 2210 illum
495 2144 658 2208 facturum
672 2144 830 2226 censetis,
841 2143 935 2232 quod
945 2165 1045 2209 omen
1057 2142 1103 2208 dii
1116 2144 1332 2232 prohibeant!

258 2249 456 2329 «rictorem,
481 2246 538 2334 qni
560 2267 651 2311 nunc
666 2247 823 2312 arbitratu
844 2268 906 2310 suo
921 2261 1009 2310 meat
1021 2245 1248 2336 magistratus,
1266 2247 1334 2312 dis·

257 2379 270 2406 ·
281 2350 397 2415 tribuit
413 2349 590 2432 exercitus,
617 2345 788 2438 dilargn'tur
804 2348 1010 2436 provincias,
1028 2349 1139 2412 omnia
1150 2347 1261 2437 legum
1275 2372 1334 2436 po·

257 2452 435 2541 cpulique,
453 2451 563 2515 omnia
581 2467 711 2515 senatus
725 2452 800 2531 jura
814 2450 876 2517 sibi
892 2450 951 2515 uni
962 2450 1128 2515 tiodiem?

297 2554 370 2619 v11.
388 2556 496 2617 aCum
510 2553 574 2616 hoe
587 2568 654 2617 tam
671 2553 830 2641 superbo,
847 2567 914 2617 tam
926 2552 1109 2640 impotente
1124 2568 1268 2639 tyrannm
1283 2553 1332 2617 sic

255 2686 269 2713 ι
278 2672 327 2721 est
341 2653 592 2736 decertandum,
607 2672 646 2719 ut
662 2656 801 2720 omnino
816 2654 986 2720 victoriam
998 2654 1245 2744 vindictamque
1255 2680 1332 2745 spe-

255 2778 406 2842 ·remus3
423 2757 480 2822 sed
500 2772 629 2838 tamen,
650 2756 776 2822 etiamsi
798 2774 911 2821 contra
928 2756 1021 2822 daret
1040 2758 1204 2841 Fortuna,
1221 2760 1331 2847 perire

254 2891 267 2915 κ
277 2860 388 2949 potius
404 2876 571 2949 optemus,
589 2880 688 2947 qnam
703 2858 852 2923 omnium
868 2858 970 2923 modo
985 2874 1144 2923 terrarum
1161 2858 1329 2947 gentium·

254 2994 268 3019 ι
280 2982 345 3051 que
358 2962 528 3042 dominos,
544 2960 836 3025 insolentissimum
853 2960 1026 3025 dominum
1044 2961 1122 3049 pati.
1138 2960 1222 3025 Mihi
1240 2976 1330 3025 certe

254 3064 380 3128 «lixum
396 3056 631 3151 decretumque
644 3078 711 3143 est,
728 3082 797 3127 non
814 3061 935 3144 modo,
950 3084 1050 3150 quam
1067 3082 1197 3149 semper
1211 3060 1247 3125 in
1263 3062 1329 3125 im·

254 3196 267 3223 s
276 3166 373 3257 perlis
386 3164 536 3254 praestiti,
553 3162 708 3228 adhibere
719 3163 894 3245 virmtem,
908 3162 1023 3243 iidem,
1036 3161 1256 3250 diligentiam
1268 3161 1327 3225 sed

255 3297 268 3323 ι
278 3267 393 3348 etiam,
413 3266 439 3329 si
456 3263 526 3329 fleri
539 3279 666 3353 posset,
685 3286 804 3355 augere
820 3263 948 3345 omnia,
966 3264 1155 3351 mniumque
1168 3278 1201 3327 et
1215 3263 1327 3327 inten-

253 3400 266 3425 ι
275 3368 358 3431 tiore
373 3362 664 3456 pressuramque
680 3388 734 3428 me
749 3365 796 3429 sic
812 3366 966 3454 antiquus
980 3365 1033 3431 ille
1046 3362 1174 3430 deseret
1185 3362 1326 3429 deorum

253 3501 267 3526 ι
275 3470 383 3549 favor,
397 3482 436 3532 ut
447 3467 652 3531 fortunatum
664 3466 699 3531 in
712 3466 867 3531 omnibus
878 3513 888 3548 ,
898 3466 1034 3531 demum
1044 3466 1080 3529 in
1092 3465 1216 3553 optima
1227 3486 1326 3529 causa

251 3606 264 3630 ι
271 3573 376 3653 jacere
400 3569 576 3658 patiantur.
603 3568 688 3635 Nam
713 3566 757 3633 de
780 3586 936 3661 apparatu
960 3584 1093 3649 nostro,
1118 3588 1218 3657 quem
1232 3566 1326 3647 juxta

251 3694 404 3739 «mecum
423 3670 530 3752 scitis,
547 3669 628 3758 quid
649 3693 733 3758 opus
754 3686 804 3735 est
826 3670 960 3736 dicere?
981 3672 1045 3736 Tot
1067 3670 1189 3734 civium
1213 3691 1325 3734 roma·

250 3796 392 3841 anorum
418 3774 583 3861 legiones,
613 3786 664 3837 tot
692 3772 858 3837 sociorum
886 3794 1001 3863 regum
1029 3788 1128 3860 atque
1155 3771 1322 3835 civitamm

249 3877 407 3957 «auxilia,
426 3890 523 3941 tantm
541 3888 613 3938 toto
631 3874 711 3937 mari
730 3874 864 3956 classes,
883 3874 1022 3939 excitare
1039 3874 1090 3937 vel
1105 3874 1239 3961 ignavos
1253 3894 1324 3961 pos·

250 4010 263 4034 ι
272 3996 353 4043 sent.
374 3980 442 4042 Vos
456 3975 577 4055 modo,
601 3975 691 4063 quod
703 3976 779 4039 felix
790 3976 999 4065 faustumque
1011 3976 1070 4056 sit,
1087 4000 1159 4042 eam
1172 3976 1323 4041 adhibete

285 4184 301 4249 ς
315 4184 346 4233 V.
361 4180 468 4250 Appiam.
485 4208 518 4217 --
532 4182 621 4229 laureo.
636 4180 653 4227 Ι.
665 4196 687 4227 e.
702 4206 736 4216 -
751 4178 766 4239 5
779 4178 826 4225 Vl.
845 4172 952 4241 Appias.
1009 4176 1012 4185 '
