2875 4900
269 395 345 488 686
449 401 515 468 JO.
546 399 890 472 FREINSHEMII
922 401 1172 473 SUPPLEM.

270 519 441 585 mentandi
452 544 548 586 causa
562 521 699 610 profecti
712 545 753 586 ex
764 521 931 610 prioribus
944 524 1057 588 cestris
1069 525 1209 591 fuerant
1221 527 1340 596 Eodem

270 621 324 686 die
340 623 528 687 transmittit
543 623 690 711 equites3
708 639 742 686 et
760 645 819 713 per
834 622 896 687 bos
915 625 1089 690 maximam
1105 627 1279 694 hominum
1290 633 1341 712 ju·

269 738 527 811 meritorumque
546 723 810 805 multitudinem,
828 745 901 812 quar
920 725 1112 813 pabulatum
1128 753 1255 819 egressa
1272 733 1340 797 fue·

269 841 337 905 rat,
354 825 537 916 intercipit;
553 825 642 890 etde
658 825 786 889 cetratis
801 825 1011 909 cohortibus,
1029 851 1103 918 quae
1117 833 1264 898 subsidio
1279 835 1340 899 suis

269 943 444 1008 venerant,
463 949 564 991 unam
581 927 709 1016 longius
724 931 992 1016 procurrentem,
1009 929 1178 996 secludita
1195 935 1340 1022 reliquis,

268 1043 367 1117 atque
381 1027 476 1093 delet.
492 1028 541 1092 Ita
554 1049 605 1092 res
622 1026 834 1092 frumentaria
847 1028 1003 1115 paulatim
1018 1031 1199 1119 expeditur.
1218 1034 1340 1099 Eodem

267 1145 414 1218 tempore
433 1131 474 1194 D.
489 1131 609 1193 Brutus
626 1129 842 1193 Massilienses
860 1131 965 1193 navali
985 1131 1096 1219 praelio
1113 1133 1201 1198 vicit.
1219 1137 1340 1225 Longas

266 1231 312 1296 illi
329 1229 514 1296 habuerant
528 1229 777 1320 septemdecim,
795 1229 948 1318 equibus
966 1248 1058 1296 erant
1073 1233 1229 1300 undecim
1243 1253 1339 1303 tecte.

266 1333 325 1397 His
349 1333 521 1421 complura
542 1333 668 1398 minora
695 1333 821 1422 navigia
844 1331 1060 1418 addiderant,
1086 1351 1246 1403 terrorem
1276 1341 1340 1428 ipsa

266 1435 373 1524 specie
399 1434 619 1499 multitudinis
644 1435 775 1499 illaturi.
803 1434 913 1500 Inerat
939 1458 1077 1524 magnus
1102 1438 1340 1528 sagittariorum

267 1560 443 1620 numerus,
468 1559 607 1628 magnus
624 1537 834 1619 Albicorum,
852 1537 911 1625 qui
934 1558 1031 1625 supra
1055 1539 1231 1604 Massiliam
1254 1542 1339 1606 inco-

264 1641 357 1722 lunt,
375 1656 570 1704 montanum
581 1638 770 1727 durumque
784 1661 888 1729 genus
899 1687 909 1721 ,
920 1655 953 1703 et
961 1640 1172 1705 exercitatum
1183 1642 1220 1706 in
1233 1645 1338 1709 armis

266 1741 350 1806 Suos
363 1764 496 1830 quoque
511 1763 620 1806 servos
635 1756 668 1805 et
683 1755 829 1828 pastores
842 1742 879 1806 L.
893 1741 1059 1804 Domitius
1073 1741 1108 1805 in
1125 1766 1225 1809 naves
1240 1746 1340 1834 impo-

265 1858 393 1926 suerat,
409 1842 536 1908 sibene
554 1857 586 1906 et
606 1842 752 1932 gnaviter
768 1863 804 1906 se
820 1857 990 1931 gererent,
1007 1841 1156 1908 libertate
1169 1848 1336 1935 promissa.

308 1946 383 2010 XX.
407 1947 527 2010 brutus
548 1945 718 2034 pauciores
738 1942 873 2032 quidem
898 1966 995 2008 naves
1020 1943 1177 2028 ducebat,
1201 1947 1263 2013 sed
1286 1947 1337 2012 fir·

264 2047 404 2130 miores,
426 2045 553 2112 delecto
578 2045 724 2110 virorum
752 2045 872 2109 robore
895 2045 1033 2135 repletas
1056 2068 1064 2110 :
1085 2047 1209 2136 quippe
1237 2051 1338 2113 Cesar

261 2149 455 2240 fortissimos
475 2171 513 2213 ex
538 2147 757 2238 antesignanis
778 2147 964 2237 legionum,
982 2143 1016 2209 id
1034 2149 1180 2211 muneris
1197 2170 1337 2236 poscen-

262 2269 328 2336 tes,
352 2254 386 2317 in
403 2253 536 2316 classem
554 2251 765 2340 imposuerat.
786 2248 894 2339 Igitur
906 2248 963 2330 hi,
979 2248 1094 2312 virtuti
1112 2248 1335 2331 confidentes,

261 2372 294 2420 et
313 2355 390 2444 quia
412 2354 574 2418 celeritate
597 2351 730 2415 navium
746 2365 779 2415 et
794 2365 862 2415 arte
880 2350 1137 2440 gubernatorum
1157 2349 1334 2416 vinceban-

260 2472 331 2537 tur,
349 2456 490 2520 manicas
508 2472 541 2519 et
556 2476 660 2518 uncos
680 2468 922 2541 praepararunt,
941 2452 1061 2539 quibus
1070 2452 1222 2517 hostium
1237 2476 1333 2518 nares

259 2559 448 2622 retinerent.
468 2556 717 2621 Massiliensium
735 2577 773 2619 ea
795 2554 878 2619 ratio
895 2554 977 2636 suit,
993 2570 1051 2636 ut,
1073 2552 1181 2619 donec
1202 2556 1332 2637 liceret,

260 2660 428 2724 maritimis
454 2658 578 2723 artibus
603 2673 796 2739 uterentur3
823 2656 951 2745 quoties
976 2654 1173 2744 deprehensi
1201 2672 1330 2737 essent,

259 2762 356 2826 armis
381 2778 614 2826 montanorum
641 2757 796 2840 fiderent,
821 2758 880 2847 qui
905 2780 973 2821 non
998 2758 1140 2821 multum
1160 2758 1331 2824 inferiores

258 2862 412 2929 Romanis
429 2879 531 2929 erant.
549 2861 654 2951 Igitur
673 2877 749 2950 post
768 2882 875 2925 acrem
889 2881 1054 2949 pugnam,
1072 2882 1178 2947 quum
1196 2860 1331 2951 singule

257 2964 360 3031 ferme
378 2988 521 3031 romanae
533 2986 647 3044 nares,
663 2962 750 3027 binis
765 2960 938 3028 hostilibus
952 2960 1139 3050 prehensis,
1154 2962 1190 3025 in
1202 2979 1332 3027 utrum·

258 3090 323 3156 que
338 3067 422 3133 latus
436 3065 645 3147 dimicarent3
661 3063 715 3129 hic
727 3086 846 3154 pugnae
859 3062 923 3127 fuit
936 3063 1062 3145 exitiis,
1074 3078 1130 3146 nt,
1145 3086 1267 3153 magno
1279 3065 1332 3129 At·

257 3167 407 3233 bicorum
421 3185 452 3233 et
470 3183 638 3257 pastorum
655 3166 774 3230 amisso
791 3186 948 3245 numero,
965 3164 1219 3229 Massiliensium
1234 3188 1331 3230 nares

257 3287 467 3359 caperentur,
482 3285 539 3334 aut
550 3268 815 3359 deprimerentur
827 3290 957 3332 novem.
972 3266 1110 3347 Nescio,
1126 3288 1167 3330 an
1180 3267 1245 3331 isto
1256 3288 1332 3357 pno-

256 3374 301 3436 lio
329 3370 400 3460 (bis
428 3372 516 3435 enim
543 3388 725 3461 pugnatum
751 3387 800 3434 est
822 3368 1016 3455 classibus),
1040 3368 1096 3433 illo
1118 3383 1206 3432 certe
1226 3368 1330 3451 bello,

255 3472 467 3539 memoranda
491 3474 528 3538 C.
550 3472 642 3537 Acilii
663 3472 767 3535 virtus
790 3470 927 3552 exstitit3
950 3470 1007 3557 qui
1033 3467 1167 3533 decimas
1191 3470 1330 3560 legionis

255 3577 369 3658 miles,
383 3574 521 3639 abscissa
535 3572 665 3656 dextra,
682 3594 781 3661 quam
794 3572 829 3634 in
844 3572 981 3661 puppim
994 3570 1141 3635 hostium
1156 3569 1327 3651 injecerat,

254 3679 331 3743 laeva
349 3674 483 3742 retinuit
498 3696 630 3757 navem3
645 3672 765 3740 deinde
779 3674 814 3737 in
829 3696 901 3737 eam
915 3672 1078 3753 insiliens,
1094 3671 1244 3737 umbone
1252 3694 1330 3762 pro-

254 3782 338 3873 pulit
354 3780 483 3859 hostes,
502 3798 610 3865 neque
625 3763 722 3865 ¹prius
743 3798 889 3865 pugnare
911 3772 1052 3849 destitit,
1077 3794 1177 3861 quam
1199 3786 1327 3860 captam

253 3882 420 3975 profundo
433 3894 602 3969 mergeret.

288 4052 305 4118 ς
323 4054 395 4101 m.
416 4050 505 4099 sidon.
522 4044 607 4114 Apoll.
623 4046 703 4097 Cerni.
719 4047 828 4100 nur.
843 4060 868 4091 v.
881 4046 922 4093 rs.
940 4070 975 4079 -
995 4042 1053 4091 Dio.
1069 4068 1104 4079 -
1119 4044 1214 4089 tumn.
1229 4040 1275 4088 111.
1289 4064 1326 4073 -

253 4137 315 4187 Cu.
334 4161 369 4173 -
387 4134 403 4199 5
422 4135 482 4181 XX.
496 4133 550 4183 Cres
565 4158 599 4169 -·
617 4132 720 4179 Sueten.
732 4130 758 4177 in
770 4130 832 4177 Ces.
847 4143 902 4193 cap.
919 4128 962 4174 ot.
975 4154 1011 4165 -
1023 4125 1079 4173 vo.
1091 4126 1161 4173 Max.
1176 4126 1231 4185 111,
1245 4140 1270 4171 a.
1289 4148 1325 4159 -·

254 4220 318 4270 rtur.
334 4220 360 4267 in
374 4216 436 4269 Ces.
455 4244 491 4254 -
503 4218 594 4271 Lucan.
