2875 4900
268 348 324 418 ΙΝ
348 347 459 418 LOC.
485 348 580 416 LIB.
607 347 779 419 XCVIII
809 350 1021 420 LIVIANI.
1109 347 1172 419 361

153 470 273 552 xclx.
299 468 436 556 Quodsi
447 471 545 555 ι’ςιῖιιν
557 465 650 533 nulla
668 472 710 534 sit
727 491 869 558 mquam
888 468 1044 558 sperarcdc
1059 472 1177 552 mess,

109 585 147 634 at
156 571 209 636 illi
212 572 323 660 potius
333 572 532 660 inperatori,
546 571 635 660 qued
646 571 802 660 reliquum
811 581 887 634 esset
895 572 1012 659 vigoris
1017 620 1028 652 ,
1042 586 1158 636 rement
1166 617 1176 650 ,

108 672 167 760 qui
176 694 334 736 sunumun
349 695 442 738 suum
457 686 675 737 omanunucn
689 695 752 736 esse
768 675 931 756 exuuhcat
948 672 1084 738 mc’lt'tum
1100 673 1179 735 dici-

108 774 180 836 tias.
194 774 268 837 Hoc
280 795 383 862 genus
399 773 540 837 susurris
559 773 604 838 ita
623 789 799 862 corruptus
813 775 970 838 exercitus
984 791 1053 856 est,
1067 788 1106 837 ut
1118 795 1180 837 nec
1221 777 1223 782 ’

108 873 143 935 in
155 875 331 964 Tigranem
343 877 531 964 cupientem
548 874 668 939 ducere
681 874 875 955 Lucullum,
889 875 995 939 necin
1011 873 1180 938 Mithrida·

109 991 175 1038 tem
191 993 394 1064 sequeretur.
408 978 558 1042 Hiemem
571 977 709 1058 causati,
727 992 855 1065 tempus
875 978 909 1040 in
922 973 1098 1063 Gordyena
1112 989 1180 1038 tra·

107 1076 252 1159 hebent,
269 1101 488 1144 successorem
500 1079 627 1144 Luculli
639 1079 854 1167 opperientes.
867 1078 918 1144 Ad
931 1078 1049 1142 famam
1061 1075 1180 1142 deinde

107 1178 209 1244 cladis
224 1181 403 1258 mancum
426 1181 519 1261 cujus
532 1203 575 1244 ne
587 1181 723 1244 nuntius
735 1179 869 1269 quidem
881 1196 1050 1269 penetrare
1061 1196 1179 1267 potue-

107 1295 174 1361 rat,
190 1265 318 1369 pudore
338 1281 420 1346 moti
440 1298 537 1363 sunt,
557 1297 594 1345 ut
609 1282 701 1370 signa
714 1299 939 1370 sequerentur.
959 1282 1074 1346 Postea
1093 1279 1182 1344 Trin-

107 1381 215 1464 rium,
229 1405 334 1470 quum
347 1406 366 1446 a
378 1383 536 1448 militibus
549 1382 591 1448 ad
605 1406 718 1448 necem
732 1399 949 1470 quaereretur,
968 1385 1050 1447 clam
1062 1382 1180 1471 eripuit

107 1480 275 1548 Lucullus.

152 1583 193 1648 C.
217 1583 294 1648 Haec
313 1608 364 1649 res
383 1586 501 1650 iterum
518 1577 660 1652 offendit
670 1602 878 1650 contumaces
890 1587 1033 1668 animos;
1052 1583 1180 1650 audito·

109 1703 196 1767 que,
224 1685 336 1750 venire
356 1709 577 1751 successorem
600 1686 739 1750 Lucullo
761 1687 929 1750 consulem
948 1688 1103 1766 Acilium,
1125 1687 1178 1750 cui

106 1781 179 1871 lege
197 1785 336 1852 Gabinia
351 1788 502 1877 Bithynia
522 1796 558 1853 et'
578 1789 703 1852 Pontus
717 1787 791 1852 data
806 1803 914 1864 erant,
932 1789 1108 1874 missasque
1121 1810 1176 1850 va·

106 1882 245 1950 letianas
260 1886 403 1978 legiones
420 1911 507 1971 esse;
521 1890 695 1954 Lucullum
711 1911 772 1976 pro
788 1888 914 1976 privato
932 1889 1052 1952 habere
1070 1910 1177 1976 coepe·

106 2003 186 2050 runt
210 1990 413 2078 contemptui
431 2014 439 2056 :
461 2013 537 2055 nam
554 1983 672 2077 etipse
688 1989 810 2056 Acilius
826 1991 951 2078 vulgari
963 2013 1021 2078 per
1037 1991 1177 2078 populos

103 2086 264 2171 jusserat,
276 2089 433 2178 populum
451 2112 618 2154 romanum
636 2089 770 2154 mals
779 2085 901 2174 finisse
913 2093 1074 2179 inqocrucm
1083 2115 1097 2169 ;
1111 2091 1177 2152 dis-

106 2189 217 2253 cedere
221 2190 353 2278 jussisse
368 2191 481 2254 milites
490 2238 500 2269 ,
524 2214 626 2279 poena
644 2213 767 2280 quoquc
780 2191 912 2272 addt'ta,
932 2205 967 2256 ut
984 2195 1178 2255 manentium

106 2289 191 2356 bona
207 2292 459 2379 publicarentur.
482 2294 550 2356 Has
574 2292 660 2356 inter
681 2293 865 2381 augustias,
884 2308 918 2356 et
933 2292 1025 2381 quia,
1045 2291 1176 2374 audito,

107 2392 147 2475 Q.
164 2393 327 2459 Marcium
343 2396 465 2483 Regem
482 2394 678 2482 proconsule
695 2416 755 2482 per
768 2395 961 2482 Lycaoniam
979 2417 1054 2459 cum
1072 2394 1176 2459 tribus

106 2493 291 2583 legionibus
310 2497 345 2559 in
365 2497 507 2559 Ciliciam
530 2496 683 2576 tendere,
700 2497 885 2561 cohortium
901 2497 1041 2585 aliquem
1059 2501 1177 2559 hume·

106 2618 179 2659 rum
197 2597 319 2659 frustra
334 2598 376 2661 ab
391 2598 447 2661 illc
460 2598 612 2686 petierat,
632 2597 783 2685 Tigrani,
800 2598 946 2685 quicum
962 2599 1108 2662 maximis
1122 2620 1177 2661 co-

106 2698 167 2784 piis
180 2698 359 2779 juncturus
371 2722 407 2763 se
419 2698 601 2763 Mithridati
614 2698 793 2779 ferebatur,
808 2699 919 2763 statuit
934 2721 1125 2781 occurrere3
1139 2719 1177 2759 ca

105 2800 314 2886 potissimum
331 2823 404 2888 spe,
422 2816 478 2882 nt,
502 2801 530 2864 si
546 2799 715 2888 fatigatum
737 2799 853 2863 itinere
869 2801 1118 2888 necopinantem
1131 2798 1177 2861 vi·

106 2902 220 2979 cisset,
233 2918 438 2991 reperturum
451 2925 485 2966 se
498 2903 638 2989 aliquam
653 2900 694 2965 ad
707 2900 882 2988 placandos
894 2901 1034 2964 militum
1049 2899 1175 2963 animos

106 3002 189 3066 viam
206 3002 395 3068 confideret.

148 3104 205 3167 CI.
230 3102 293 3167 sed
314 3104 431 3168 milites
453 3104 667 3191 aliquousque
682 3104 830 3191 sequuti,
849 3120 1020 3192 postquam
1040 3103 1074 3165 in
1093 3103 1176 3191 Cap-

106 3204 276 3291 padociam
300 3206 339 3268 iri
363 3205 534 3287 viderunt,
552 3229 595 3268 ne
617 3227 697 3268 voce
718 3204 851 3292 quidem
873 3204 935 3267 ulla
957 3204 1071 3268 emissa
1087 3218 1175 3271 retro

105 3322 276 3370 verterunt
292 3329 428 3395 agmen;
447 3324 480 3371 et
499 3306 666 3371 valerianae
690 3306 852 3395 legiones,
875 3306 1005 3396 implete
1025 3331 1044 3371 a
1065 3328 1099 3370 se
1119 3307 1177 3370 sti·

106 3407 224 3493 pendia
245 3407 409 3491 dicentes,
432 3410 606 3473 Lucullum
623 3408 836 3495 reliquerunt.
857 3410 918 3473 Hic
936 3409 989 3473 ille
1008 3410 1089 3474 nihil
1107 3430 1175 3473 non

106 3506 310 3597 indignitatis
323 3510 443 3591 subiit,
460 3508 694 3598 prehendendo
708 3509 874 3600 singulos,
888 3510 1033 3601 rogando
1045 3512 1176 3577 univcr-

107 3628 174 3689 sos,
189 3610 331 3673 tentoria
344 3633 419 3674 cum
436 3612 586 3697 squalore
600 3626 633 3673 et
648 3609 798 3697 lacrymis
811 3610 986 3695 obeundo,
1004 3630 1041 3677 ut
1056 3631 1174 3679 contu-

107 3712 241 3775 maciam
263 3734 378 3777 corum
404 3711 556 3777 llecteret.
581 3716 626 3777 At
647 3712 714 3793 illi,
738 3736 854 3778 manus
879 3714 1040 3781 tendentis
1064 3738 1175 3804 preces

107 3814 259 3893 aversati,
276 3836 393 3877 vacuas
418 3814 624 3879 ostentabant
645 3836 761 3896 zonas,
779 3818 885 3880 solum
904 3818 1056 3900 jubentes
1077 3817 1175 3881 dimi-

140 4020 264 4086 §nem
278 4026 329 4075 Cic.
345 4027 463 4091 prolege
480 4028 569 4078 Manil.
587 4046 641 4097 osp.
657 4048 683 4095 9.
696 4060 732 4070 -
748 4034 813 4083 Plnt.
831 4062 867 4072 -
882 4034 898 4100 s
912 4038 941 4086 C.
955 4038 1013 4085 Dio.
1028 4064 1062 4074 -
1075 4036 1172 4087 Sallust.

108 4104 210 4165 uim,
229 4125 256 4167 ι,
274 4124 330 4177 pag.
343 4110 395 4168 ⁴¹⁸
407 4110 474 4161 Edit.
484 4125 582 4163 nostra.
595 4116 641 4164 llo.
655 4143 690 4155 —
704 4118 812 4185 Appisn.
821 4118 934 4171 Mithrid.
