2875 4900
283 373 339 446 IN
371 373 481 444 LOC.
508 371 601 442 ΜΒ.
629 376 814 446 LXXVII
842 377 1053 448 LIVIANI.
1176 403 1201 475 9

135 525 149 550 ι
159 515 294 582 quoque
307 493 377 560 lieri
389 515 486 583 posse
497 493 538 560 de
550 495 609 580 iis,
625 517 767 584 quonam
778 496 947 584 iniquitate
960 518 995 562 se
1004 497 1115 562 laesum
1126 519 1202 562 con·

135 598 214 661 «sul
228 597 316 661 Sulla
329 611 558 684 conqueratur.
1304 669 1309 676 ,

182 699 291 763 xxll.
306 697 418 764 «Nihil
438 697 603 784 antiquius
620 718 689 762 esse
705 698 852 778 sananti,
869 719 968 785 quam
983 713 1022 760 ut
1037 696 1121 760 inter
1136 698 1200 760 cla·

135 829 150 854 ·
161 819 215 864 ros
230 814 264 862 et
278 813 426 886 potentes
442 797 549 879 viros,
570 819 642 886 que
662 797 838 863 inciderint
853 798 1101 879 controversia,
1122 797 1200 861 citra

134 899 283 986 «publici
302 914 406 964 statim
420 898 620 986 pericttlum,
637 920 676 964 cx
689 921 784 986 equo
797 913 831 964 et
844 899 935 963 bono
949 913 1199 987 componantur.

134 997 323 1064 «Eumdem
339 998 484 1064 animum
505 1015 539 1062 et
556 999 592 1063 C.
608 999 767 1080 Marium,
782 1014 816 1064 et
832 999 868 1064 P.
885 1000 1064 1088 Sulpicium
1084 1022 1151 1086 prae
1166 1021 1201 1064 se

133 1101 262 1164 nferre:
286 1121 346 1164 nec
368 1097 529 1181 dubitari,
555 1099 636 1186 quin
661 1121 719 1186 par
744 1115 873 1164 maneat
899 1115 932 1164 et
956 1099 1145 1164 consulibus
1164 1099 1198 1163 in

133 1221 369 1264 ·communem
384 1199 519 1288 patriam
532 1199 646 1287 pietas.
663 1199 753 1266 Nihil
767 1222 852 1288 opus
870 1200 1067 1281 caecandis,
1081 1201 1140 1264 ubi
1153 1201 1200 1264 ci·

134 1299 213 1363 -viti
230 1297 389 1364 modestia
402 1299 534 1388 transigi
552 1300 666 1365 melius
682 1301 806 1388 possit:
823 1322 884 1364 nec
898 1299 1007 1366 adbuc
1021 1300 1199 1366 admissum
1326 1347 1330 1352 ·

134 1415 225 1464 atam
242 1399 434 1488 inexpiabile
456 1399 654 1488 quidquam,
677 1416 717 1466 ut
738 1401 779 1466 ad
796 1417 946 1467 extreme
964 1401 1200 1491 desperationis

133 1533 149 1558 ι
159 1501 276 1568 auxilia
291 1502 395 1566 veniri
412 1518 569 1590 oporteat.
588 1504 751 1591 Tempore
768 1503 995 1568 tantammodo
1016 1518 1051 1568 et
1071 1501 1199 1568 modica

134 1633 150 1658 ι
161 1602 313 1690 patientia
329 1624 398 1667 rem
412 1601 565 1692 indigere.
580 1603 685 1692 Igitur
699 1603 764 1668 hoc
778 1625 883 1667 unum
894 1602 1058 1692 deprecari
1069 1603 1200 1682 Patres,

134 1733 149 1758 ι
161 1725 203 1767 ne
217 1725 277 1792 per
293 1703 488 1793 precipitem
506 1703 708 1770 iracundiam
730 1704 838 1768 omnis
855 1702 1037 1768 concordie
1050 1724 1123 1792 spes
1141 1703 1200 1767 ab·

134 1833 149 1860 ·
156 1805 295 1885 jiciamr.
308 1805 427 1870 Omnia
443 1820 660 1887 conventura,
675 1803 776 1868 modo
792 1804 878 1868 hanc
892 1801 972 1867 dent
986 1803 1135 1868 consules
1149 1824 1200 1868 se·

7 1897 8 1910 ¹
133 1907 251 1970 anatui
269 1906 413 1988 veniam,
429 1920 523 1970 utne
542 1905 677 1993 propius
697 1905 844 1992 quinque
866 1901 965 1966 millia
985 1924 1140 1990 passumu
1157 1903 1199 1967 ab

135 2039 150 2064 .
161 2005 249 2071 Urbe
266 2022 368 2072 castra
385 2021 568 2087 metentur,
582 2005 687 2072 donee
703 2005 814 2070 Patres
828 2003 1003 2092 conscripti
1018 2003 1199 2069 consultare

7 2095 8 2122 ¹
136 2105 298 2194 «amplius
310 2104 353 2170 de
366 2096 575 2194 praesentibus
588 2105 724 2194 possint.
736 2137 751 2163 ι

180 2207 303 2272 XXIII.
318 2205 370 2272 Ad
384 2207 489 2272 Pictas
505 2206 574 2270 brec
587 2206 785 2294 agebantur:
798 2206 833 2271 id
844 2205 985 2270 tabernis
998 2226 1120 2269 nomen
1131 2223 1200 2271 erat

133 2305 178 2370 ad
196 2308 350 2394 quintum
369 2305 534 2372 decimum
555 2306 596 2371 ab
619 2306 709 2370 Urbe
723 2304 863 2395 lapidem
881 2304 934 2370 ria
950 2305 1107 2370 lavicana
1118 2307 1197 2372 sitis.

134 2406 186 2471 Ibi
199 2429 393 2496 responsum
406 2431 424 2473 a
440 2409 526 2475 Sulla
545 2409 640 2499 legati
652 2407 875 2489 abstulerunt,
891 2410 930 2471 in
940 2407 1010 2473 loco
1021 2421 1128 2473 castra
1136 2431 1198 2497 pc-

133 2509 290 2588 situram,-
307 2507 424 2596 idque,
441 2509 519 2597 ipsis
531 2508 759 2590 audientibus,
774 2530 866 2573 more
884 2509 1006 2575 militiae
1017 2510 1124 2574 statim
1135 2510 1197 2574 im·

133 2624 283 2697 peratum
302 2626 361 2675 est.
387 2612 429 2675 At
450 2610 519 2675 bec
539 2610 701 2675 slmulatio
717 2610 891 2674 consulum
911 2624 997 2692 erat;
1015 2632 1091 2673 nam
1115 2611 1197 2697 ipsi,

7 2726 8 2767 l
133 2710 271 2775 consilio
282 2710 444 2775 intellecto
457 2708 771 2793 inimicorum,dum
781 2710 997 2799 legati,vclut
1008 2711 1199 2798 impetrato,

136 2814 227 2902 quod
241 2814 411 2897 volebant,
429 2815 492 2879 leti
513 2814 651 2879 redeunt
669 2816 825 2895 Romam,
843 2816 880 2879 L.
894 2813 1015 2896 Bmilo,
1032 2816 1071 2879 C.
1086 2816 1198 2878 Mum·

7 2920 8 2983 l
135 2916 204 2979 mio
221 2916 408 3003 premissis,
423 2916 519 2979 citato
535 2916 663 3005 agmine
679 2931 873 3003 sequuntur.
891 2914 979 2978 Sulla
997 2913 1197 2999 Esquilinam

133 3030 262 3103 portam
286 3038 361 3081 cum
385 3016 491 3079 vicina
515 3030 605 3103 parte
633 3013 855 3103 occupandam
879 3036 956 3077 cum
981 3012 1108 3100 legione
1132 3034 1198 3075 una

135 3132 339 3204 sumpserat:
356 3116 515 3179 Collinam
530 3138 605 3179 cum
618 3116 679 3179 alia
691 3115 818 3204 legione
835 3112 1030 3202 Pompeius:
1048 3110 1089 3175 ad
1101 3111 1199 3177 subli-

135 3218 223 3281 cium
240 3232 373 3305 pontem
393 3217 505 3299 tertia,
524 3231 637 3302 quarta
655 3236 715 3303 pro
737 3213 840 3278 muris
860 3213 902 3279 ad
918 3211 1099 3277 subsidium
1114 3228 1199 3277 stare

131 3317 220 3396 jussa
232 3333 302 3381 est:
322 3316 394 3381 due
411 3317 519 3381 hostili
539 3317 671 3381 fremitu
687 3316 863 3402 animoque
880 3313 914 3379 in
932 3313 1055 3379 Urbem
1070 3316 1198 3401 irrupe-

135 3432 223 3483 runt.
242 3418 293 3482 lbi
306 3440 409 3505 quurn
422 3418 512 3497 juxta
526 3418 641 3483 coUem
661 3416 867 3505 Esquilinum
881 3416 1003 3481 Marius
1019 3414 1198 3504 Sulpicius·

135 3538 200 3604 que
215 3539 292 3583 cum
309 3518 518 3583 tumulmaria
540 3540 640 3583 manu
660 3520 893 3599 occurrissent,
910 3516 1127 3582 muenimum
1148 3519 1197 3581 fa·

135 3618 228 3683 cinus
248 3618 370 3685 nomm
386 3635 453 3701 est,
473 3635 513 3684 ut
528 3620 563 3683 in
584 3620 652 3706 ipsa
671 3619 757 3688 urbe
773 3641 841 3684 non
859 3640 918 3707 per
932 3616 1146 3698 seditionem,
1164 3633 1199 3681 et

7 3770 8 3785 .
136 3719 290 3808 correptis
309 3734 430 3785 temem
450 3720 539 3802 telis,
557 3718 614 3785 sed
632 3736 745 3809 aperto
766 3736 869 3785 marm
889 3718 989 3809 signis
1006 3719 1196 3785 canentibus

7 4004 9 4015 .
168 3942 185 4007 s
200 3944 285 3993 xxti.
297 3946 329 3993 U.
342 3944 372 3993 C.
384 3945 450 4004 bdt;
463 3946 494 3993 Δ.
504 3944 533 3993 C.
546 3945 589 3994 tt.
604 3970 639 3982 ·-
653 3944 776 3995 Plutarch.
789 3945 816 3994 in
829 3946 909 4005 Sulla,
923 3962 977 4009 cap.
988 3946 1028 3991 18.
1047 3968 1082 3979 -
1095 3940 1196 3991 ctum.

133 4024 187 4074 Ital.
195 4026 341 4091 mamm,
355 4034 381 4081 I.
398 4054 434 4065 -
449 4025 577 4091 §xxnt
590 4029 699 4097 Applan.
714 4056 751 4068 -
762 4029 885 4081 Plutarcb.
900 4056 936 4068 -
953 4029 1017 4075 Flor.
1032 4027 1087 4083 lll,
1104 4038 1147 4073 ar.
1161 4051 1196 4061 -

134 4107 185 4155 liv.
200 4109 265 4175 Epit.
278 4138 313 4149 -
327 4112 368 4159 Io.
379 4110 526 4159 Antiochen.
553 4136 562 4147 ·
957 4145 959 4152 ·
