<?xml version="1.0" encoding="UTF-8"?>
<!DOCTYPE html PUBLIC "-//W3C//DTD XHTML 1.0 Transitional//EN"
    "http://www.w3.org/TR/xhtml1/DTD/xhtml1-transitional.dtd">
<html xmlns="http://www.w3.org/1999/xhtml" xml:lang="en" lang="en">
 <head>
  <title>
</title>
<meta http-equiv="Content-Type" content="text/html;charset=utf-8" />
  <meta name='ocr-system' content='tesseract 3.04.00' />
  <meta name='ocr-capabilities' content='ocr_page ocr_carea ocr_par ocr_line ocrx_word'/>
</head>
<body>
  <div class='ocr_page' id='page_1' title='image "bibliothecaclas116lemagoog_0212.png"; bbox 0 0 2875 4900; ppageno 0'>
   <div class='ocr_carea' id='block_1_1' title="bbox 270 364 1161 435">
    <p class='ocr_par' dir='ltr' id='par_1_1' title="bbox 270 364 1161 435">
     <span class='ocr_line' id='line_1_1' title="bbox 270 364 1161 435; baseline 0.002 -2"><span class='ocrx_word' id='word_1_1' title='bbox 270 386 341 433; x_wconf 87' lang='lat' dir='ltr'>aoo</span> <span class='ocrx_word' id='word_1_2' title='bbox 411 403 416 409; x_wconf 82' lang='lat'><strong>·</strong></span> <span class='ocrx_word' id='word_1_3' title='bbox 443 364 885 433; x_wconf 78' lang='lat' dir='ltr'>10.FRE1NSHEM11</span> <span class='ocrx_word' id='word_1_4' title='bbox 915 364 1161 435; x_wconf 86' lang='lat' dir='ltr'><strong>SUPPLEM.</strong></span> 
     </span>
    </p>
   </div>
   <div class='ocr_carea' id='block_1_2' title="bbox 226 483 1351 3927">
    <p class='ocr_par' dir='ltr' id='par_1_2' title="bbox 270 483 1345 981">
     <span class='ocr_line' id='line_1_2' title="bbox 270 483 1344 575; baseline 0.005 -26"><span class='ocrx_word' id='word_1_5' title='bbox 270 486 341 549; x_wconf 85' lang='lat' dir='ltr'>auri</span> <span class='ocrx_word' id='word_1_6' title='bbox 359 484 472 574; x_wconf 90' lang='lat' dir='ltr'>pondo</span> <span class='ocrx_word' id='word_1_7' title='bbox 491 483 679 572; x_wconf 87' lang='lat' dir='ltr'>quindecim</span> <span class='ocrx_word' id='word_1_8' title='bbox 699 485 817 567; x_wconf 87' lang='lat' dir='ltr'>millia,</span> <span class='ocrx_word' id='word_1_9' title='bbox 833 500 866 549; x_wconf 86' lang='lat' dir='ltr'>et</span> <span class='ocrx_word' id='word_1_10' title='bbox 882 486 1009 575; x_wconf 79' lang='lat' dir='ltr'>argenti</span> <span class='ocrx_word' id='word_1_11' title='bbox 1028 486 1142 574; x_wconf 92' lang='lat' dir='ltr'>pondo</span> <span class='ocrx_word' id='word_1_12' title='bbox 1158 500 1294 553; x_wconf 86' lang='lat' dir='ltr'>centum</span> <span class='ocrx_word' id='word_1_13' title='bbox 1311 506 1344 553; x_wconf 91' lang='lat' dir='ltr'>et</span> 
     </span>
     <span class='ocr_line' id='line_1_3' title="bbox 272 585 1343 676; baseline 0.005 -28"><span class='ocrx_word' id='word_1_14' title='bbox 272 586 460 673; x_wconf 88' lang='lat' dir='ltr'>quindecim</span> <span class='ocrx_word' id='word_1_15' title='bbox 486 587 603 668; x_wconf 80' lang='lat' dir='ltr'>millia3</span> <span class='ocrx_word' id='word_1_16' title='bbox 629 585 787 675; x_wconf 72' lang='lat' dir='ltr'><strong>postridie</strong></span> <span class='ocrx_word' id='word_1_17' title='bbox 813 586 969 652; x_wconf 80' lang='lat' dir='ltr'><strong>tredecim</strong></span> <span class='ocrx_word' id='word_1_18' title='bbox 992 588 1091 653; x_wconf 90' lang='lat' dir='ltr'>millia</span> <span class='ocrx_word' id='word_1_19' title='bbox 1115 586 1228 676; x_wconf 91' lang='lat' dir='ltr'>pondo</span> <span class='ocrx_word' id='word_1_20' title='bbox 1251 592 1343 671; x_wconf 90' lang='lat' dir='ltr'>auri,</span> 
     </span>
     <span class='ocr_line' id='line_1_4' title="bbox 272 688 1345 778; baseline 0.002 -25"><span class='ocrx_word' id='word_1_21' title='bbox 272 710 345 775; x_wconf 77' lang='lat' dir='ltr'>quac</span> <span class='ocrx_word' id='word_1_22' title='bbox 358 688 471 768; x_wconf 81' lang='lat' dir='ltr'>junior</span> <span class='ocrx_word' id='word_1_23' title='bbox 480 688 604 752; x_wconf 87' lang='lat' dir='ltr'>Marius</span> <span class='ocrx_word' id='word_1_24' title='bbox 621 711 660 751; x_wconf 81' lang='lat' dir='ltr'>ex</span> <span class='ocrx_word' id='word_1_25' title='bbox 676 689 857 776; x_wconf 69' lang='lat' dir='ltr'>capitolinas</span> <span class='ocrx_word' id='word_1_26' title='bbox 873 688 949 753; x_wconf 87' lang='lat' dir='ltr'>aedis</span> <span class='ocrx_word' id='word_1_27' title='bbox 965 688 1136 771; x_wconf 89' lang='lat' dir='ltr'>incendio,</span> <span class='ocrx_word' id='word_1_28' title='bbox 1154 691 1345 778; x_wconf 72' lang='lat' dir='ltr'>ceterisque</span> 
     </span>
     <span class='ocr_line' id='line_1_5' title="bbox 272 788 1345 878; baseline 0.005 -26"><span class='ocrx_word' id='word_1_29' title='bbox 272 788 416 853; x_wconf 83' lang='lat' dir='ltr'>delubris</span> <span class='ocrx_word' id='word_1_30' title='bbox 429 789 583 853; x_wconf 86' lang='lat' dir='ltr'>omnibus</span> <span class='ocrx_word' id='word_1_31' title='bbox 597 789 760 853; x_wconf 76' lang='lat' dir='ltr'>Praeneste</span> <span class='ocrx_word' id='word_1_32' title='bbox 778 788 957 871; x_wconf 89' lang='lat' dir='ltr'>detulerat,</span> <span class='ocrx_word' id='word_1_33' title='bbox 975 812 1048 878; x_wconf 87' lang='lat' dir='ltr'>quae</span> <span class='ocrx_word' id='word_1_34' title='bbox 1063 806 1097 855; x_wconf 87' lang='lat' dir='ltr'>et</span> <span class='ocrx_word' id='word_1_35' title='bbox 1111 792 1174 856; x_wconf 88' lang='lat' dir='ltr'>sub</span> <span class='ocrx_word' id='word_1_36' title='bbox 1190 793 1345 857; x_wconf 88' lang='lat' dir='ltr'>eotitulo</span> 
     </span>
     <span class='ocr_line' id='line_1_6' title="bbox 272 891 1120 981; baseline 0.004 -27"><span class='ocrx_word' id='word_1_37' title='bbox 272 893 424 955; x_wconf 84' lang='lat' dir='ltr'>translata</span> <span class='ocrx_word' id='word_1_38' title='bbox 439 906 532 972; x_wconf 88' lang='lat' dir='ltr'>sunt,</span> <span class='ocrx_word' id='word_1_39' title='bbox 548 907 582 955; x_wconf 90' lang='lat' dir='ltr'>et</span> <span class='ocrx_word' id='word_1_40' title='bbox 599 893 724 980; x_wconf 81' lang='lat' dir='ltr'>argenti</span> <span class='ocrx_word' id='word_1_41' title='bbox 738 906 863 981; x_wconf 78' lang='lat' dir='ltr'>septem</span> <span class='ocrx_word' id='word_1_42' title='bbox 879 892 979 955; x_wconf 89' lang='lat' dir='ltr'>millia</span> <span class='ocrx_word' id='word_1_43' title='bbox 997 891 1120 979; x_wconf 90' lang='lat' dir='ltr'>pondo.</span> 
     </span>
    </p>

    <p class='ocr_par' dir='ltr' id='par_1_3' title="bbox 271 992 1350 2684">
     <span class='ocr_line' id='line_1_7' title="bbox 316 992 1345 1081; baseline 0.002 -26"><span class='ocrx_word' id='word_1_44' title='bbox 316 993 404 1057; x_wconf 87' lang='lat' dir='ltr'><strong>XVI.</strong></span> <span class='ocrx_word' id='word_1_45' title='bbox 420 992 542 1056; x_wconf 80' lang='lat' dir='ltr'>Exacto</span> <span class='ocrx_word' id='word_1_46' title='bbox 559 993 746 1081; x_wconf 86' lang='lat' dir='ltr'>triumpho,</span> <span class='ocrx_word' id='word_1_47' title='bbox 765 992 920 1057; x_wconf 89' lang='lat' dir='ltr'>derebus</span> <span class='ocrx_word' id='word_1_48' title='bbox 937 992 1004 1057; x_wconf 89' lang='lat' dir='ltr'>suis</span> <span class='ocrx_word' id='word_1_49' title='bbox 1020 1014 1082 1081; x_wconf 91' lang='lat' dir='ltr'>pro</span> <span class='ocrx_word' id='word_1_50' title='bbox 1098 992 1259 1057; x_wconf 82' lang='lat' dir='ltr'>concione</span> <span class='ocrx_word' id='word_1_51' title='bbox 1273 992 1345 1057; x_wconf 92' lang='lat' dir='ltr'>dis-</span> 
     </span>
     <span class='ocr_line' id='line_1_8' title="bbox 271 1093 1345 1184; baseline 0 -25"><span class='ocrx_word' id='word_1_52' title='bbox 271 1095 386 1176; x_wconf 83' lang='lat' dir='ltr'>seruit,</span> <span class='ocrx_word' id='word_1_53' title='bbox 401 1117 467 1158; x_wconf 89' lang='lat' dir='ltr'>non</span> <span class='ocrx_word' id='word_1_54' title='bbox 485 1094 594 1159; x_wconf 87' lang='lat' dir='ltr'>minus</span> <span class='ocrx_word' id='word_1_55' title='bbox 612 1093 785 1184; x_wconf 82' lang='lat' dir='ltr'>diligenter</span> <span class='ocrx_word' id='word_1_56' title='bbox 800 1116 970 1175; x_wconf 83' lang='lat' dir='ltr'>enarrans,</span> <span class='ocrx_word' id='word_1_57' title='bbox 991 1116 1064 1181; x_wconf 82' lang='lat' dir='ltr'>quae</span> <span class='ocrx_word' id='word_1_58' title='bbox 1079 1093 1228 1177; x_wconf 80' lang='lat' dir='ltr'>feliciter,</span> <span class='ocrx_word' id='word_1_59' title='bbox 1243 1117 1345 1182; x_wconf 87' lang='lat' dir='ltr'>qnam</span> 
     </span>
     <span class='ocr_line' id='line_1_9' title="bbox 272 1194 1345 1293; baseline 0.003 -35"><span class='ocrx_word' id='word_1_60' title='bbox 272 1218 345 1284; x_wconf 87' lang='lat' dir='ltr'>quae</span> <span class='ocrx_word' id='word_1_61' title='bbox 367 1195 495 1259; x_wconf 84' lang='lat' dir='ltr'>fortiter</span> <span class='ocrx_word' id='word_1_62' title='bbox 509 1196 656 1276; x_wconf 72' lang='lat' dir='ltr'>lecisset,</span> <span class='ocrx_word' id='word_1_63' title='bbox 676 1218 776 1284; x_wconf 81' lang='lat' dir='ltr'>eaque</span> <span class='ocrx_word' id='word_1_64' title='bbox 791 1196 831 1259; x_wconf 84' lang='lat' dir='ltr'>de</span> <span class='ocrx_word' id='word_1_65' title='bbox 846 1217 944 1293; x_wconf 71' lang='lat' dir='ltr'>causp</span> <span class='ocrx_word' id='word_1_66' title='bbox 958 1216 1085 1283; x_wconf 73' lang='lat' dir='ltr'>aequum</span> <span class='ocrx_word' id='word_1_67' title='bbox 1102 1194 1220 1277; x_wconf 71' lang='lat' dir='ltr'>aliteri,</span> <span class='ocrx_word' id='word_1_68' title='bbox 1241 1196 1345 1279; x_wconf 82' lang='lat' dir='ltr'>dixit,</span> 
     </span>
     <span class='ocr_line' id='line_1_10' title="bbox 273 1294 1346 1390; baseline 0.004 -31"><span class='ocrx_word' id='word_1_69' title='bbox 273 1308 325 1377; x_wconf 90' lang='lat' dir='ltr'>ut,</span> <span class='ocrx_word' id='word_1_70' title='bbox 342 1294 431 1383; x_wconf 83' lang='lat' dir='ltr'>quod</span> <span class='ocrx_word' id='word_1_71' title='bbox 443 1308 684 1383; x_wconf 78' lang='lat' dir='ltr'>cognomentum</span> <span class='ocrx_word' id='word_1_72' title='bbox 702 1318 808 1360; x_wconf 84' lang='lat' dir='ltr'>recens</span> <span class='ocrx_word' id='word_1_73' title='bbox 823 1296 1013 1377; x_wconf 80' lang='lat' dir='ltr'>adsciverat,</span> <span class='ocrx_word' id='word_1_74' title='bbox 1025 1297 1078 1390; x_wconf 28' lang='lat' dir='ltr'>,ab</span> <span class='ocrx_word' id='word_1_75' title='bbox 1095 1298 1238 1361; x_wconf 83' lang='lat' dir='ltr'>omuibus</span> <span class='ocrx_word' id='word_1_76' title='bbox 1247 1298 1346 1363; x_wconf 72' lang='lat' dir='ltr'>Feb&#39;x</span> 
     </span>
     <span class='ocr_line' id='line_1_11' title="bbox 271 1398 1347 1487; baseline 0.003 -26"><span class='ocrx_word' id='word_1_77' title='bbox 271 1413 450 1463; x_wconf 81' lang='lat' dir='ltr'>vocaretur.</span> <span class='ocrx_word' id='word_1_78' title='bbox 463 1398 528 1463; x_wconf 88' lang='lat' dir='ltr'>Sed</span> <span class='ocrx_word' id='word_1_79' title='bbox 540 1399 581 1463; x_wconf 93' lang='lat' dir='ltr'>ad</span> <span class='ocrx_word' id='word_1_80' title='bbox 597 1400 727 1463; x_wconf 78' lang='lat' dir='ltr'>Graecos</span> <span class='ocrx_word' id='word_1_81' title='bbox 743 1398 906 1479; x_wconf 86' lang='lat' dir='ltr'>scribens,</span> <span class='ocrx_word' id='word_1_82' title='bbox 920 1398 1175 1486; x_wconf 70' lang='lat' dir='ltr'>Epaphroditum</span> <span class='ocrx_word' id='word_1_83' title='bbox 1188 1422 1222 1463; x_wconf 90' lang='lat' dir='ltr'>se</span> <span class='ocrx_word' id='word_1_84' title='bbox 1238 1400 1347 1487; x_wconf 87' lang='lat' dir='ltr'>appel·</span> 
     </span>
     <span class='ocr_line' id='line_1_12' title="bbox 273 1500 1348 1589; baseline 0.001 -25"><span class='ocrx_word' id='word_1_85' title='bbox 273 1501 376 1581; x_wconf 89' lang='lat' dir='ltr'>labat;</span> <span class='ocrx_word' id='word_1_86' title='bbox 397 1501 575 1589; x_wconf 73' lang='lat' dir='ltr'>positaque</span> <span class='ocrx_word' id='word_1_87' title='bbox 592 1515 671 1564; x_wconf 88' lang='lat' dir='ltr'>sunt</span> <span class='ocrx_word' id='word_1_88' title='bbox 685 1501 731 1564; x_wconf 90' lang='lat' dir='ltr'>illi</span> <span class='ocrx_word' id='word_1_89' title='bbox 747 1522 823 1563; x_wconf 89' lang='lat' dir='ltr'>cum</span> <span class='ocrx_word' id='word_1_90' title='bbox 839 1501 900 1563; x_wconf 88' lang='lat' dir='ltr'>hac</span> <span class='ocrx_word' id='word_1_91' title='bbox 915 1500 1126 1587; x_wconf 79' lang='lat' dir='ltr'>inscriptione</span> <span class='ocrx_word' id='word_1_92' title='bbox 1142 1514 1265 1565; x_wconf 79' lang='lat' dir='ltr'>statuas.</span> <span class='ocrx_word' id='word_1_93' title='bbox 1283 1501 1348 1565; x_wconf 88' lang='lat' dir='ltr'>Eo·</span> 
     </span>
     <span class='ocr_line' id='line_1_13' title="bbox 272 1600 1345 1690; baseline 0.001 -24"><span class='ocrx_word' id='word_1_94' title='bbox 272 1600 348 1666; x_wconf 91' lang='lat' dir='ltr'>dem</span> <span class='ocrx_word' id='word_1_95' title='bbox 370 1623 458 1665; x_wconf 91' lang='lat' dir='ltr'>anno</span> <span class='ocrx_word' id='word_1_96' title='bbox 476 1618 510 1665; x_wconf 90' lang='lat' dir='ltr'>et</span> <span class='ocrx_word' id='word_1_97' title='bbox 531 1602 567 1666; x_wconf 85' lang='lat' dir='ltr'>L.</span> <span class='ocrx_word' id='word_1_98' title='bbox 580 1601 725 1665; x_wconf 82' lang='lat' dir='ltr'>Muraena</span> <span class='ocrx_word' id='word_1_99' title='bbox 746 1600 787 1666; x_wconf 90' lang='lat' dir='ltr'>de</span> <span class='ocrx_word' id='word_1_100' title='bbox 809 1600 997 1665; x_wconf 79' lang='lat' dir='ltr'>Mithridate</span> <span class='ocrx_word' id='word_1_101' title='bbox 1019 1622 1094 1690; x_wconf 88' lang='lat' dir='ltr'>rege</span> <span class='ocrx_word' id='word_1_102' title='bbox 1112 1602 1345 1690; x_wconf 84' lang='lat' dir='ltr'>triumphavit,</span> 
     </span>
     <span class='ocr_line' id='line_1_14' title="bbox 272 1703 1345 1793; baseline 0.001 -26"><span class='ocrx_word' id='word_1_103' title='bbox 272 1703 314 1767; x_wconf 89' lang='lat' dir='ltr'>de</span> <span class='ocrx_word' id='word_1_104' title='bbox 331 1704 424 1783; x_wconf 83' lang='lat' dir='ltr'>cujus</span> <span class='ocrx_word' id='word_1_105' title='bbox 441 1704 539 1767; x_wconf 89' lang='lat' dir='ltr'>rebus</span> <span class='ocrx_word' id='word_1_106' title='bbox 556 1704 654 1792; x_wconf 87' lang='lat' dir='ltr'>gestis</span> <span class='ocrx_word' id='word_1_107' title='bbox 675 1726 795 1791; x_wconf 88' lang='lat' dir='ltr'>pauca,</span> <span class='ocrx_word' id='word_1_108' title='bbox 817 1724 924 1791; x_wconf 87' lang='lat' dir='ltr'>neque</span> <span class='ocrx_word' id='word_1_109' title='bbox 942 1726 1140 1793; x_wconf 84' lang='lat' dir='ltr'>magnopere</span> <span class='ocrx_word' id='word_1_110' title='bbox 1163 1703 1345 1787; x_wconf 87' lang='lat' dir='ltr'>laudanda,</span> 
     </span>
     <span class='ocr_line' id='line_1_15' title="bbox 272 1804 1346 1896; baseline 0.001 -27"><span class='ocrx_word' id='word_1_111' title='bbox 272 1805 378 1885; x_wconf 89' lang='lat' dir='ltr'>aolus,</span> <span class='ocrx_word' id='word_1_112' title='bbox 398 1804 488 1892; x_wconf 84' lang='lat' dir='ltr'>quod</span> <span class='ocrx_word' id='word_1_113' title='bbox 505 1806 623 1888; x_wconf 85' lang='lat' dir='ltr'>sciam,</span> <span class='ocrx_word' id='word_1_114' title='bbox 640 1806 807 1895; x_wconf 81' lang='lat' dir='ltr'>Appianas</span> <span class='ocrx_word' id='word_1_115' title='bbox 826 1806 944 1885; x_wconf 81' lang='lat' dir='ltr'>refert3</span> <span class='ocrx_word' id='word_1_116' title='bbox 961 1827 1034 1892; x_wconf 85' lang='lat' dir='ltr'>quoe</span> <span class='ocrx_word' id='word_1_117' title='bbox 1050 1806 1117 1869; x_wconf 87' lang='lat' dir='ltr'>suis</span> <span class='ocrx_word' id='word_1_118' title='bbox 1138 1806 1346 1896; x_wconf 77' lang='lat' dir='ltr'>temporibus</span> 
     </span>
     <span class='ocr_line' id='line_1_16' title="bbox 274 1906 1346 1989; baseline 0 -18"><span class='ocrx_word' id='word_1_119' title='bbox 274 1907 486 1972; x_wconf 86' lang='lat' dir='ltr'>reddidimus.</span> <span class='ocrx_word' id='word_1_120' title='bbox 496 1908 575 1971; x_wconf 89' lang='lat' dir='ltr'>Post</span> <span class='ocrx_word' id='word_1_121' title='bbox 585 1908 645 1971; x_wconf 88' lang='lat' dir='ltr'>ista</span> <span class='ocrx_word' id='word_1_122' title='bbox 657 1907 759 1971; x_wconf 89' lang='lat' dir='ltr'>missu</span> <span class='ocrx_word' id='word_1_123' title='bbox 768 1907 878 1989; x_wconf 73' lang='lat' dir='ltr'>Sullae,</span> <span class='ocrx_word' id='word_1_124' title='bbox 895 1909 935 1973; x_wconf 87' lang='lat' dir='ltr'>A.</span> <span class='ocrx_word' id='word_1_125' title='bbox 945 1906 1103 1973; x_wconf 83' lang='lat' dir='ltr'>Gabinius</span> <span class='ocrx_word' id='word_1_126' title='bbox 1112 1907 1154 1972; x_wconf 88' lang='lat' dir='ltr'>ad</span> <span class='ocrx_word' id='word_1_127' title='bbox 1163 1908 1346 1971; x_wconf 70' lang='lat' dir='ltr'>Murenam</span> 
     </span>
     <span class='ocr_line' id='line_1_17' title="bbox 274 2007 1347 2100; baseline 0.003 -29"><span class='ocrx_word' id='word_1_128' title='bbox 274 2008 383 2091; x_wconf 81' lang='lat' dir='ltr'>venit,</span> <span class='ocrx_word' id='word_1_129' title='bbox 407 2007 656 2089; x_wconf 87' lang='lat' dir='ltr'>denuntiatum,</span> <span class='ocrx_word' id='word_1_130' title='bbox 675 2032 741 2073; x_wconf 84' lang='lat' dir='ltr'>aon</span> <span class='ocrx_word' id='word_1_131' title='bbox 754 2008 883 2100; x_wconf 86' lang='lat' dir='ltr'>placere</span> <span class='ocrx_word' id='word_1_132' title='bbox 902 2011 1027 2074; x_wconf 81' lang='lat' dir='ltr'>senatui</span> <span class='ocrx_word' id='word_1_133' title='bbox 1042 2009 1158 2074; x_wconf 82' lang='lat' dir='ltr'>ballum</span> <span class='ocrx_word' id='word_1_134' title='bbox 1179 2032 1250 2073; x_wconf 80' lang='lat' dir='ltr'>caua</span> <span class='ocrx_word' id='word_1_135' title='bbox 1272 2032 1347 2074; x_wconf 78' lang='lat' dir='ltr'>crura</span> 
     </span>
     <span class='ocr_line' id='line_1_18' title="bbox 273 2109 1350 2199; baseline 0.002 -26"><span class='ocrx_word' id='word_1_136' title='bbox 273 2133 344 2199; x_wconf 77' lang='lat' dir='ltr'>rege</span> <span class='ocrx_word' id='word_1_137' title='bbox 355 2113 438 2173; x_wconf 75' lang='lat' dir='ltr'>sacca</span> <span class='ocrx_word' id='word_1_138' title='bbox 452 2125 485 2174; x_wconf 82' lang='lat' dir='ltr'>et</span> <span class='ocrx_word' id='word_1_139' title='bbox 495 2113 598 2173; x_wconf 72' lang='lat' dir='ltr'>cauco</span> <span class='ocrx_word' id='word_1_140' title='bbox 607 2133 722 2199; x_wconf 80' lang='lat' dir='ltr'>gerere.</span> <span class='ocrx_word' id='word_1_141' title='bbox 735 2109 851 2175; x_wconf 86' lang='lat' dir='ltr'>Eidem</span> <span class='ocrx_word' id='word_1_142' title='bbox 866 2110 1005 2175; x_wconf 90' lang='lat' dir='ltr'>Gabinio</span> <span class='ocrx_word' id='word_1_143' title='bbox 1018 2111 1224 2192; x_wconf 89' lang='lat' dir='ltr'>mandatum,</span> <span class='ocrx_word' id='word_1_144' title='bbox 1238 2124 1276 2175; x_wconf 87' lang='lat' dir='ltr'>ut</span> <span class='ocrx_word' id='word_1_145' title='bbox 1286 2110 1350 2175; x_wconf 84' lang='lat' dir='ltr'>Mi·</span> 
     </span>
     <span class='ocr_line' id='line_1_19' title="bbox 273 2210 1348 2301; baseline 0 -25"><span class='ocrx_word' id='word_1_146' title='bbox 273 2212 441 2276; x_wconf 65' lang='lat' dir='ltr'>tenueram</span> <span class='ocrx_word' id='word_1_147' title='bbox 454 2213 766 2301; x_wconf 82' lang='lat' dir='ltr'>Ariobarzanemqua</span> <span class='ocrx_word' id='word_1_148' title='bbox 790 2235 877 2300; x_wconf 83' lang='lat' dir='ltr'>reges</span> <span class='ocrx_word' id='word_1_149' title='bbox 897 2212 1124 2279; x_wconf 81' lang='lat' dir='ltr'>reconciliaret.</span> <span class='ocrx_word' id='word_1_150' title='bbox 1141 2210 1348 2277; x_wconf 82' lang='lat' dir='ltr'>Mithridates</span> 
     </span>
     <span class='ocr_line' id='line_1_20' title="bbox 274 2312 1348 2402; baseline 0 -25"><span class='ocrx_word' id='word_1_151' title='bbox 274 2312 379 2377; x_wconf 88' lang='lat' dir='ltr'>filium</span> <span class='ocrx_word' id='word_1_152' title='bbox 395 2313 639 2401; x_wconf 90' lang='lat' dir='ltr'>quadrimulum</span> <span class='ocrx_word' id='word_1_153' title='bbox 653 2314 801 2379; x_wconf 75' lang='lat' dir='ltr'>amicitias</span> <span class='ocrx_word' id='word_1_154' title='bbox 820 2331 852 2377; x_wconf 89' lang='lat' dir='ltr'>et</span> <span class='ocrx_word' id='word_1_155' title='bbox 867 2314 953 2402; x_wconf 87' lang='lat' dir='ltr'>pacis</span> <span class='ocrx_word' id='word_1_156' title='bbox 969 2314 1118 2380; x_wconf 84' lang='lat' dir='ltr'>obsidem</span> <span class='ocrx_word' id='word_1_157' title='bbox 1134 2314 1348 2379; x_wconf 68' lang='lat' dir='ltr'>Ariobarzani</span> 
     </span>
     <span class='ocr_line' id='line_1_21' title="bbox 274 2414 1349 2507; baseline 0.003 -28"><span class='ocrx_word' id='word_1_158' title='bbox 274 2438 378 2502; x_wconf 87' lang='lat' dir='ltr'>quum</span> <span class='ocrx_word' id='word_1_159' title='bbox 395 2414 553 2493; x_wconf 87' lang='lat' dir='ltr'>dedisset,</span> <span class='ocrx_word' id='word_1_160' title='bbox 572 2415 634 2480; x_wconf 90' lang='lat' dir='ltr'>sub</span> <span class='ocrx_word' id='word_1_161' title='bbox 653 2416 722 2496; x_wconf 87' lang='lat' dir='ltr'>ejus</span> <span class='ocrx_word' id='word_1_162' title='bbox 744 2416 888 2507; x_wconf 86' lang='lat' dir='ltr'>pignoris</span> <span class='ocrx_word' id='word_1_163' title='bbox 909 2414 1027 2482; x_wconf 83' lang='lat' dir='ltr'>fiducia</span> <span class='ocrx_word' id='word_1_164' title='bbox 1047 2440 1114 2482; x_wconf 90' lang='lat' dir='ltr'>non</span> <span class='ocrx_word' id='word_1_165' title='bbox 1134 2416 1250 2500; x_wconf 92' lang='lat' dir='ltr'>modo,</span> <span class='ocrx_word' id='word_1_166' title='bbox 1273 2440 1349 2504; x_wconf 78' lang='lat' dir='ltr'>quac</span> 
     </span>
     <span class='ocr_line' id='line_1_22' title="bbox 274 2515 1347 2608; baseline 0.004 -28"><span class='ocrx_word' id='word_1_167' title='bbox 274 2515 432 2598; x_wconf 85' lang='lat' dir='ltr'>habebat,</span> <span class='ocrx_word' id='word_1_168' title='bbox 446 2539 509 2606; x_wconf 91' lang='lat' dir='ltr'>per</span> <span class='ocrx_word' id='word_1_169' title='bbox 525 2517 762 2606; x_wconf 86' lang='lat' dir='ltr'>Cappadociam</span> <span class='ocrx_word' id='word_1_170' title='bbox 782 2517 928 2605; x_wconf 72' lang='lat' dir='ltr'>presidia</span> <span class='ocrx_word' id='word_1_171' title='bbox 951 2519 1102 2601; x_wconf 91' lang='lat' dir='ltr'>retinuit,</span> <span class='ocrx_word' id='word_1_172' title='bbox 1127 2519 1185 2585; x_wconf 87' lang='lat' dir='ltr'>scd</span> <span class='ocrx_word' id='word_1_173' title='bbox 1206 2519 1347 2608; x_wconf 85' lang='lat' dir='ltr'>insuper</span> 
     </span>
     <span class='ocr_line' id='line_1_23' title="bbox 275 2616 1011 2684; baseline 0.007 -5"><span class='ocrx_word' id='word_1_174' title='bbox 275 2616 414 2680; x_wconf 89' lang='lat' dir='ltr'>aliorum</span> <span class='ocrx_word' id='word_1_175' title='bbox 430 2618 579 2682; x_wconf 89' lang='lat' dir='ltr'>locorum</span> <span class='ocrx_word' id='word_1_176' title='bbox 597 2620 807 2683; x_wconf 89' lang='lat' dir='ltr'>concessione</span> <span class='ocrx_word' id='word_1_177' title='bbox 823 2635 937 2683; x_wconf 88' lang='lat' dir='ltr'>auctus</span> <span class='ocrx_word' id='word_1_178' title='bbox 953 2635 1011 2684; x_wconf 92' lang='lat' dir='ltr'>est.</span> 
     </span>
    </p>

    <p class='ocr_par' dir='ltr' id='par_1_4' title="bbox 226 2719 1351 3927">
     <span class='ocr_line' id='line_1_24' title="bbox 319 2719 1350 2809; baseline 0.005 -26"><span class='ocrx_word' id='word_1_179' title='bbox 319 2720 424 2784; x_wconf 84' lang='lat' dir='ltr'><strong>XVII.</strong></span> <span class='ocrx_word' id='word_1_180' title='bbox 440 2721 582 2809; x_wconf 89' lang='lat' dir='ltr'>Epulum</span> <span class='ocrx_word' id='word_1_181' title='bbox 601 2719 721 2785; x_wconf 87' lang='lat' dir='ltr'>deinde</span> <span class='ocrx_word' id='word_1_182' title='bbox 736 2722 902 2785; x_wconf 72' lang='lat' dir='ltr'>celebratae</span> <span class='ocrx_word' id='word_1_183' title='bbox 916 2722 1051 2786; x_wconf 85' lang='lat' dir='ltr'>luxuriae</span> <span class='ocrx_word' id='word_1_184' title='bbox 1064 2722 1217 2786; x_wconf 90' lang='lat' dir='ltr'>omnibus</span> <span class='ocrx_word' id='word_1_185' title='bbox 1234 2721 1350 2804; x_wconf 77' lang='lat' dir='ltr'>dedit3</span> 
     </span>
     <span class='ocr_line' id='line_1_25' title="bbox 226 2821 1351 2913; baseline 0.004 -29"><span class='ocrx_word' id='word_1_186' title='bbox 226 2859 229 2866; x_wconf 94' lang='lat'>-</span> <span class='ocrx_word' id='word_1_187' title='bbox 277 2842 352 2884; x_wconf 88' lang='lat' dir='ltr'>nam</span> <span class='ocrx_word' id='word_1_188' title='bbox 366 2836 400 2885; x_wconf 90' lang='lat' dir='ltr'>et</span> <span class='ocrx_word' id='word_1_189' title='bbox 410 2823 541 2910; x_wconf 71' lang='lat' dir='ltr'>praemia</span> <span class='ocrx_word' id='word_1_190' title='bbox 551 2823 740 2911; x_wconf 88' lang='lat' dir='ltr'>proposuit,</span> <span class='ocrx_word' id='word_1_191' title='bbox 757 2837 882 2886; x_wconf 89' lang='lat' dir='ltr'>certum</span> <span class='ocrx_word' id='word_1_192' title='bbox 894 2823 965 2886; x_wconf 89' lang='lat' dir='ltr'>auri</span> <span class='ocrx_word' id='word_1_193' title='bbox 976 2821 1124 2911; x_wconf 90' lang='lat' dir='ltr'>pondus,</span> <span class='ocrx_word' id='word_1_194' title='bbox 1142 2824 1189 2904; x_wconf 91' lang='lat' dir='ltr'>ei,</span> <span class='ocrx_word' id='word_1_195' title='bbox 1207 2825 1266 2912; x_wconf 86' lang='lat' dir='ltr'>qui</span> <span class='ocrx_word' id='word_1_196' title='bbox 1277 2825 1351 2913; x_wconf 89' lang='lat' dir='ltr'>plu·</span> 
     </span>
     <span class='ocr_line' id='line_1_26' title="bbox 276 2914 1348 3011; baseline 0.006 -27"><span class='ocrx_word' id='word_1_197' title='bbox 276 2923 397 2986; x_wconf 81' lang='lat' dir='ltr'>simum</span> <span class='ocrx_word' id='word_1_198' title='bbox 414 2923 566 3005; x_wconf 86' lang='lat' dir='ltr'>bibisset,</span> <span class='ocrx_word' id='word_1_199' title='bbox 584 2914 758 3006; x_wconf 81' lang='lat' dir='ltr'>edissetvc,</span> <span class='ocrx_word' id='word_1_200' title='bbox 778 2923 875 3011; x_wconf 85' lang='lat' dir='ltr'>quive</span> <span class='ocrx_word' id='word_1_201' title='bbox 893 2922 1113 2988; x_wconf 86' lang='lat' dir='ltr'>dicacissimus</span> <span class='ocrx_word' id='word_1_202' title='bbox 1131 2923 1245 2988; x_wconf 83' lang='lat' dir='ltr'>fuisset</span> <span class='ocrx_word' id='word_1_203' title='bbox 1255 2925 1348 3004; x_wconf 84' lang='lat' dir='ltr'>judi-</span> 
     </span>
     <span class='ocr_line' id='line_1_27' title="bbox 276 3023 1350 3114; baseline 0.006 -28"><span class='ocrx_word' id='word_1_204' title='bbox 276 3039 384 3105; x_wconf 91' lang='lat' dir='ltr'>catus,</span> <span class='ocrx_word' id='word_1_205' title='bbox 401 3040 458 3087; x_wconf 89' lang='lat' dir='ltr'>aut</span> <span class='ocrx_word' id='word_1_206' title='bbox 471 3041 584 3089; x_wconf 89' lang='lat' dir='ltr'>cantus</span> <span class='ocrx_word' id='word_1_207' title='bbox 602 3026 781 3089; x_wconf 87' lang='lat' dir='ltr'>aliorumve</span> <span class='ocrx_word' id='word_1_208' title='bbox 797 3023 997 3089; x_wconf 89' lang='lat' dir='ltr'>ludicrorum</span> <span class='ocrx_word' id='word_1_209' title='bbox 1013 3025 1129 3114; x_wconf 87' lang='lat' dir='ltr'>peritia</span> <span class='ocrx_word' id='word_1_210' title='bbox 1141 3041 1273 3090; x_wconf 78' lang='lat' dir='ltr'>caeteros</span> <span class='ocrx_word' id='word_1_211' title='bbox 1295 3051 1350 3092; x_wconf 79' lang='lat' dir='ltr'>ex-</span> 
     </span>
     <span class='ocr_line' id='line_1_28' title="bbox 276 3126 1346 3216; baseline 0.005 -27"><span class='ocrx_word' id='word_1_212' title='bbox 276 3126 438 3190; x_wconf 86' lang='lat' dir='ltr'>celluisset</span> <span class='ocrx_word' id='word_1_213' title='bbox 463 3150 471 3191; x_wconf 95' lang='lat'><strong>:</strong></span> <span class='ocrx_word' id='word_1_214' title='bbox 496 3149 610 3192; x_wconf 86' lang='lat' dir='ltr'>eorum</span> <span class='ocrx_word' id='word_1_215' title='bbox 636 3127 845 3214; x_wconf 72' lang='lat' dir='ltr'>premiorum</span> <span class='ocrx_word' id='word_1_216' title='bbox 869 3127 1019 3190; x_wconf 90' lang='lat' dir='ltr'>omnium</span> <span class='ocrx_word' id='word_1_217' title='bbox 1044 3127 1151 3190; x_wconf 84' lang='lat' dir='ltr'>solum</span> <span class='ocrx_word' id='word_1_218' title='bbox 1179 3145 1346 3216; x_wconf 87' lang='lat' dir='ltr'>expertem</span> 
     </span>
     <span class='ocr_line' id='line_1_29' title="bbox 277 3226 1350 3293; baseline 0.003 -3"><span class='ocrx_word' id='word_1_219' title='bbox 277 3226 376 3291; x_wconf 79' lang='lat' dir='ltr'>fuisse</span> <span class='ocrx_word' id='word_1_220' title='bbox 390 3228 566 3292; x_wconf 90' lang='lat' dir='ltr'>Gabinium</span> <span class='ocrx_word' id='word_1_221' title='bbox 583 3229 741 3292; x_wconf 80' lang='lat' dir='ltr'>scribunt</span> <span class='ocrx_word' id='word_1_222' title='bbox 761 3230 838 3292; x_wconf 81' lang='lat' dir='ltr'>Haec</span> <span class='ocrx_word' id='word_1_223' title='bbox 857 3228 967 3292; x_wconf 91' lang='lat' dir='ltr'>omnia</span> <span class='ocrx_word' id='word_1_224' title='bbox 986 3227 1069 3290; x_wconf 88' lang='lat' dir='ltr'>nibil</span> <span class='ocrx_word' id='word_1_225' title='bbox 1089 3227 1211 3291; x_wconf 88' lang='lat' dir='ltr'>habent</span> <span class='ocrx_word' id='word_1_226' title='bbox 1232 3229 1350 3293; x_wconf 86' lang='lat' dir='ltr'>trium-</span> 
     </span>
     <span class='ocr_line' id='line_1_30' title="bbox 277 3327 1349 3418; baseline 0.002 -26"><span class='ocrx_word' id='word_1_227' title='bbox 277 3329 345 3416; x_wconf 93' lang='lat' dir='ltr'>pho</span> <span class='ocrx_word' id='word_1_228' title='bbox 361 3328 517 3418; x_wconf 88' lang='lat' dir='ltr'>dignum:</span> <span class='ocrx_word' id='word_1_229' title='bbox 542 3353 645 3417; x_wconf 89' lang='lat' dir='ltr'>quum</span> <span class='ocrx_word' id='word_1_230' title='bbox 663 3345 772 3394; x_wconf 87' lang='lat' dir='ltr'>tamen</span> <span class='ocrx_word' id='word_1_231' title='bbox 790 3330 952 3394; x_wconf 89' lang='lat' dir='ltr'>honorem</span> <span class='ocrx_word' id='word_1_232' title='bbox 975 3327 1067 3392; x_wconf 92' lang='lat' dir='ltr'>illum</span> <span class='ocrx_word' id='word_1_233' title='bbox 1088 3328 1175 3392; x_wconf 88' lang='lat' dir='ltr'>Sulla</span> <span class='ocrx_word' id='word_1_234' title='bbox 1191 3327 1282 3393; x_wconf 87' lang='lat' dir='ltr'>hand</span> <span class='ocrx_word' id='word_1_235' title='bbox 1299 3345 1349 3394; x_wconf 89' lang='lat' dir='ltr'>te·</span> 
     </span>
     <span class='ocr_line' id='line_1_31' title="bbox 278 3427 1349 3513; baseline 0.005 -23"><span class='ocrx_word' id='word_1_236' title='bbox 278 3451 384 3509; x_wconf 89' lang='lat' dir='ltr'>mere,</span> <span class='ocrx_word' id='word_1_237' title='bbox 404 3430 467 3493; x_wconf 90' lang='lat' dir='ltr'>nisi</span> <span class='ocrx_word' id='word_1_238' title='bbox 487 3427 621 3506; x_wconf 87' lang='lat' dir='ltr'>merito,</span> <span class='ocrx_word' id='word_1_239' title='bbox 638 3430 790 3493; x_wconf 87' lang='lat' dir='ltr'>tribuisse</span> <span class='ocrx_word' id='word_1_240' title='bbox 805 3428 970 3513; x_wconf 83' lang='lat' dir='ltr'>videatur3</span> <span class='ocrx_word' id='word_1_241' title='bbox 991 3446 1025 3494; x_wconf 90' lang='lat' dir='ltr'>et</span> <span class='ocrx_word' id='word_1_242' title='bbox 1040 3429 1219 3494; x_wconf 86' lang='lat' dir='ltr'>Muraenam</span> <span class='ocrx_word' id='word_1_243' title='bbox 1235 3431 1349 3497; x_wconf 86' lang='lat' dir='ltr'>fortis-</span> 
     </span>
     <span class='ocr_line' id='line_1_32' title="bbox 278 3531 1349 3620; baseline 0.003 -26"><span class='ocrx_word' id='word_1_244' title='bbox 278 3531 399 3594; x_wconf 85' lang='lat' dir='ltr'>simum</span> <span class='ocrx_word' id='word_1_245' title='bbox 409 3531 532 3612; x_wconf 81' lang='lat' dir='ltr'>virum,</span> <span class='ocrx_word' id='word_1_246' title='bbox 547 3553 780 3619; x_wconf 90' lang='lat' dir='ltr'>summumque</span> <span class='ocrx_word' id='word_1_247' title='bbox 792 3532 1039 3620; x_wconf 87' lang='lat' dir='ltr'>imperatorem,</span> <span class='ocrx_word' id='word_1_248' title='bbox 1056 3531 1209 3596; x_wconf 86' lang='lat' dir='ltr'>audiente</span> <span class='ocrx_word' id='word_1_249' title='bbox 1223 3535 1349 3620; x_wconf 93' lang='lat' dir='ltr'>populo</span> 
     </span>
     <span class='ocr_line' id='line_1_33' title="bbox 279 3633 1348 3722; baseline 0.005 -29"><span class='ocrx_word' id='word_1_250' title='bbox 279 3653 435 3713; x_wconf 88' lang='lat' dir='ltr'>romano,</span> <span class='ocrx_word' id='word_1_251' title='bbox 452 3633 636 3698; x_wconf 82' lang='lat' dir='ltr'>M.&#39;I&#39;ullius</span> <span class='ocrx_word' id='word_1_252' title='bbox 654 3633 887 3722; x_wconf 62' lang='lat' dir='ltr'>praedicaverim</span> <span class='ocrx_word' id='word_1_253' title='bbox 910 3657 978 3698; x_wconf 91' lang='lat' dir='ltr'>non</span> <span class='ocrx_word' id='word_1_254' title='bbox 994 3634 1131 3714; x_wconf 90' lang='lat' dir='ltr'>dubito,</span> <span class='ocrx_word' id='word_1_255' title='bbox 1150 3634 1252 3698; x_wconf 87' lang='lat' dir='ltr'>multa</span> <span class='ocrx_word' id='word_1_256' title='bbox 1271 3659 1348 3699; x_wconf 89' lang='lat' dir='ltr'>eum</span> 
     </span>
     <span class='ocr_line' id='line_1_34' title="bbox 278 3733 1349 3825; baseline 0.007 -30"><span class='ocrx_word' id='word_1_257' title='bbox 278 3733 427 3820; x_wconf 81' lang='lat' dir='ltr'>praeclara</span> <span class='ocrx_word' id='word_1_258' title='bbox 442 3735 477 3796; x_wconf 94' lang='lat' dir='ltr'>in</span> <span class='ocrx_word' id='word_1_259' title='bbox 488 3734 689 3823; x_wconf 89' lang='lat' dir='ltr'>Cappadocia</span> <span class='ocrx_word' id='word_1_260' title='bbox 701 3735 875 3823; x_wconf 91' lang='lat' dir='ltr'>Pontoque</span> <span class='ocrx_word' id='word_1_261' title='bbox 889 3737 1042 3825; x_wconf 86' lang='lat' dir='ltr'>gessisse,</span> <span class='ocrx_word' id='word_1_262' title='bbox 1060 3735 1165 3800; x_wconf 91' lang='lat' dir='ltr'>donec</span> <span class='ocrx_word' id='word_1_263' title='bbox 1179 3759 1197 3800; x_wconf 90' lang='lat' dir='ltr'>a</span> <span class='ocrx_word' id='word_1_264' title='bbox 1212 3737 1248 3800; x_wconf 89' lang='lat' dir='ltr'>L.</span> <span class='ocrx_word' id='word_1_265' title='bbox 1260 3737 1349 3802; x_wconf 90' lang='lat' dir='ltr'>Sulla</span> 
     </span>
     <span class='ocr_line' id='line_1_35' title="bbox 279 3836 1351 3927; baseline 0.004 -29"><span class='ocrx_word' id='word_1_266' title='bbox 279 3852 466 3918; x_wconf 82' lang='lat' dir='ltr'>revocatus,</span> <span class='ocrx_word' id='word_1_267' title='bbox 480 3836 595 3901; x_wconf 90' lang='lat' dir='ltr'>tradita</span> <span class='ocrx_word' id='word_1_268' title='bbox 609 3837 655 3902; x_wconf 88' lang='lat' dir='ltr'>M.</span> <span class='ocrx_word' id='word_1_269' title='bbox 665 3838 813 3902; x_wconf 89' lang='lat' dir='ltr'>Minucio</span> <span class='ocrx_word' id='word_1_270' title='bbox 829 3839 1010 3927; x_wconf 84' lang='lat' dir='ltr'>provincia,</span> <span class='ocrx_word' id='word_1_271' title='bbox 1026 3841 1164 3902; x_wconf 88' lang='lat' dir='ltr'>Romam</span> <span class='ocrx_word' id='word_1_272' title='bbox 1179 3837 1221 3902; x_wconf 93' lang='lat' dir='ltr'>ad</span> <span class='ocrx_word' id='word_1_273' title='bbox 1235 3839 1351 3902; x_wconf 89' lang='lat' dir='ltr'>trium·</span> 
     </span>
    </p>
   </div>
   <div class='ocr_carea' id='block_1_3' title="bbox 276 4045 1349 4198">
    <p class='ocr_par' dir='ltr' id='par_1_5' title="bbox 276 4045 1349 4198">
     <span class='ocr_line' id='line_1_36' title="bbox 311 4045 1349 4118; baseline 0.001 -21"><span class='ocrx_word' id='word_1_274' title='bbox 311 4045 329 4112; x_wconf 74' lang='lat' dir='ltr'>s</span> <span class='ocrx_word' id='word_1_275' title='bbox 342 4050 399 4097; x_wconf 75' lang='lat' dir='ltr'>XV.</span> <span class='ocrx_word' id='word_1_276' title='bbox 413 4051 509 4112; x_wconf 76' lang='lat' dir='ltr'>Fragm.</span> <span class='ocrx_word' id='word_1_277' title='bbox 520 4049 628 4114; x_wconf 75' lang='lat' dir='ltr'>Capitol.</span> <span class='ocrx_word' id='word_1_278' title='bbox 641 4076 675 4088; x_wconf 89' lang='lat'><em>-</em></span> <span class='ocrx_word' id='word_1_279' title='bbox 691 4049 753 4098; x_wconf 79' lang='lat' dir='ltr'>Plio.</span> <span class='ocrx_word' id='word_1_280' title='bbox 765 4051 893 4108; x_wconf 73' lang='lat' dir='ltr'>xxxta,</span> <span class='ocrx_word' id='word_1_281' title='bbox 906 4065 927 4098; x_wconf 87' lang='lat' dir='ltr'>r.</span> <span class='ocrx_word' id='word_1_282' title='bbox 945 4077 979 4090; x_wconf 87' lang='lat'>-·-</span> <span class='ocrx_word' id='word_1_283' title='bbox 994 4048 1009 4114; x_wconf 73' lang='lat' dir='ltr'>S</span> <span class='ocrx_word' id='word_1_284' title='bbox 1022 4051 1092 4098; x_wconf 80' lang='lat' dir='ltr'>xvt.</span> <span class='ocrx_word' id='word_1_285' title='bbox 1112 4050 1177 4098; x_wconf 71' lang='lat' dir='ltr'>rtur.</span> <span class='ocrx_word' id='word_1_286' title='bbox 1189 4077 1225 4088; x_wconf 89' lang='lat'>—</span> <span class='ocrx_word' id='word_1_287' title='bbox 1238 4051 1349 4118; x_wconf 76' lang='lat' dir='ltr'>Appiau</span> 
     </span>
     <span class='ocr_line' id='line_1_37' title="bbox 276 4132 535 4198; baseline 0.019 -20"><span class='ocrx_word' id='word_1_288' title='bbox 276 4160 311 4169; x_wconf 93' lang='grc'>-</span> <span class='ocrx_word' id='word_1_289' title='bbox 323 4135 416 4198; x_wconf 77' lang='lat' dir='ltr'>I&#39;ragm.</span> <span class='ocrx_word' id='word_1_290' title='bbox 427 4132 535 4198; x_wconf 86' lang='lat' dir='ltr'>Capitol.</span> 
     </span>
    </p>
   </div>
   <div class='ocr_carea' id='block_1_4' title="bbox 0 0 1451 4900">
    <p class='ocr_par' dir='ltr' id='par_1_6' title="bbox 0 0 1451 4900">
     <span class='ocr_line' id='line_1_38' title="bbox 0 0 1451 4900; baseline 0 0"><span class='ocrx_word' id='word_1_291' title='bbox 0 0 1451 4900; x_wconf 95' lang='lat' dir='ltr'> </span> 
     </span>
    </p>
   </div>
  </div>
 </body>
</html>
