2875 4900
287 368 356 462 278
460 369 888 437 JO.FRE1NSHEMII
920 367 1163 436 SUPPLEM.

327 487 382 549 1v.
407 487 469 550 lles
483 509 664 575 prosperae,
683 503 720 551 ut
736 489 871 569 assolet,
891 488 999 552 statim
1013 489 1208 552 invenerunt
1221 489 1343 568 socios,

285 587 445 674 multique
462 604 623 677 pastores,
639 588 759 654 durum
774 604 807 652 et
820 590 933 678 pernix
949 609 1072 678 genus,
1088 603 1293 652 accesserum
1305 587 1344 650 ad

261 709 266 717 ·
284 703 562 774 partes3quorum
573 689 834 754 robustissimum
842 711 1007 777 quemque
1015 689 1148 752 armavit
1156 689 1344 776 Spartacus,

283 789 425 875 reliquos
442 806 688 853 antecursorum
706 808 739 854 et
750 790 884 856 velitum
901 811 1039 853 numero
1058 763 1182 852 habuii„
1202 788 1344 852 Servitiis

284 887 403 952 deinde
426 890 659 978 ergastulisque
680 892 870 972 concitatis,
888 913 990 978 quum
1012 891 1157 954 celeriter
1175 889 1216 953 ad
1237 891 1345 953 homi·

287 1012 368 1053 num
384 990 484 1054 millia
498 989 611 1056 decem
629 993 819 1074 misissent,
838 992 927 1081 quod
942 1014 1108 1056 armorum
1128 1007 1196 1056 erat
1216 991 1345 1079 inopia,

286 1106 377 1154 scuta
395 1113 434 1155 ex
454 1093 573 1157 vimine
596 1094 705 1176 dedit,
724 1111 856 1182 eratque
875 1096 902 1158 is
918 1095 1018 1158 facilis
1040 1093 1132 1158 labor
1149 1093 1252 1157 solitis
1272 1115 1346 1156 vasa

283 1193 417 1280 agrestia
429 1215 469 1256 ex
484 1193 659 1259 viminibus
674 1211 824 1276 nectere3
837 1211 871 1260 et
886 1217 1088 1283 unoquoque
1102 1215 1137 1258 se
1150 1194 1192 1257 ad
1208 1215 1282 1257 eam
1298 1216 1345 1256 an·

285 1308 352 1354 tem
365 1292 400 1356 in
414 1294 551 1358 formam
565 1298 723 1383 equestris
733 1319 850 1386 parmae
861 1313 1025 1376 armante,
1038 1297 1185 1360 celeriter
1199 1295 1346 1358 conlecta

285 1413 336 1454 res
358 1409 431 1458 est:
455 1401 532 1458 mox
554 1400 699 1461 mactatis
722 1399 913 1486 pecoribus,
941 1419 1067 1487 parmas
1094 1397 1344 1484 cooperiebant,

285 1515 388 1580 quum
398 1496 492 1592 ¹coria
512 1519 623 1562 recens
641 1497 800 1581 detracta,
818 1501 908 1587 quasi
925 1499 1050 1590 glutino
1068 1495 1345 1560 adhaerescerent:

286 1593 373 1659 ferro
384 1594 459 1660 dein
472 1599 706 1687 ergastulorum
719 1617 867 1683 recocto,
879 1600 1001 1691 gladios
1012 1623 1049 1664 ac
1061 1599 1124 1662 tela
1135 1597 1344 1662 fabricabant.

286 1695 345 1760 His
358 1697 457 1760 rebus
473 1699 624 1765 festinare
638 1719 769 1766 coactus
783 1703 819 1766 P.
832 1703 983 1768 Varinius
999 1718 1133 1791 pretor,
1147 1700 1199 1763 cui
1216 1715 1345 1762 senatus

286 1799 454 1888 negotium
471 1817 559 1866 extra
580 1803 728 1868 ordinem
746 1803 894 1882 dederat,
913 1827 988 1868 cnm
1003 1805 1092 1884 justo
1108 1801 1272 1880 exercitu,
1291 1799 1346 1864 sed

285 1902 496 1967 tumultuarie
511 1906 713 1994 conscripto,
732 1905 872 1972 advenit.

330 2000 369 2063 V.
392 2001 457 2066 Sed
471 2003 612 2091 legatum
628 2007 696 2095 ejus
712 2008 847 2071 Furium
863 2029 938 2072 cum
957 2006 1087 2070 duobus
1104 2003 1246 2067 millibus
1262 2003 1346 2066 mili-

286 2117 357 2165 tum
369 2105 569 2190 prarmissum
584 2129 603 2169 a
616 2123 772 2194 praetore,
789 2108 857 2171 acie
867 2107 1029 2196 congressi
1041 2105 1167 2194 fugitivi
1179 2101 1345 2168 fuderunt.
1375 2125 1379 2134 ’

285 2201 361 2284 Qua
369 2203 502 2266 victoria
510 2206 561 2268 usi
571 2208 683 2272 sterius
695 2209 792 2271 etism
803 2209 1017 2296 infestiusque
1027 2223 1128 2271 totam
1139 2206 1346 2292 Campaniam

284 2303 447 2391 pervagati
460 2319 558 2366 sunt:
574 2327 635 2368 nec
647 2306 795 2370 villarum
809 2323 907 2394 atque
916 2309 1067 2371 nieorum
1081 2306 1260 2369 vastatione
1273 2327 1349 2369 con·

286 2402 383 2482 tenti,
404 2404 539 2485 Coram,
560 2405 753 2489 Nuceriam,
777 2424 809 2473 et
831 2431 902 2495 quae
923 2407 1067 2472 romanis
1086 2406 1280 2471 exercitibus
1299 2422 1348 2471 tot

287 2524 346 2589 per
359 2525 462 2567 annos
475 2507 633 2571 restiterat
644 2508 778 2589 Nolam,
790 2508 963 2573 crudeliter
973 2508 1232 2596 populabantur:
1250 2508 1349 2569 nacti-

287 2625 353 2690 que
369 2607 563 2687 nonnull0s‚
580 2608 702 2695 quibus
716 2610 853 2673 maxime
867 2610 984 2673 infensi
998 2624 1106 2689 erant,
1121 2628 1235 2671 eorum
1251 2608 1347 2670 morti

287 2705 464 2770 nefandum
479 2708 512 2771 in
528 2708 664 2773 modum
679 2710 876 2791 illudebant,
890 2712 993 2774 lacera
1005 2732 1157 2797 corpora,
1171 2707 1228 2772 sed
1240 2708 1349 2771 adhuc

287 2808 458 2894 spirantia,
480 2834 521 2875 ne
542 2813 606 2874 cito
628 2810 741 2875 dolore
764 2810 1038 2901 defungerentur,
1062 2811 1258 2874 omittentes.
1284 2809 1348 2873 Alii

286 2909 320 2969 in
340 2924 422 2973 reeta
439 2910 599 2989 jaciebant
618 2914 730 3001 ignes,
749 2914 909 3000 multique
929 2936 967 2977 ex
989 2912 1086 2991 locis,
1103 2932 1175 2997 quae
1192 2926 1349 2997 occupata

288 3024 397 3088 erant,
412 3011 515 3091 servi,
532 3034 615 3099 quos
637 3012 806 3101 ingenium
829 3014 933 3079 socios
950 3012 1066 3094 dabat,
1084 3010 1193 3076 abdita
1211 3034 1230 3075 a
1246 3010 1350 3074 domi·

289 3106 358 3187 nis,
371 3125 427 3173 aut
440 3110 527 3197 ipsos
541 3112 712 3178 trabebant
724 3138 763 3178 ex
776 3116 922 3195 occult03
939 3136 1045 3202 neque
1058 3129 1206 3177 sanetum
1219 3128 1276 3175 aut
1289 3136 1349 3177 ne·

289 3207 424 3273 fandum
441 3212 618 3301 quidquam
635 3215 698 3277 fuit
714 3216 770 3279 irre
784 3216 1012 3297 barbarorum,
1027 3230 1060 3279 et
1074 3212 1179 3279 servili
1195 3213 1350 3301 ingenio;

288 3328 476 3395 nequeunte
489 3316 662 3401 prohibere
673 3317 843 3403 Spartaco,
866 3338 1051 3404 quanquam
1069 3314 1178 3378 multis
1196 3314 1349 3401 precibus

287 3426 403 3474 timet.

330 3508 384 3572 Vl.
405 3510 522 3600 Igitur,
541 3532 579 3579 ut
591 3516 653 3579 alio
667 3518 803 3581 consilio
823 3540 878 3582 eos
896 3519 937 3583 ab
953 3520 1013 3583 hac
1029 3518 1228 3581 immanitate
1241 3516 1349 3580 abdu-

286 3624 392 3690 ceret,
415 3611 578 3700 simulque
599 3616 756 3681 adventus
779 3620 828 3683 sui
854 3621 1016 3684 celeritate
1039 3633 1242 3707 preverteret
1261 3640 1350 3681 nun-

288 3708 372 3792 tios,
391 3712 506 3800 raptim
529 3716 563 3777 in
588 3717 761 3783 Lucaniam
789 3719 895 3785 ductis
920 3721 1042 3808 copiis,
1066 3718 1271 3799 Cossinium,
1292 3718 1350 3805 qui

319 3943 395 4007 siv.
409 3946 492 3993 Front.
506 3948 578 3995 strat.
591 3949 616 4007 1,
633 3964 657 4009 7.
671 3976 707 3985 -
722 3950 784 3999 nor.
801 3978 834 3987 -
858 3951 980 3999 Plutarch.
998 3978 1033 3989 -·
1046 3950 1099 3999 Lis.
1112 3952 1177 4015 Epit.
1197 3976 1231 3986 -
1249 3948 1349 3997 Sallust.

286 4027 351 4077 llist.
360 4028 405 4075 tv.
419 4056 453 4065 -
469 4028 486 4093 ς
498 4032 529 4077 V.
542 4030 607 4080 Ι·“1οι·.
623 4058 659 4069 -
669 4032 767 4083 tanum
781 4038 876 4100 Fragm.
887 4050 918 4083 ex
927 4034 1046 4083 biblioth.
1058 4034 1119 4098 lieg-
1128 4031 1222 4079 -lin
1236 4032 1303 4099 llpit.
1316 4056 1349 4069 -

287 4112 393 4175 Appian.
403 4112 456 4162 etv.
470 4114 513 4164 lib.
524 4117 544 4163 1.
556 4144 590 4152 -
601 4115 722 4169 Plumea.
