2875 4900
196 361 714 433 sensumsensurn
740 364 855 434 noc.
875 367 975 433 tra.
998 365 1077 435 cx.
1116 364 1187 464 677

111 479 305 570 Sipontique
318 481 461 572 singulas
475 483 620 573 legiones
632 485 818 567 collocarit,
831 484 873 550 ad
888 487 1068 551 maritimos
1083 489 1188 554 exitus

96 583 337 672 'adventusque
356 585 555 650 claudendus
572 609 580 650 ε
599 587 668 675 ipse
682 588 927 676 quamprimum
942 589 977 652 in
988 589 1111 654 Urbem
1126 591 1186 656 de-

111 706 243 749 currere
261 685 391 768 statuit,
408 686 466 751 ubi
483 688 550 768 jam
572 688 668 770 olim,
691 704 730 752 ut
750 711 849 777 quam
868 689 1001 776 plurimi
1020 708 1186 757 senatores

110 802 237 869 essent,
255 788 345 852 enise
361 789 592 871 contenderat,
615 814 683 879 quo
703 791 860 854 nimirum
882 792 1021 880 speciem
1043 794 1185 881 aliquam

110 889 312 954 auctoritatis
330 891 468 980 publicae
480 891 547 955 suis
563 893 662 955 armis
678 891 914 975 circumdaret3
932 913 971 955 ea
991 915 1027 956 re
1043 895 1187 980 perfecta

110 991 319 1079 profecturus
334 993 368 1056 in
389 992 596 1081 Hispaniam,
622 1007 658 1056 ut
677 1005 814 1057 veterem
834 994 979 1081 Pompeii
991 997 1183 1076 exereitum,

110 1091 391 1180 quemadmodum
411 1094 498 1157 inter
519 1115 597 1158 suos
617 1110 686 1158 erat
705 1095 891 1182 professus,
912 1095 1012 1159 donec
1028 1099 1185 1160 esseutiae

109 1193 204 1274 duce,
228 1197 416 1282 opprimeret
422 1220 436 1276 ;
457 1195 530 1259 iude
551 1217 725 1260 reversurus
742 1195 790 1258 od
808 1196 921 1260 ducem
943 1200 1009 1260 stite
1031 1200 1182 1263 exercitu.

107 1294 172 1360 Sed
188 1311 226 1360 ut
242 1296 289 1360 rei
302 1297 521 1362 frumentariae
536 1296 740 1386 provideret,
758 1295 828 1360 duo
845 1298 943 1361 Italiae
958 1297 1093 1381 horrea,
1110 1299 1184 1362 San

107 1396 231 1462 diniam
245 1421 263 1462 a
281 1399 322 1482 Q
329 1399 459 1463 Valerio
472 1399 597 1489 legato,
613 1399 753 1464 Siciliam
770 1422 789 1463 a
802 1399 946 1463 Curione
961 1400 1116 1488 occupari
1127 1401 1182 1480 ju·

107 1497 183 1582 bet;
205 1521 348 1588 quorum
363 1500 492 1565 Valerio
514 1501 676 1592 legionem
700 1521 819 1582 unam,
843 1501 980 1565 Curioni
1003 1518 1069 1567 tres
1089 1504 1183 1567 attri-

106 1600 233 1665 buerat.

150 1701 194 1765 11.
212 1701 310 1766 Hunc
332 1703 420 1767 enim
438 1719 654 1792 propraetore
674 1702 842 1785 mittebat,
861 1722 937 1766 cum
958 1725 1014 1766 sex
1038 1703 1181 1771 fascibus

105 1803 273 1886 laureatis,
295 1821 328 1869 et
347 1805 518 1888 mandato,
537 1821 667 1894 recepta
690 1805 796 1870 Sicilia
815 1803 967 1893 protinus
987 1803 1022 1866 in
1040 1804 1180 1871 Africam

106 1906 359 1971 transmittendi.
372 1908 430 1971 His
443 1907 542 1972 rebus
554 1905 690 1988 auditis,
703 1907 895 1995 priusquam
907 1904 1020 1968 venire
1030 1905 1181 1972 Valerius

104 2005 140 2069 in
158 2007 338 2072 Sardiniam
361 2025 489 2099 posset,
507 2009 681 2074 Caralitani
703 2011 750 2074 M.
769 2010 917 2095 Cottam,
935 2007 993 2094 qui
1010 2029 1081 2070 eam
1099 2029 1179 2094 pro·

103 2107 244 2173 vinciam
272 2109 457 2192 obtinebat,
481 2109 605 2199 oppido
631 2133 693 2175 suo
718 2110 873 2190 ejiciunt3
896 2124 994 2196 atque
1012 2107 1084 2189 ille,
1104 2109 1181 2173 Sar·

103 2207 224 2274 dorum
246 2226 356 2276 mente
374 2213 520 2302 cognita,
542 2213 650 2276 statim
670 2213 704 2276 in
728 2213 868 2276 Africam
887 2211 1044 2300 profugit.
1064 2211 1179 2276 Siciliae

103 2312 185 2376 Cato
199 2329 351 2401 praeerat,
366 2331 464 2402 atque
480 2314 638 2378 hactenus
651 2315 780 2402 egregie
795 2335 830 2377 sc
842 2311 1045 2400 compararat
1056 2310 1098 2375 ad
1113 2311 1180 2376 bel·

102 2412 192 2495 lum,
207 2413 366 2479 habendis
384 2415 418 2479 in
434 2415 540 2479 insula
553 2430 586 2479 et
597 2415 702 2480 vicina
716 2414 807 2479 Italia
820 2413 1018 2494 delectibus‚
1032 2429 1065 2477 et
1078 2412 1179 2479 classe

103 2514 327 2599 conficienda3
344 2518 387 2581 ita
407 2533 445 2581 ut
461 2540 533 2607 spes
550 2539 667 2607 magna
685 2534 788 2600 esset,
803 2516 907 2581 teneri
928 2516 1070 2581 Siciliam
1086 2518 1178 2582 nullo

102 2618 238 2706 negotio
261 2640 367 2705 posse.
388 2618 452 2683 Sed
474 2618 532 2683 ubi
552 2620 737 2708 praemissus
758 2618 890 2681 Asinius
908 2618 1012 2682 Pollio
1037 2618 1178 2683 interro·

102 2720 210 2807 ganti,
222 2734 370 2785 utrumne
379 2718 516 2801 senatus,
532 2745 576 2785 un
589 2744 667 2785 vero
673 2718 789 2809 populi
789 2718 885 2809 jussu
889 2767 900 2799 ,
915 2721 1074 2783 vcruksett'
1087 2742 1180 2783 man-

101 2820 183 2885 datu
198 2821 268 2911 ejus
283 2822 390 2886 adesse
406 2821 593 2912 respondit,
608 2824 667 2911 qui
677 2832 746 2886 tum
761 2820 892 2883 ltaliam
906 2819 1036 2883 haberet
1046 2822 1080 2883 iu
1086 2833 1178 2907 pota·

100 2934 193 3002 state,
204 2923 303 2987 simul
310 2924 457 3013 Pompeii
469 2924 590 3013 lugam,
602 2938 634 2987 et
643 2922 797 2987 Curionis
809 2920 972 2985 nuntiarit
980 2919 1175 2985 adrentum:

100 3042 164 3113 pro
181 3026 340 3090 concione
356 3025 516 3108 ostendit,
530 3028 607 3091 satis
619 3025 678 3089 sibi
690 3026 810 3088 vr'rritm
821 3044 884 3086 esse
896 3021 944 3084 ad
953 3020 1175 3110 expellendum

100 3123 215 3189 Sicilia
225 3124 402 3192 Pollionem
408 3152 421 3209 ;
433 3127 490 3191 sed
497 3129 575 3219 quia
588 3149 659 3190 cum
672 3124 748 3189 attis
758 3126 852 3213 copiis
864 3121 959 3187 Cun'o
968 3134 1174 3211 expectetur,

100 3250 134 3291 se
156 3230 304 3293 mnoxtos
325 3230 460 3294 adroso
482 3228 563 3293 bello
586 3227 818 3316 rbtplt'catumm
841 3246 905 3288 non
925 3245 987 3286 esse
1002 3246 1014 3285 :
1029 3236 1177 3287 caeterum

100 3330 215 3393 murari
226 3328 360 3394 consalin
377 3330 523 3409 deorum,
547 3342 579 3393 et
591 3326 765 3417 perplexas
784 3326 1003 3413 abstrusasque
1018 3328 1174 3405 mutones,

99 3430 160 3519 qui
172 3432 323 3520 Pompeio
343 3430 445 3496 multu
462 3452 567 3520 prava
585 3431 748 3518 incipienti
761 3450 879 3517 semper
888 3425 1069 3516 faut'ssent3
1090 3450 1176 3492 nuato

94 3556 157 3622 pro
186 3532 326 3600 libertate
346 3537 468 3623 patriae
483 3546 683 3623 pugnantem
709 3532 892 3596 desererent.
921 3529 1028 3593 Pauca
1052 3528 1172 3595 deinde

99 3652 236 3723 questus
250 3652 299 3701 est
312 3636 353 3701 de
370 3637 548 3725 Pompeio,
562 3637 621 3725 qui
631 3634 719 3698 rebus
736 3633 880 3697 omnibus
896 3632 1172 3720 imparatissimus,

133 3886 150 3953 s
162 3889 183 3935 1.
197 3886 230 3937 U.
240 3888 269 3937 G.
280 3888 343 3949 7033
354 3888 387 3937 A.
397 3888 425 3937 C.
436 3892 480 3951 sq.
492 3914 528 3925 --
540 3886 664 3935 Plutarch.
678 3885 704 3933 in
720 3886 807 3948 Pomp.
818 3894 843 3931 st
854 3882 917 3931 Cres.
930 3908 965 3918 -
978 3881 1043 3940 Dio,
1053 3880 1174 3929 lium.

98 3998 134 4009 -
148 3972 256 4037 Appisn.
272 3971 327 4021 Cir.
340 3970 385 4021 lib.
401 3973 435 4020 ll.
456 3998 491 4008 -
509 3972 555 4037 ep.
573 3970 635 4019 Caes.
651 3964 689 4037 adl
701 3968 755 4017 Cic.
773 3966 818 4015 lib.
834 3966 888 4027 113
905 3963 937 4012 ad
951 3965 1028 4013 stuc.
1044 3979 1085 4029 ep.
1100 3964 1131 4021 6,
1149 3975 1174 4011 et

26 4080 29 4097 ·
98 4072 138 4121 ep.
152 4054 260 4104 Balbist
272 4055 351 4121 Oppii
364 4054 397 4104 ud
422 4055 475 4106 cte.
488 4056 534 4105 tx.
554 4082 588 4111 r-
609 4052 750 4105 enecata
768 4053 829 4103 Cu.
852 4050 895 4105 34.
912 4074 947 4093 ι-
959 4050 1052 4099 Ituran.
1062 4050 1115 4108 111,
1132 4048 1175 4095 st.

99 4166 134 4179 -
148 4139 214 4189 Flos.
229 4140 274 4199 tt,
289 4154 312 4188 a.
