2875 4900
258 369 327 464 744
430 363 866 462 JO.·FREINSHEMII
898 363 1144 434 SUPPLEM.

256 509 375 576 meque
391 500 559 574 susceptus
577 499 635 550 est.
655 483 719 550 Sed
736 501 769 552 et
786 484 922 578 siugulis
938 484 1120 560 amicorum
1133 500 1323 573 potestatem

256 589 333 656 fecit
345 587 462 669 unius,
479 607 578 675 quem
594 585 734 674 quisque
749 561 861 667 vellet,
875 583 1017 652 adversae
1031 585 1132 674 partis
1144 585 1303 652 sonandt
1380 644 1381 707 1

300 689 417 756 LXIX.
435 689 556 754 Literas
573 686 614 753 ad
627 687 822 775 Pompeium
838 709 857 750 a
872 686 983 751 multis
994 687 1150 774 scriptas,
1168 703 1267 774 atque
1279 687 1327 750 in·
1381 716 1382 779 l

258 813 307 862 ter
321 793 463 884 praedam
479 806 641 882 repertas,
660 789 769 856 statim
785 790 956 870 cremarit;
971 811 1013 854 ne
1029 789 1133 870 forte,
1149 787 1327 877 deprehen-
1382 792 1383 841 l

258 897 303 966 sis
324 893 543 986 quorumdam
560 892 721 973 consiliis,
737 890 832 956 irasci
846 891 1014 979 pluribus,
1036 891 1326 980 quamstatuisset,

258 1013 438 1088 cogeretur.
457 998 497 1060 ln
517 1015 644 1058 summa
662 992 921 1057 moderationem
946 1011 980 1057 et
1004 992 1209 1057 clementiam
1233 992 1328 1081 plane

258 1098 456 1187 singularem
478 1111 576 1182 atque
600 1093 822 1160 admirabilem
844 1094 993 1161 exhibuit
1009 1095 1043 1158 in
1060 1095 1228 1160 omnibus.
1254 1095 1329 1157 llaec

227 1281 230 1288 Ι
258 1216 308 1266 est
321 1199 439 1264 nobilis
452 1197 504 1262 illa
518 1195 698 1260 Pharsalica
711 1217 840 1284 pugna,
853 1218 926 1284 quse
937 1195 1004 1276 jam
1019 1211 1130 1284 aperte
1147 1195 1329 1260 libertatern

258 1299 372 1388 populi
390 1295 517 1362 romani
535 1295 684 1372 subruit,
704 1296 869 1384 uniusque
885 1319 1000 1362 omnes
1015 1295 1155 1376 subjecit
1165 1296 1330 1385 potestati.

261 1402 365 1466 Caesar
388 1395 477 1460 haud
501 1396 638 1484 amplius
656 1395 835 1480 ducentos,
851 1414 909 1464 aut
926 1397 1108 1464 secuudum
1125 1396 1225 1478 alios,
1242 1397 1331 1462 mille

261 1499 419 1566 ducentos
435 1499 543 1564 amisit
558 1498 695 1581 milites,
714 1497 773 1562 sed
792 1499 1017 1580 centuriones,
1030 1499 1117 1564 viros
1129 1500 1249 1581 forta,
1268 1499 1331 1562 cir·

259 1603 338 1668 citer
360 1601 501 1690 triginta.
523 1603 617 1688 lpse,
642 1600 754 1666 militis
780 1601 879 1664 simul
899 1600 1168 1688 imperatorisque
1183 1600 1332 1689 partibus

259 1702 413 1771 omnibus
436 1719 569 1777 strenue
592 1702 711 1784 obitis,
736 1703 934 1793 praecipuam
951 1703 1092 1770 victorie
1114 1726 1182 1768 snae
1201 1701 1333 1768 laudem

259 1805 381 1870 retulit.
396 1805 486 1870 Inter
497 1804 641 1893 legiones
653 1803 912 1870 decumanorum
926 1806 1066 1870 maxima
1075 1801 1199 1868 exstitit
1209 1805 1332 1868 vir-ms:

261 1903 320 1970 sed
339 1905 545 1994 singulorum
559 1920 633 1970 ante
647 1905 834 1970 Crastinum
850 1927 949 1970 nemo
963 1907 1036 1971 fuit.
1054 1904 1182 1971 Idcirco
1196 1904 1334 1970 cadaver
1397 1902 1399 1985 Ῐ

259 2006 328 2088 ejus
345 2004 447 2094 (nam
464 2004 578 2073 adacto
600 2006 634 2069 in
653 2027 690 2071 os
706 2005 834 2096 gladio,
851 2022 927 2094 post
940 2006 1173 2074 ferocissimam
1187 2027 1334 2094 pugnam

260 2105 444 2194 ceciderat)
461 2106 653 2172 militaribus
675 2106 770 2172 donis
783 2123 936 2174 ornatum
947 2107 1065 2190 Caesar,
1079 2106 1214 2197 proprio
1226 2105 1335 2195 sepul·

261 2231 317 2272 cro
329 2206 537 2272 inserendum
549 2208 692 2289 curavit3
702 2230 808 2296 quum
816 2209 923 2274 essuri
936 2231 1006 2275 uno
1021 2208 1192 2276 communi
1202 2207 1336 2274 tumulo

262 2311 489 2374 humarentur.
659 2373 665 2385 ,
1168 2367 1174 2374 ,

305 2412 405 2477 LXX.
426 2411 475 2477 De
487 2410 692 2501 Pompeianis
707 2411 834 2477 circiter
847 2411 947 2477 millia
958 2411 1147 2501 quindecim
1164 2411 1336 2492 cecidisse,

263 2516 370 2579 Caesar
387 2510 545 2595 affirmat3
561 2513 620 2600 qui
637 2514 739 2604 magis
754 2530 894 2605 augent,
909 2515 1026 2603 viginti
1045 2516 1193 2603 quinque
1213 2515 1335 2581 millia:

261 2612 318 2679 sed
332 2614 463 2681 Asinius
479 2614 602 2696 Pollio,
618 2615 676 2703 qui
689 2637 800 2679 rerum
816 2616 951 2681 istarum
965 2616 1135 2680 historiam
1148 2638 1256 2706 graeco
1269 2638 1338 2680 ser·

263 2737 361 2781 moue
386 2715 572 2797 contexuit,
593 2738 649 2779 sex
674 2717 812 2781 omnino
835 2718 935 2782 millia
956 2717 1098 2784 militum
1118 2718 1226 2783 occisa
1241 2717 1339 2783 tradi·

262 2815 325 2899 dit,
338 2818 495 2906 reliquam
509 2816 752 2883 multitudinem
769 2841 938 2883 serrorum
954 2820 1070 2902 luisse,
1088 2820 1338 2884 interfectorum

265 2920 420 2999 maxime,
437 2917 518 2983 dum
532 2934 635 2983 castra
650 2920 842 3008 capiuntur:
861 2920 970 2987 dedita
987 2939 1067 2986 sunt
1081 2921 1221 3010 amplius
1238 2922 1339 2985 millia

264 3020 379 3109 viginti
390 3037 548 3107 quatuor,
567 3043 639 3109 quae
651 3020 753 3089 ferme
764 3022 853 3110 apud
863 3024 1019 3088 victorem
1035 3041 1239 3089 sacramento
1249 3022 1340 3087 dixe·

265 3136 353 3187 runt.
380 3122 515 3210 Equites
544 3124 670 3187 romani
692 3123 906 3214 quadraginta
927 3125 1000 3189 caesi
1019 3142 1118 3207 sunt,
1143 3124 1185 3189 de
1206 3126 1339 3191 illustri·

265 3224 328 3287 bus
344 3247 352 3289 :
369 3240 533 3289 senatores
550 3224 681 3310 decem;
696 3226 729 3291 in
751 3228 871 3316 quibus
889 3229 924 3292 L.
944 3227 1147 3309 Domitium,
1168 3250 1208 3291 ex
1225 3226 1339 3292 castris

267 3325 301 3389 in
319 3343 475 3391 montana
491 3326 691 3416 fugientem,
707 3329 871 3394 Antonius
890 3351 967 3394 cum
978 3328 1145 3417 equitibus
1157 3329 1225 3393 suis
1240 3350 1340 3392 oocu-

264 3426 362 3513 pavit.
379 3427 476 3516 Signa
492 3428 639 3493 militaria
652 3428 694 3494 ad
706 3431 865 3497 Caesarem
883 3432 982 3497 relata
1000 3448 1079 3497 sunt
1096 3446 1233 3497 centum
1245 3444 1339 3495 octo·

266 3526 373 3616 ginta,
387 3529 502 3617 aquilae
516 3552 646 3595 novem.

309 3628 428 3695 LXXI.
452 3630 528 3695 Hoec
545 3630 680 3695 victoria
695 3633 848 3715 Caesaris,
869 3656 933 3722 qua
950 3650 1134 3723 pugnatum
1150 3648 1201 3697 est
1216 3630 1287 3712 die,
1303 3630 1337 3692 in

269 3730 492 3795 remotissimis
507 3746 663 3795 terrarum
681 3734 828 3797 nuntiata
842 3751 901 3798 est.
921 3735 1005 3799 Nam
1021 3750 1054 3798 et
1067 3732 1223 3821 strepitus
1233 3752 1341 3794 mmo

264 3855 356 3913 rum,
370 3833 655 3928 pugnantiumque
670 3834 829 3898 tumultus
843 3857 946 3923 quum
958 3835 1033 3899 alibi
1045 3835 1196 3899 locomm
1207 3830 1339 3901 auditus

301 4034 424 4113 suun
437 4053 498 4105 css.
510 4080 546 4091 -
557 4051 666 4118 appan.
680 4080 713 4089 -
724 4052 791 4101 nor.
805 4077 836 4089 -
848 4056 938 4105 nus.
947 4081 982 4091 -
991 4052 1007 4117 ς
1016 4054 1096 4105 sxa.
1106 4054 1172 4103 cn.
1183 4080 1217 4089 -
1230 4051 1337 4120 span.

265 4134 530 4185 -Ptur.-1tto.-
543 4136 596 4186 Cic.
609 4136 670 4186 Phil.
683 4139 723 4192 11,
740 4151 783 4196 ²9.
