2875 4900
301 430 367 479 110
470 408 538 475 JO.
565 404 911 475 FREINSHEMII
941 406 1185 475 SUPPLEM.

296 550 399 617 quum
419 526 504 592 forte
521 548 561 590 eo
579 525 632 591 die
650 524 857 590 Mithridates
872 525 907 589 in
926 526 1132 614 gymnasium
1147 546 1212 589 non
1226 523 1348 589 adscen-

295 629 410 708 disset,
420 628 455 691 in
472 650 564 691 suam
577 625 714 691 domum
728 644 942 710 convocatos,
952 628 1043 692 bono
1055 628 1164 691 auimo
1176 648 1242 691 esse
1249 627 1349 707 jussit,

295 747 330 795 et
345 730 589 819 quamprimum
602 726 676 793 data
688 727 816 791 occasio
830 730 930 810 foret,
945 728 1093 818 undique
1107 727 1223 793 strictis
1236 749 1352 792 mucro·

296 830 394 895 nibus
410 830 569 918 impetum
587 829 622 893 in
642 851 753 918 regem
769 830 886 893 facere.

339 932 525 996 XXXVIII.
543 930 624 1013 Sed,
639 950 674 993 re
689 927 832 1011 detecta,
848 930 1054 995 Mithridates
1070 955 1187 998 omnes
1194 954 1268 998 cum
1283 954 1354 995 mo·

133 1038 137 1059 '
208 1072 211 1087 ·
294 1033 386 1099 ribus
409 1048 441 1097 et
460 1032 570 1096 liberis
593 1030 777 1114 interfecit,
802 1032 968 1120 sepultura
991 1054 1126 1121 quoque
1143 1050 1265 1123 negata.
1280 1034 1354 1097 Tres

295 1132 526 1201 tantummodo
552 1134 627 1223 fuga
651 1133 780 1199 servati.
802 1133 980 1197 Pecuniam
1003 1156 1137 1199 omnem
1161 1134 1354 1199 Mithridates

295 1236 447 1326 diripuit;
472 1236 654 1323 missoque,
674 1234 732 1321 qui
751 1235 842 1323 genti
861 1248 1026 1321 praeesset,
1048 1236 1235 1318 Eumacho,
1255 1235 1357 1303 Gallo-

295 1338 442 1429 graeciam
460 1338 494 1401 in
513 1336 689 1425 provincias
709 1334 849 1398 formam
867 1334 1001 1424 redegit.
1023 1334 1087 1400 Sed
1107 1338 1166 1425 qui
1182 1337 1358 1426 effugerant

294 1440 572 1530 reguli,»quorum
584 1437 781 1501 clarissimus
793 1435 965 1517 Deiotarus
978 1434 1037 1500 diu
1047 1452 1123 1525 post
1135 1438 1206 1501 hac
1218 1452 1359 1526 tempora

292 1542 392 1606 vitam
417 1560 621 1629 regnumque
648 1536 823 1625 produxit,
851 1537 984 1601 collecta
1007 1539 1218 1626 popularium
1239 1561 1358 1619 mauu,

293 1639 491 1708 Mithridatis
509 1632 656 1728 prhrsidia
677 1660 755 1702 cum
773 1638 846 1726 ipso
863 1638 1017 1727 prefecto
1039 1641 1248 1729 expulerunt.
1267 1640 1360 1705 Chios

292 1741 401 1807 adhuc
411 1741 540 1831 gravior
550 1740 711 1810 calamitas
720 1739 1244 1827 oppressitzpublicatisomnium
1253 1742 1360 1822 honis,

292 1844 350 1933 qui
361 1842 500 1933 profecti
510 1840 552 1905 ad
562 1836 683 1905 Sullam
695 1840 842 1923 fueraut,
857 1840 978 1907 deinde
992 1843 1113 1924 missis,
1129 1845 1239 1933 quiin
1254 1844 1363 1909 factio·

292 1968 369 2009 nem
389 1964 557 2009 romanam
577 1940 798 2029 inquirerent,
821 1958 988 2031 postremo
1012 1966 1089 2009 cum
1111 1946 1245 2011 militari
1266 1968 1363 2010 manu

293 2046 457 2112 Zenobius
474 2043 585 2121 affuit,
603 2043 806 2109 dissimulato
818 2044 972 2127 consilio,
989 2059 1146 2134 tanquam
1158 2047 1195 2111 in
1209 2046 1363 2137 Graeciam

292 2148 495 2228 trajectur‘us.

335 2249 492 2313 XXXIX.
515 2248 547 2311 Is
565 2260 730 2310 nocturno
752 2262 899 2336 tempore
917 2250 1156 2328 murosurbis,
1178 2268 1230 2333 ct,
1252 2253 1280 2317 si
1296 2273 1367 2339 quae

291 2350 352 2415 alia
374 2364 447 2439 apta
467 2345 650 2412 defensioni
671 2348 742 2412 loca
760 2365 869 2430 erant,
890 2351 1074 2439 occupavit,
1091 2368 1140 2434 et,
1157 2352 1313 2441 prresidio
1327 2350 1368 2417 ad

194 2455 199 2460 '
290 2469 401 2546 portas
418 2452 591 2531 collocato,
606 2473 665 2539 per
677 2473 862 2538 prunonem
873 2451 1019 2541 hospites
1030 2455 1220 2541 quiescere,
1235 2455 1370 2546 oppida·

291 2575 352 2618 nos
369 2553 404 2616 iu
419 2552 612 2617 concionem
627 2551 804 2640 procedere
812 2553 926 2634 jussit,
940 2554 1093 2619 mandata
1105 2559 1196 2648 regis
1212 2575 1369 2648 acceptu·

251 2682 260 2698 ¹
289 2677 354 2719 ros.
369 2652 435 2717 Ubi
450 2669 692 2735 convenerunt,
707 2653 820 2718 «Nsttil
835 2676 891 2719 eos
905 2655 1015 2720 mirari
1027 2655 1163 2741 debere,
1179 2662 1243 2744 ait,
1258 2661 1287 2726 si
1297 2683 1370 2751 gra·

290 2787 303 2813 ι
311 2757 395 2821 viter
402 2755 522 2819 iratum
533 2755 595 2820 sibi
604 2777 715 2844 regem
727 2754 872 2820 audiant.
884 2756 1017 2838 Quanto
1026 2759 1169 2847 quisque
1181 2761 1372 2843 sitmajoris

290 2857 413 2922 «animi
435 2857 579 2945 locique,
601 2872 692 2921 tanto
715 2856 833 2946 aegrius
851 2857 988 2922 tolerare
1007 2859 1162 2942 injurias,
1188 2879 1225 2927 et
1247 2885 1371 2928 conco·

290 2991 303 3017 ι
313 2979 414 3047 quere
429 2957 510 3021 iram
529 2979 636 3045 posse.
651 2957 876 3022 Mithridatem
890 2957 952 3022 hac
968 2961 1130 3047 potentia,
1148 2980 1187 3028 et
1203 2965 1261 3029 his
1275 2965 1375 3056 gestis

289 3092 302 3118 ι
313 3061 427 3141 rebus,
442 3059 647 3148 iniquissimo
663 3059 773 3123 animo
787 3060 948 3141 laturum,
962 3061 990 3124 si
1005 3083 1132 3150 aparra
1145 3065 1287 3132 civitate
1298 3089 1377 3132 con-

287 3193 301 3220 ι
312 3161 413 3228 temni
422 3175 527 3251 putet,
538 3183 637 3248 quem
647 3161 795 3225 maximas
804 3160 964 3244 nationes,
973 3164 1270 3256 potentissimique
1283 3190 1378 3259 reges

288 3263 428 3328 «colant.

330 3365 398 3430 XL.
413 3363 535 3428 «Plane
551 3369 716 3445 constare,
730 3364 852 3428 multos
864 3386 980 3429 eorum
994 3365 1080 3432 cives
1092 3389 1250 3436 romanae
1260 3372 1381 3438 factio·

286 3466 361 3530 «nis
383 3486 453 3530 esse
471 3487 479 3529 ε
499 3479 612 3528 utrum
635 3479 747 3529 autem
771 3462 887 3547 invita,
913 3489 955 3530 an
974 3490 1053 3531 vero
1075 3470 1215 3537 volente
1241 3475 1380 3539 civitate

288 3569 394 3648 «sint,
414 3589 482 3630 non
500 3570 718 3631 constarent
734 3587 812 3629 vero
834 3589 870 3631 ea
888 3567 972 3632 facta
990 3591 1098 3658 neque
1117 3573 1251 3638 merito
1272 3577 1382 3666 regis,

286 3689 417 3757 «neque
435 3661 581 3756 ipsorum
603 3667 771 3755 promissis
791 3667 999 3756 respondere.
1018 3671 1137 3760 Negari
1156 3695 1237 3738 non
1260 3699 1382 3765 posse,

285 3769 408 3858 «ipsius
428 3765 602 3850 beneficio,
618 3767 899 3855 quemadmodum
917 3787 950 3835 et
971 3787 1119 3836 caeteram
1133 3774 1280 3860 Asiam,
1304 3803 1385 3870 gra·

285 3870 441 3936 «vissimo
459 3891 600 3934 romanae
617 3869 851 3937 dominationis
861 3873 943 3962 jugo
958 3873 1126 3939 liberatam
1136 3876 1259 3943 Chion
1281 3904 1359 3946 esse
1374 3905 1384 3945 :

319 4087 483 4156 §xxxvii
493 4087 619 4136 Plutarch.
631 4087 733 4137 uerte.
742 4087 840 4137 uuo«.
851 4101 906 4152 ap.
915 4093 957 4143 m.
971 4115 1007 4124 -
1015 4086 1031 4153 ς
1042 4087 1198 4139 xxxvm.
1212 4091 1338 4160 Appen,
1350 4120 1388 4131 ..

284 4175 408 4251 Plutrrch.
421 4203 454 4214 -
465 4171 539 4225 Oros.
546 4175 597 4233 vt,
609 4187 634 4222 a.
