2875 4900
285 394 354 466 568
462 396 531 465 JO.
557 394 901 465 FREINSHEMH
929 394 1174 464 SUPPLEM.

282 516 461 581 Serbonitis
475 514 708 581 circumeunda
720 515 813 603 palus
824 528 911 595 erat,
927 512 1099 601 Typhonis
1110 512 1278 577 formidata
1288 534 1338 575 no
1387 509 1388 598 l

282 620 392 699 mine,
415 618 508 699 cujus
527 640 565 683 es
582 638 655 681 esse
670 616 866 703 spiramenta
881 613 1084 679 dicebantur.
1102 613 1167 677 Sed
1182 613 1339 701 Antipater

281 719 429 800 Iudam,
444 718 675 809 AEgyptiorum
693 719 830 798 milites,
843 718 1036 781 auctoritate
1048 738 1108 779 sua
1121 716 1295 804 permovit,
1307 730 1340 776 ut

282 822 410 903 aditus,
426 843 510 911 quos
526 818 771 899 custodiebant,
787 840 889 906 seque
901 818 989 905 ipsos
1005 816 1173 882 traderent
1185 815 1338 881 Romanis.

283 926 333 989 Ita
351 924 481 989 nemine
498 944 588 987 arma
609 935 819 1009 opponente,
836 919 883 983 Μ.
898 918 1079 999 Antonius,
1095 917 1155 1005 qui
1169 916 1340 1006 prmrnissus

284 1048 361 1089 cum
383 1024 529 1111 equitatu
550 1021 672 1103 luerat,
689 1043 758 1085 non
775 1010 877 1084 modo
897 1019 1070 1108 occuparit
1089 1019 1272 1108 angustias,
1292 1014 1340 1081 sed

284 1126 382 1189 etiam
407 1123 597 1201 Pelusium,
625 1121 766 1209 amplam
793 1121 912 1185 urbem
940 1112 1157 1209 praesidioque
1176 1120 1340 1197 munitam,

285 1226 417 1313 recepit.
434 1225 481 1288 Ea
496 1246 548 1287 res
566 1222 662 1287 saluti
679 1222 744 1287 fuit
760 1220 951 1300 Pelusiotis‚
967 1219 1089 1308 quibus
1103 1236 1136 1285 et
1150 1220 1287 1285 Romani
1299 1240 1343 1306 pe

285 1339 479 1417 percerunt3
502 1339 535 1389 et
549 1346 654 1413 quum
676 1323 787 1389 serice
807 1322 1003 1387 Ptelemaetu
1021 1321 1137 1403 vellet,
1153 1343 1224 1385 nou
1243 1335 1291 1385 est
1308 1318 1342 1381 ab

285 1426 431 1491 Antonio
449 1427 540 1491 situs.

329 1528 445 1591 XLIII.
463 1532 508 1594 At
522 1543 697 1616 postquam
714 1526 873 1591 Gabinius
893 1525 1102 1616 supervenit,
1119 1526 1222 1591 rebus
1236 1522 1342 1589 Pelusii

285 1628 483 1712 constitutis,
496 1628 651 1718 bipartito
665 1629 811 1693 exercitu
824 1628 1049 1693 alexandrium
1065 1625 1343 1715 petentibusAEgy·

285 1729 345 1817 ptii
358 1744 583 1795 occurrerunt.
594 1728 720 1794 Acriter
729 1729 932 1818 aliquamdiu
940 1746 1098 1795 certaturn
1109 1746 1172 1811 est,
1183 1751 1270 1808 mox,
1279 1726 1342 1815 quis

285 1831 332 1895 Μ.
355 1832 519 1895 Antonius
540 1832 737 1920 necopinato
758 1846 848 1921 terga
862 1830 1008 1895 hostium
1028 1832 1207 1911 invaserat,
1226 1826 1343 1893 victoria

284 1953 385 2019 penes
408 1933 574 1995 Romanos
600 1931 671 1995 luit.
699 1931 820 1995 Crebra
841 1930 961 1997 deinde
987 1949 1020 1996 et
1042 1956 1161 2021 magna
1184 1930 1342 1997 certamina

286 2032 380 2097 variis
403 2034 575 2100 commissa
592 2032 689 2115 locis,
708 2032 816 2097 donec
833 2032 965 2098 duobus
982 2034 1108 2123 magnis
1123 2033 1259 2122 praeliis,
1272 2052 1343 2119 quo·

287 2156 360 2200 rum
377 2134 514 2199 alterum
527 2134 561 2197 in
578 2132 713 2199 flumine
729 2133 887 2199 classibus
902 2134 1127 2223 depugnatum
1137 2150 1207 2215 est,
1224 2133 1343 2199 Alexan

287 2233 459 2300 drinorum
473 2237 635 2300 temeritas
648 2236 930 2324 comprimeretur.
947 2236 1026 2299 Erat
1040 2235 1130 2299 enim
1140 2235 1179 2299 id
1194 2234 1226 2298 ei
1236 2230 1343 2322 populo

288 2334 473 2425 ingenium,
491 2352 529 2403 ut
546 2336 712 2425 projectus
727 2335 770 2401 ad
784 2335 994 2417 audendum,
1015 2328 1235 2401 seditionibus
1254 2331 1343 2400 conti·

288 2436 363 2500 uuis
378 2436 420 2504 ad
432 2431 588 2508 vilitatem
602 2437 765 2527 corporis,
780 2455 815 2504 et
825 2438 1009 2529 spernenda
1024 2437 1171 2528 perimrla
1180 2437 1343 2509 exercitus,

288 2539 371 2602 nibil
388 2562 455 2604 non
470 2541 713 2629 promptissime
729 2541 934 2630 susciperet:
954 2541 1042 2606 idem
1058 2541 1246 2622 mutabilis,
1264 2554 1295 2604 et
1307 2536 1343 2598 la·

289 2639 378 2708 boris
390 2663 554 2732 moraeque
563 2641 752 2730 impatiens,
764 2641 824 2706 ubi
835 2643 962 2731 primus
973 2643 1116 2730 impetus
1128 2639 1343 2710 deferbuisset,

289 2741 433 2830 qualibet
442 2741 630 2810 conditione
639 2743 1125 2830 redimebattamoontemptam
1135 2759 1232 2808 antes
1238 2759 1342 2830 paoem·

334 2843 447 2912 XLIV.
470 2843 626 2926 Narrant,
643 2843 776 2910 eductas
793 2866 833 2908 ex
855 2843 937 2908 urbe
957 2845 1087 2932 cupias,
1105 2866 1212 2932 quum
1232 2840 1344 2905 effluet

292 2945 377 3010 fossa
394 2945 524 3034 cingere
545 2961 649 3014 castra
666 2945 871 3025 juberentur,
888 2945 1099 3010 succlamasse
1120 2945 1302 3018 universas,
1316 2950 1345 3000 ut

293 3044 328 3108 id
350 3067 433 3134 opus
452 3046 591 3132 pecunia
613 3045 745 3134 publica
764 3045 935 3111 locaretur.
960 3046 1066 3135 Igitur
1084 3061 1118 3110 et
1133 3041 1345 3110 Alexandriam

290 3146 468 3226 Gabinius,
482 3159 516 3210 et
529 3162 635 3216 toturn
652 3145 785 3234 AEgypti
796 3167 936 3234 regnum
948 3146 1059 3233 paucis
1075 3145 1246 3210 mensibus
1259 3140 1344 3228 repit.

291 3270 396 3335 quum
407 3270 558 3338 magnam
571 3271 685 3315 eorum
699 3247 872 3314 hominum
891 3247 1136 3328 multitudinem
1147 3269 1227 3310 cum
1238 3242 1345 3310 Arche·

290 3347 342 3412 lao
365 3370 441 3435 rege
460 3347 639 3420 occidisset.
660 3352 788 3438 Corpus
807 3365 916 3414 tamon
935 3347 1082 3412 Archelai
1103 3347 1294 3435 requisitum
1313 3339 1345 3402 ab

291 3449 458 3532 Antonio,
479 3467 612 3539 propter
626 3450 679 3531 jus
693 3451 843 3539 hospitii,
863 3467 897 3514 et
912 3451 1003 3539 regio
1025 3465 1161 3536 sumptu
1175 3448 1345 3512 funemmo

292 3565 350 3614 est.
365 3549 474 3631 Libet,
490 3551 705 3618 alexandrium
721 3552 926 3633 temeritatis,
943 3573 1020 3616 cum
1034 3549 1118 3616 foeda
1133 3547 1346 3639 superstitione

290 3651 491 3733 conjunctae,
511 3652 749 3720 documentum
763 3655 829 3722 hoc
844 3672 992 3743 tempore
1007 3653 1150 3735 editum,
1170 3653 1206 3716 in
1220 3673 1257 3716 re
1272 3639 1346 3714 baud

289 3753 365 3817 satis
384 3775 443 3841 per
467 3775 502 3816 se
527 3755 732 3820 memorabili
755 3779 928 3846 exponere.
949 3755 1110 3820 Nondum
1127 3771 1197 3820 erat
1216 3767 1346 3820 certums

292 3879 360 3948 quo
378 3855 489 3923 animo
506 3872 698 3946 accepturus
716 3857 777 3924 ista
791 3859 934 3947 populus
950 3879 1106 3933 romanus
1125 3872 1229 3937 esset,
1244 3871 1300 3916 nec
1311 3845 1344 3910 ³¹³

327 4025 1346 4134 sm.1›1.2.1.n......s....r.-m..-§innan-,m-

293 4147 348 4203 Vsl.
360 4149 429 4200 liu.
442 4151 496 4212 tx,
511 4165 533 4210 ι,
547 4149 636 4211 bertr.
