2875 4900
213 397 263 464 IN
292 396 403 475 Loc.
428 395 519 465 Llll.
546 399 731 467 Lxxxlr
766 401 981 471 LIVIANI.
1064 402 1128 474 tri

120 512 193 579 Llll.
206 544 219 571 ι
228 518 333 604 Atque
346 518 374 580 is
390 516 478 581 idem
491 534 628 605 repente
644 535 758 583 noster
769 521 894 586 amicus
908 524 1042 605 exstitit,
1060 548 1126 590 non

88 612 154 677 «alio
168 616 282 681 seilicet
296 616 456 683 beneficio
479 636 607 699 motus,
624 642 722 707 quarn
742 620 833 707 quod
853 623 1026 711 plusquam
1048 648 1127 691 cen·

86 730 160 777 ¹tum
174 718 333 806 sexaginta
351 740 488 783 suornm
509 720 608 785 millia
626 722 748 787 nostris
761 723 891 789 eonoisa
909 725 1060 791 manibus
1075 728 1128 791 in·

31 818 32 833 ¹
87 815 216 881 «tellexit.
228 819 294 883 Pro
304 820 426 907 quibus
440 822 474 884 in
489 843 550 885 nos
566 822 689 887 meritis
706 822 795 887 haud
808 840 878 889 erat
889 826 1057 914 iniquum,
1075 828 1128 891 in·

86 918 250 1004 ·expiabilia
267 921 404 1007 posthac
419 921 572 985 adversus
586 944 661 985 eum
678 923 760 986 bella
776 924 855 1012 geri.
866 924 930 989 sed
943 942 1052 991 tamen
1067 927 1128 992 tihi

85 1040 151 1103 ·pro
167 1042 204 1085 oo
222 1020 424 1110 deprecanti,
448 1022 512 1087 hoc
529 1022 699 1105 dabimus,
718 1040 758 1089 ut
773 1026 900 1091 veniam
921 1027 951 1091 ei
972 1050 991 1090 a
1013 1045 1127 1093 senatu

83 1121 271 1211 «populoque
296 1146 434 1189 romano
458 1124 688 1213 impetremus,
708 1126 736 1189 si
759 1126 930 1193 bonafide
951 1130 1127 1216 reeipisoat.

83 1220 241 1303 «Quodsi,
258 1240 297 1288 ut
308 1225 408 1305 solet,
423 1240 525 1313 utque
538 1248 599 1314 ego
615 1227 717 1315 magis
733 1227 853 1314 opinor
865 1230 1044 1311 incurrunt,
1059 1231 1130 1297 luteo
1254 1268 1257 1273 ·

31 1388 32 1403 ,
83 1320 162 1387 «ideo
181 1338 304 1390 tantum
320 1326 405 1415 agit,
422 1342 476 1406 ut,
498 1326 599 1393 dilato
617 1328 748 1393 interim
771 1328 937 1416 periculo,
956 1332 1128 1421 consilium

31 1410 32 1431 ¹
82 1446 130 1487 ‹ex
141 1443 254 1491 eventu
267 1428 390 1515 eapint3
407 1428 473 1508 jam
487 1452 549 1518 ego
563 1444 612 1509 te,
628 1429 805 1509 Archelao,
821 1429 937 1497 hortor
949 1446 1050 1519 atque
1063 1455 1130 1497 mo·

81 1544 167 1606 rnen,
184 1544 221 1591 nt
239 1528 380 1593 fortunae
397 1529 547 1597 invitanti
561 1528 604 1595 ad
620 1530 745 1596 excelsa
758 1531 870 1595 omnia
886 1553 929 1595 ue
944 1531 1041 1597 desis.

113 1626 186 1692 Lll'.
200 1658 213 1683 ι
222 1630 512 1711 Quemadmodum
526 1631 580 1696 ille
593 1653 672 1697 suos
687 1630 809 1693 amieos
821 1647 1027 1712 remuneret,
1044 1634 1128 1697 mul·

80 1740 192 1791 «torum
206 1730 274 1809 jam
289 1731 379 1795 maha
393 1730 517 1797 dhaere
530 1732 682 1819 potuisti,
699 1754 773 1818 quoe
790 1748 901 1796 nostra
914 1732 956 1795 sit
969 1733 1003 1795 in
1019 1734 1125 1797 socios

78 1824 162 1893 «fides
170 1854 330 1918 ,quaeque
344 1831 530 1913 liberalitas,
548 1834 675 1897 utalios
687 1849 830 1913 taoeam,
846 1835 1012 1899 Eumenes
1025 1852 1124 1922 atque

78 1926 248 1995 «Masinissa
271 1932 346 1995 sads
369 1948 403 1997 et
427 1934 568 1999 reoeutia
592 1950 625 1999 et
648 1949 726 1999 nota
747 1934 903 1998 omnibns
926 1933 1125 2000 documenta

77 2045 191 2093 ·.sunt
204 2030 260 2097 Ad
275 2047 457 2097 extremum
474 2056 515 2097 eo
528 2034 698 2124 prolapsus
711 2050 778 2115 est,
795 2050 834 2100 ut
846 2033 916 2098 loeo
926 2035 1127 2101 trohadam

77 2128 252 2197 Archelaum
263 2156 394 2221 regnare
403 2158 494 2223 posse
504 2134 628 2201 diceret
632 2136 810 2224 ,sr'qm'dem
822 2137 943 2201 ondita
957 2137 1019 2201 sibi
1028 2135 1127 2201 classe

31 2228 189 2297 datm
204 2258 350 2321 operam,
370 2251 406 2299 ot
424 2235 574 2302 benevolis
587 2238 754 2301 Romanis·
749 2250 903 2301 mutentur
921 2235 986 2301 Sed
1003 2236 1057 2302 ille
1071 2237 1127 2303 ad-

31 2298 620 2423 hocloquentisabruptnoratione,
633 2336 860 2404 Proditorem
868 2338 1013 2453 ,inquit,
1026 2338 1123 2421 Sulla,

75 2432 271 2500 *Archelaum
282 2459 349 2500 non
360 2436 512 2516 habehim
526 2436 666 2508 unicum
679 2436 830 2517 habebis,
844 2438 872 2501 si
884 2438 986 2524 arquis
999 2386 1124 2528 legihni

31 2569 32 2588 ι
75 2553 190 2618 ¹paoem
203 2559 282 2600 cunr
289 2537 476 2603 Mithridate
491 2538 629 2602 leceris
616 2567 638 2601 .

108 2634 166 2700 LV.
185 2637 237 2702 Ad
256 2638 326 2702 haeo
348 2639 437 2704 Sulla
453 2641 551 2725 paulo
571 2637 784 2719 oomruotior,
798 2639 872 2702 «Tu
885 2660 979 2720 vero,
997 2641 1125 2729 inquit,

76 2735 249 2820 *Archelae,
264 2761 369 2826 quum
389 2738 432 2804 sis
452 2737 644 2827 Cappadox,
661 2738 854 2826 barbarique
875 2740 961 2828 regis
977 2758 1036 2806 aut
1055 2764 1124 2806 ser·

76 2855 157 2918 uos,
170 2855 243 2914 aut,
256 2839 284 2902 si
297 2839 406 2918 malis,
419 2841 543 2904 amicus
555 2841 636 2926 (nec
651 2839 816 2928 enirneqo
829 2838 1009 2927 quidquam
1021 2842 1123 2906 inter·

77 2955 152 3002 tesse
166 2941 302 3028 putem)
321 2939 419 3006 tantis
442 2939 617 3030 propositis
635 2941 808 3028 premiiea
825 2940 1028 3027 turpitudine
1048 2963 1125 3030 pro·

77 3037 213 3108 «ditionis
231 3042 409 3123 abhorres;
433 3065 486 3107 rne
509 3058 542 3107 et
560 3045 745 3108 Romanum
764 3058 797 3106 et
812 3041 935 3107 Sullam
956 3040 998 3106 nd
1016 3043 1124 3131 turpia

75 3139 198 3208 *ludera
212 3143 384 3208 sollicitae!
400 3145 585 3232 quasivero
600 3165 667 3208 nou
685 3144 739 3208 ille
755 3143 799 3211 sis
811 3142 1005 3222 Aruhelaus,
1023 3166 1123 3231 quern

77 3237 125 3303 ·de
138 3260 271 3308 centum
283 3244 397 3333 viginti
411 3243 552 3308 millibus
568 3244 759 3324 hominum,
776 3267 852 3308 curn
869 3243 980 3331 paneis
994 3245 1124 3334 lugien-

76 3355 145 3406 ιιιιιι
163 3346 344 3410 Chaeronea
356 3345 455 3425 vidit3
472 3367 571 3432 quern
586 3346 814 3412 Orchomenus
831 3359 962 3412 anetam
977 3349 1123 3436 eorpori-

76 3439 144 3506 ·bus
163 3447 318 3512 Boeotiarn
336 3446 594 3534 relinquentem,
612 3447 646 3510 in
665 3445 824 3534 paludum
845 3469 977 3512 suarum
995 3449 1125 3514 latebris

76 3540 183 3610 ·hidun
193 3549 276 3614 texit
285 3579 308 3612 n.
322 3548 449 3612 Territa
462 3547 503 3612 ad
514 3549 583 3612 hoeo
590 3547 767 3628 Archelao,
783 3564 816 3614 et
827 3546 1038 3636 deprecante3
1054 3551 1123 3632 ille,

77 3645 188 3712 modion
212 3650 407 3737 interposito
428 3649 575 3728 silentio,
596 3647 803 3735 «Siquidem,
824 3650 949 3737 inquit,
971 3672 1123 3732 omnem,

76 3765 176 3830 *qoam
190 3749 306 3832 hahes,
320 3753 469 3832 classem,
481 3750 599 3831 dunen,
611 3751 751 3840 legatos,
762 3751 920 3838 captivos,
933 3753 1125 3840 uanslugus,

77 3845 234 3936 Ιἕῑιςῄιὶιοι
244 3851 452 3919 Mithridates
467 3850 652 3932 tradiderit,
664 3852 781 3932 Chios,
799 3869 831 3918 et
846 3852 874 3918 oi
887 3875 1030 3939 quorum
1043 3852 1124 3917 alio·

77 3967 156 4013 *rum
175 3977 233 4041 par·
252 3976 347 4018 causa
370 3970 432 4034 est,
454 3953 634 4016 civitatibus
655 3953 722 4017 suis
741 3951 938 4030 reddiderit;
960 3950 1124 4038 praesidia,

103 4143 185 4205 ΗΝ.
199 4151 323 4201 Plutarch.
335 4155 361 4200 iu
374 4151 454 4210 Sulla,
468 4169 521 4216 erp.
535 4153 577 4206 45.
590 4179 624 4190 ···
642 4152 749 4216 Appian.
758 4150 869 4200 Mithrid.
