2875 4900
272 334 325 401 ΙΝ
356 331 473 399 LOC.
501 332 593 399 LlB.
624 333 673 399 Cl
706 334 921 403 LlVIANI.
1066 333 1134 431 397

126 450 174 518 Vl.
196 452 272 518 lude
293 452 432 541 sumptis
454 452 604 539 pretiosis
626 454 788 533 restibus,
808 468 840 516 et
861 454 947 516 inter
965 473 1138 541 praesentes

91 556 268 637 distributis,
290 554 489 644 stipendium
515 577 662 619 annuum
690 555 805 637 militi,
830 554 985 618 donativo
1006 555 1141 645 insuper

91 657 214 738 adjecto,
232 656 424 721 numeravit.
444 656 618 719 Venenum
635 654 750 735 eueni,
773 655 864 743 quod
879 656 913 718 in
934 655 1051 721 iisdem
1067 658 1140 721 the·

92 758 177 819 santis
192 758 362 837 habuerat,
379 754 528 843 dispertit
543 756 673 836 amieis,
692 756 802 819 necui
819 779 989 821 necessum
1007 775 1092 823 esset
1106 760 1140 823 in

92 878 189 920 nanus
205 858 347 921 hostium
363 856 468 919 invito
483 854 636 921 incidere.
649 857 711 920 Sex
724 856 843 920 deinde
858 860 1055 923 talentorum
1068 883 1143 948 por·

93 972 150 1020 tans
167 959 275 1039 millia,
293 980 396 1046 quum
414 956 455 1020 ad
474 957 648 1047 Tigranem
665 975 871 1046 properaret,
889 962 1076 1049 cognoscit,
1093 962 1141 1025 le-

94 1074 170 1143 gatos
185 1082 201 1121 a
219 1082 252 1123 se
269 1058 452 1147 praemissos
468 1057 502 1120 in
521 1058 676 1139 vinculis,
694 1082 791 1123 suum
809 1060 843 1123 iu
860 1077 958 1148 caput
975 1078 1106 1127 centum
1124 1088 1142 1127 a

93 1157 214 1245 Tigrane
232 1160 443 1247 pronuntiata
460 1159 580 1222 talenta
597 1182 684 1241 esse,
702 1160 793 1247 quod
810 1184 886 1225 eum
903 1162 970 1225 filio
986 1163 1143 1229 defectio·

92 1258 132 1319 nis
153 1276 314 1325 auctorem
340 1260 441 1324 fuisse
457 1260 612 1351 Tigranes
633 1262 834 1326 autumabat.
856 1264 961 1352 Igitur
981 1264 1080 1330 flectit
1102 1267 1144 1330 ad

93 1358 183 1423 lentes
194 1362 366 1450 Euphratis
380 1361 461 1442 iter,
477 1362 645 1450 praeteritis
662 1361 741 1442 illis,
758 1363 949 1427 Colchidem
962 1366 1143 1453 petiturus:

93 1478 193 1545 quarto
221 1462 273 1526 die
299 1461 546 1526 contentissime
574 1484 674 1525 cursu
702 1462 851 1548 pervenit
875 1462 917 1526 ad
939 1463 1066 1545 fontes,
1089 1465 1146 1527 tri-

93 1561 246 1651 duumque
257 1580 404 1628 moratus
420 1564 515 1651 (nam
533 1564 656 1627 interea
670 1578 814 1643 veteres,
829 1580 862 1627 et
877 1588 957 1651 quie
966 1581 1078 1652 postea
1096 1589 1147 1627 ac-

93 1681 254 1746 cesserant,
271 1665 381 1753 copias
395 1664 601 1745 recensebat,
617 1664 863 1752 armabatque),
877 1666 1065 1747 Cothenen,
1081 1689 1148 1731 ma·
1215 1738 1220 1750 ⁴

89 1761 158 1839 joris
168 1768 327 1831 Armeniae
345 1767 587 1857 praefecturam,
603 1767 768 1855 ingressus
785 1781 843 1830 est.

128 1866 195 1931 Vll.
210 1868 434 1933 Prohibebant
456 1866 581 1931 aditum
599 1868 757 1949 Cotheni,
774 1867 877 1931 Iberis
896 1868 991 1933 etiam
1010 1870 1148 1956 quibus·

92 1962 154 2031 dam
169 1968 339 2049 adjunctis.
358 1969 422 2034 Sed
441 1969 502 2032 hos
519 1968 691 2059 glandibus
713 1992 752 2033 ac
771 1969 946 2032 missilibus
966 1988 1149 2059 pugnantes

92 2066 282 2137 lllithridates
304 2070 490 2150 submovit,
509 2070 755 2157 penetravitque
773 2068 815 2133 ad
836 2068 959 2133 llumeu
976 2071 1149 2135 Absarum.

92 2166 203 2235 deinde
217 2188 333 2260 pacato
346 2195 404 2260 per
422 2171 547 2259 aliquot
564 2188 675 2261 gentes
692 2172 809 2235 itinere
822 2172 1033 2237 Dioscuriade
1043 2175 1150 2255 venit,

93 2292 177 2355 quam
192 2275 224 2338 in
242 2274 376 2339 Colchis
389 2273 574 2339 condidisse
589 2276 761 2338 Castorum
774 2275 893 2362 aurigae
909 2275 1152 2363 Amphistratus

92 2390 119 2435 et
130 2375 248 2441 Rhems
263 2377 464 2441 ferebantur.
477 2376 613 2439 Interim
627 2375 821 2464 Pompeius,
836 2376 893 2464 qui
906 2374 948 2439 ad
958 2400 1153 2466 persequen-

93 2471 162 2538 dum
175 2478 398 2563 Mithridatem
421 2493 544 2567 partem
563 2478 711 2565 equitum
728 2494 761 2541 et
777 2478 856 2542 levis
869 2495 1039 2543 armaturae
1055 2481 1152 2545 mise·

92 2592 147 2658 rat,
164 2604 266 2667 quum
284 2581 438 2670 effugisse
453 2581 544 2644 illum
554 2580 652 2644 Phasi
670 2580 860 2643 transmisso
876 2583 1104 2670 comperisset,
1120 2584 1152 2645 in

94 2674 155 2742 loco
164 2683 264 2769 praelii
276 2705 395 2746 noram
405 2681 521 2745 urbem
533 2681 690 2745 condidit.
699 2681 778 2763 Hie,
792 2680 882 2768 quod
892 2697 984 2745 aetate
993 2684 1156 2746 morbisve

92 2778 201 2848 fessum
217 2786 251 2848 in
268 2773 383 2850 eastris
397 2800 482 2865 erat,
496 2784 639 2871 lixasque
652 2784 798 2847 volentes
810 2784 997 2865 collocavit3
1012 2800 1044 2846 et
1054 2807 1156 2848 acces·

94 2879 129 2942 sit
139 2903 253 2972 sponte
270 2887 488 2951 finitimorum
503 2885 719 2949 barbarorum
737 2883 925 2948 multitudo.
940 2885 1103 2972 Nicopolis
1116 2887 1158 2949 ab

92 3003 276 3071 argumento
293 3004 408 3052 vocata
428 3004 477 3051 est
494 3011 500 3050 :
519 2987 604 3050 inter
626 2986 694 3050 duo
717 2983 852 3049 flumina
873 2985 1062 3072 Euphraten
1076 2990 1157 3052 Ara-

94 3104 223 3174 xcmque
236 3091 341 3170 jacet,
362 3112 434 3177 quas
454 3087 494 3151 ab
513 3086 627 3151 eodem
644 3103 758 3150 monte
772 3085 906 3149 diversis
920 3102 1028 3149 tamen
1043 3109 1158 3173 specu·

94 3181 146 3248 bus
162 3192 361 3275 prosiliunt,
379 3212 447 3252 non
465 3189 603 3276 amplius
621 3210 677 3252 sex
690 3187 828 3251 millium
844 3187 1024 3251 intervallo.
1039 3190 1161 3254 Cursus

96 3304 153 3348 non
169 3288 256 3354 idem
271 3291 427 3377 utrique;
444 3312 520 3353 nam
535 3291 655 3354 Araxes
672 3288 713 3352 ad
729 3289 898 3353 Orientem
916 3289 1108 3375 deflectens,
1125 3294 1160 3356 in
1191 3342 1195 3350 .

95 3407 172 3453 mare
186 3393 346 3482 Caspium
364 3391 558 3455 eflitnditur.

133 3489 216 3557 Vlll.
237 3496 318 3559 llaec
332 3509 481 3583 agentem
497 3493 652 3582 Tigranes
665 3493 794 3573 juvenis
813 3494 963 3573 accessit,
978 3516 1018 3557 ex
1034 3496 1161 3583 praelio,

95 3589 170 3656 sieut
188 3617 290 3682 supra
309 3595 434 3659 dictum
455 3613 520 3676 est,
541 3595 720 3684 profugus;
743 3593 981 3682 ductoremque
1000 3621 1034 3660 se
1054 3615 1162 3685 pater-

95 3711 165 3757 uum
181 3719 325 3785 regnum
341 3695 508 3760 invadenti
523 3696 672 3785 praebuit.
685 3695 800 3760 lllultis
812 3696 920 3784 itaque
931 3697 1061 3784 populis
1073 3715 1164 3761 metu
1226 3747 1229 3751 .

95 3790 251 3884 Pompeii,
270 3798 390 3886 partim
410 3798 505 3860 etiam
529 3798 608 3886 regii
630 3799 758 3878 juvenis
777 3799 904 3877 favore,
920 3798 1166 3880 deficientibus,

126 4014 196 4076 SVI.
211 4022 324 4084 Appian.
337 4047 372 4056 --
385 4021 450 4068 Plut.
469 4047 504 4056 -
517 4020 575 4068 Ilio.
591 4021 652 4084 -S
667 4023 723 4069 Vll.
738 4023 858 4093 l‘lin.Vl.
870 4023 892 4068 5.
907 4050 941 4057 —
958 4022 1038 4069 Strab.
1057 4021 1100 4068 lib.
1115 4026 1168 4080 xl,

95 4111 117 4156 P·
130 4101 187 4160 l96.
201 4130 235 4139 -
244 4105 306 4150 nio.
319 4131 353 4140 --
364 4105 435 4150 Oros.
446 4105 498 4160 Vl,
512 4105 535 4150 3.
549 4131 583 4140 -
597 4105 704 4169 Appiae.
721 4119 758 4141 -“
767 4106 831 4152 Plut.
847 4105 952 4154 --t'ett
969 4108 1007 4157 11.
1026 4109 1065 4165 37.
