2875 4900
289 358 358 429 520
451 359 519 425 JO.
547 356 888 426 FREINSHEMII
920 356 1162 427 SU-PPLEM.

330 478 453 541 xxm.
476 480 644 541 Bastarnas
666 476 765 540 fuisse
784 477 982 557 Germanos,
1003 476 1061 541 sed
1078 478 1179 541 mixto
1196 478 1336 541 Sarmatis

288 579 445 666 sanguine
455 625 465 659 ,
477 594 601 655 veteres
619 592 767 641 auctores
779 574 993 666 prodiderunt
1007 598 1015 641 :
1031 577 1149 641 horum
1167 576 1295 641 Peucini
1303 600 1336 640 ex

289 680 403 743 insuloe
412 701 538 766 „quam
550 677 757 760 habitabant,
771 678 904 741 nomine
914 694 1091 741 vocantur:
1111 676 1234 740 Roxaui
1248 677 1337 764 magis

288 780 494 867 pertinebant
511 778 555 843 ad
577 778 783 865 aquilonem,
804 779 889 841 inter
907 778 1041 842 Tanaim
1062 793 1095 840 et
1115 776 1336 865 Borysthenem

289 904 419 969 pascere
441 882 537 945 soliti.
564 882 606 943 dt
628 880 779 945 Venedos
800 881 1014 967 Fennosque,
1039 879 1114 942 licet
1139 877 1284 966 quaedam
1305 898 1338 939 ex

290 982 479 1071 germanicis
503 980 648 1044 moribus
663 981 850 1060 traxissent,
870 981 1019 1045 Sarmatis
1037 980 1145 1068 potius
1163 978 1338 1043 adscriben-

289 1082 349 1147 dos
366 1081 577 1162 crediderim,
593 1082 733 1145 maximo
750 1082 991 1167 certissimoque
1006 1082 1123 1171 linguae
1139 1096 1338 1170 argumento,

288 1206 361 1271 quar
383 1183 470 1247 nulla
489 1197 580 1269 parte
602 1182 791 1270 germanice
813 1200 861 1246 est
880 1182 1001 1253 similis.
1024 1181 1185 1245 Hellusios
1202 1196 1338 1244 veterum

290 1285 326 1345 in
346 1281 543 1347 Gothlandia
562 1297 679 1369 putant
699 1282 876 1364 habitasse,
893 1282 1033 1347 Oxionas
1047 1283 1083 1344 in
1099 1281 1243 1345 Lironici
1262 1280 1340 1343 sinus

292 1384 396 1446 insula
417 1384 512 1471 ponit
530 1384 725 1449 vocobulum
750 1384 861 1448 Oxiliae
884 1385 995 1471 (nuuc
1016 1383 1175 1447 OEsr'iirm
1199 1384 1339 1468 frequen·

291 1482 356 1545 tius
368 1483 524 1570 vocant),
546 1501 580 1549 et
592 1483 684 1573 quod
699 1485 769 1549 ovis
784 1486 892 1549 arium
904 1485 1136 1563 vescebantur3
1157 1482 1235 1546 inde
1251 1506 1268 1545 a
1283 1481 1342 1568 qui·

291 1581 428 1647 busdam
450 1584 551 1649 Oooes
567 1585 736 1674 appellati3
755 1608 827 1673 quse
847 1600 924 1649 nota
947 1586 1065 1649 nostris
1084 1585 1181 1649 etiarn
1203 1581 1341 1669 tempori·

292 1683 353 1748 bus
366 1684 462 1750 durat
474 1708 483 1751 t
497 1710 573 1751 uam
588 1688 697 1751 avium
711 1686 996 1751 innumerabilium
1010 1686 1135 1774 agmina
1152 1685 1217 1749 sub
1234 1682 1340 1748 maium

293 1806 438 1851 mensem
455 1788 495 1851 iis
509 1789 588 1852 ldcis
602 1788 786 1870 foetificsnt3
802 1810 912 1851 earum
926 1786 1099 1875 dispoliant
1113 1786 1230 1851 iucolae
1243 1784 1341 1860 nidos,

294 1906 420 1974 oraque
434 1889 499 1954 sale
514 1889 646 1953 condita
663 1889 705 1953 ad
723 1888 960 1953 diuturniorem
976 1888 1097 1951 victum
1114 1886 1305 1951 recondunt.

337 1986 455 2053 XXIV.
471 1990 634 2053 Hactenus
644 1990 788 2053 Cornelii
799 1990 899 2053 Taciti
910 1990 1048 2052 maxime
1061 1989 1191 2075 sequuti
1202 1987 1340 2063 ductum,

293 2087 499 2153 Germaniam
518 2112 558 2154 ex
577 2091 719 2155 obscuro
739 2090 904 2154 vetustatis
920 2090 985 2153 sim
1007 2090 1172 2153 emimus:
1190 2098 1298 2166 restat,
1312 2099 1341 2147 ut

293 2187 335 2251 de
350 2191 497 2255 moribus
509 2213 621 2259 esrum
634 2192 780 2281 gentium
795 2213 896 2278 pauca
908 2192 1098 2255 referantur.
1113 2190 1153 2253 lu
1169 2189 1341 2253 universum

294 2290 463 2355 estimanti
485 2293 604 2380 liquet,
621 2293 689 2356 caeli
704 2308 929 2379 terrarumque
944 2291 1040 2379 genio
1056 2290 1238 2355 Germanos
1253 2287 1290 2353 ad
1304 2286 1341 2349 ie·

293 2389 421 2454 ritatem
438 2407 472 2456 et
493 2414 581 2456 anna
598 2392 746 2458 inclinari
767 2392 926 2458 debuisse.
950 2393 1052 2456 Tanta
1075 2391 1160 2456 enim
1184 2406 1252 2456 erat
1274 2386 1341 2452 snti-

235 2568 238 2574 ,
297 2491 407 2576 quitus
429 2493 569 2578 partium
593 2493 728 2558 istarum
753 2494 923 2581 asperitas,
947 2509 985 2556 ut
1009 2493 1149 2556 maximo
1170 2491 1251 2556 mibi
1266 2511 1344 2577 arga·

297 2605 408 2653 mento
425 2591 482 2673 sit,
502 2609 568 2658 tam
590 2594 786 2659 incredibilis
804 2595 887 2658 iacta
905 2594 1059 2674 mutatio,
1076 2609 1195 2681 praeter
1210 2591 1342 2681 cognitos

296 2691 439 2756 siderum
457 2704 588 2776 cursus,
605 2713 696 2760 certo
710 2695 870 2783 quodam,
888 2694 943 2758 sed
955 2717 1015 2758 nos
1031 2693 1158 2758 fallente
1176 2709 1284 2772 motu,
1298 2711 1342 2752 na·

297 2807 377 2855 turre
394 2811 499 2881 partes
514 2794 652 2860 invicem
665 2798 837 2886 conjungi,
853 2813 909 2860 aut
927 2793 1100 2858 discedere.

341 2895 443 2959 XXV.
482 2894 545 2961 Sed
576 2897 635 2960 ista
663 2897 864 2962 subtiliorem
895 2895 1133 2983 indagationem
1162 2891 1341 2958 desiderant.

297 2998 455 3060 Caeterum
474 2998 643 3062 Germanis
661 3021 834 3086 corporum
851 2995 1041 3086 magnitudo
1053 2996 1241 3082 roburque,
1256 3007 1286 3056 et
1297 3011 1342 3053 co·

257 3098 259 3101 ’
297 3098 408 3185 piosus
424 3100 571 3188 sanguis,
584 3122 768 3189 pugnarum
784 3097 967 3164 aviditatem
981 3113 1015 3162 et
1026 3097 1200 3160 vulnerum
1213 3108 1344 3159 contern-

297 3214 389 3286 ptum
412 3201 530 3264 attulit.
547 3201 659 3266 Valida
674 3218 707 3266 et
723 3201 866 3290 ingentia
884 3199 1042 3280 membra,
1061 3213 1167 3261 truces
1183 3211 1217 3258 et
1232 3188 1343 3259 cerulei

298 3299 405 3379 oculi,
434 3301 539 3365 rutilas
564 3325 687 3383 cornae,
713 3301 895 3366 communis
924 3301 1001 3364 olim
1032 3298 1185 3362 omnibus
1210 3294 1343 3366 habitus,

299 3421 390 3464 nunc
418 3425 551 3491 quoque
586 3420 740 3483 manent,
771 3402 828 3466 ubi
864 3403 972 3466 minus
998 3398 1160 3490 peregrini
1194 3389 1345 3484 sanguinis

298 3501 482 3568 immixtum
503 3520 560 3569 est.
586 3506 669 3570 Nam
690 3505 760 3568 bec
784 3517 895 3567 nostra
918 3501 1107 3580 Germania,
1130 3498 1345 3579 maximeque

298 3601 414 3667 Rheno
427 3619 476 3666 est
493 3604 723 3693 propinquior,
739 3617 903 3693 peragrata
918 3602 1061 3666 romanis
1077 3599 1287 3674 exercitibus,
1303 3593 1344 3654 in·

298 3725 383 3767 sessa
408 3704 564 3786 coloniis,
592 3705 913 3794 conjugiisinnexa,
939 3719 1098 3792 quantum
1124 3725 1142 3766 a
1166 3695 1345 3789 cognatione

299 3805 464 3893 priorum,
483 3821 610 3868 tantum
625 3827 643 3868 a
659 3804 889 3888 similitudine,
908 3805 1046 3873 recessit.
1061 3801 1169 3867 Sedet
1182 3799 1267 3889 pacis
1282 3791 1346 3858 arti·

334 3999 350 4064 s
367 3999 698 4058 xx111,rttn.w,1s.-
709 3999 786 4058 usu,
798 4001 849 4056 ιιι,
863 4001 888 4047 s.
904 4027 936 4035 -
952 3997 967 4064 s
985 3999 1080 4046 xxrv.
1099 3997 1152 4045 siv.
1169 3997 1233 4062 spic
1247 4020 1279 4030 -
1292 3991 1344 4038 cn.

301 4083 559 4140 consecutas.
987 4083 991 4092 ’
