2875 4900
103 449 1149 482 ffluimmssssmmmmmssssxfflmuwffimmmmm
1209 480 1211 487 Α

223 650 511 747 JOANNIS
551 652 1017 744 FREINSHEMII

137 905 1111 1052 SUPPLEMENTORUM

181 1123 187 1133 ’
314 1200 936 1327 Livisuosuu

459 1470 638 1547 LIBER
672 1470 792 1546 LVII

265 1686 313 1739 IN
343 1685 497 1739 LOCUM
522 1684 645 1739 LIBRI
670 1684 767 1739 XCII
796 1686 980 1741 LIVIANI.

434 1921 810 1955 -..⁴0oe—

500 2146 743 2215 EPITOME

287 2316 411 2373 mum
436 2288 727 2371 uouscsstui
751 2314 951 2369 saeuum.

97 2462 139 2519 Co.
154 2466 295 2540 Pompeius
314 2467 396 2519 dnbio
415 2477 511 2537 eventu
528 2483 590 2517 enm
610 2463 724 2518 sertorio
743 2464 885 2536 pugnavit,
904 2464 941 2518 ita
959 2475 987 2517 ut
1004 2463 1105 2538 singula
1123 2483 1154 2521 et

126 2563 234 2623 utraque
253 2563 329 2622 parte
345 2568 446 2603 cornua
463 2548 584 2601 vicerint.
604 2549 639 2613 Q.
656 2547 778 2600 Metellus
795 2547 939 2602 Sertorium
955 2561 981 2604 et
996 2550 1155 2624 Perpernam

125 2654 181 2688 eum
195 2636 303 2689 dnobus
315 2634 473 2688 exercitibus
485 2632 576 2704 prelio
589 2631 677 2694 ludin
697 2634 772 2704 cujus
791 2632 906 2686 victorie
923 2645 1025 2704 partem
1044 2636 1154 2706 cupiens

127 2718 190 2772 lure
203 2719 365 2789 Pompeius,
382 2735 477 2788 parum
496 2736 622 2788 prospere
639 2705 777 2786 pugnavit.
797 2716 926 2768 Obsessus
944 2716 1039 2770 deinde
1054 2719 1172 2774 clunis.

125 2802 266 2861 Sertorius,
277 2798 391 2854 assiduis
402 2801 583 2871 eruptionibus
597 2819 654 2852 non
664 2799 766 2850 leviora
780 2795 880 2853 damna
891 2799 1073 2853 obsidentibus
1086 2801 1155 2854 intu-

126 2881 161 2936 lit.
178 2885 308 2936 Praeterea
327 2903 343 2935 a
364 2884 483 2936 Curione
499 2881 656 2954 proconsule
679 2880 706 2933 in
724 2881 837 2934 Thracia
860 2901 901 2934 res
923 2895 1007 2954 gestas
1028 2883 1153 2935 adversus

126 2963 277 3026 Dudunos,
293 2977 320 3018 et
333 2965 368 3030 Q.
380 2965 489 3019 Sertorii
501 2966 585 3017 multa
599 2963 717 3018 erudeIIa
736 2963 764 3015 in
786 2981 846 3016 snos
869 2965 939 3018 lacta
959 2965 1090 3028 eontinet,
1105 2967 1154 3038 qui

123 3047 250 3117 plurimos
264 3067 297 3100 ex
310 3049 402 3100 amieis
412 3060 439 3100 et
448 3065 540 3102 seeum
550 3046 716 3118 proscriptis,
728 3045 842 3100 crimine
852 3046 1009 3118 proditionis
1017 3049 1155 3104 insimula-

126 3143 177 3196 tor,
193 3132 304 3186 oceidit.

98 3327 121 3391 l·
136 3295 288 3398 Esnarr
305 3347 431 3410 aestate,
447 3353 512 3418 qua
528 3332 634 3396 rietus
650 3345 683 3396 et
699 3331 824 3396 occisus
841 3354 860 3394 a
879 3330 1009 3396 Metello
1024 3331 1060 3396 L.
1078 3333 1154 3396 Hir·

98 3431 207 3496 tnleius
220 3449 309 3506 erat,
326 3432 488 3496 Sertorius
497 3449 530 3496 et
540 3431 733 3520 Pompeius,
746 3425 867 3497 collutis
879 3432 965 3521 apud
975 3434 1154 3500 Sucronem

97 3532 250 3618 oppidum
266 3534 386 3622 signis,
408 3535 562 3622 ambiguo
579 3549 682 3600 marte
697 3533 901 3611 dimicarunt,
924 3535 976 3600 Ab
997 3536 1157 3600 ambobus

98 3650 160 3695 erat
179 3647 409 3724 properatum,
431 3650 470 3699 ut
492 3634 668 3700 adventum
691 3635 814 3700 Metelli
839 3653 1055 3724 occuparent3
1076 3636 1156 3724 dum

99 3728 251 3800 Sertorius
271 3736 492 3800 auxiliatorem
513 3737 615 3800 hostis
632 3737 809 3825 praevenire
831 3737 959 3818 studet,
982 3737 1157 3824 Pompeius

99 3852 276 3902 consortem
298 3838 425 3927 glorite:
443 3838 608 3902 animosus
632 3839 719 3902 enim
743 3838 840 3904 rebus
861 3861 1016 3926 prospere
1039 3837 1157 3926 gestis,

99 3937 180 4017 quod
198 3939 369 4029 segidam,
386 3939 528 4006 nobilem
545 3939 724 4004 celtiberiae
744 3939 877 4020 urbem,
894 3953 1040 4025 ceperat,
1059 3950 1091 4000 et
1108 3957 1158 3998 se·

101 4037 203 4101 cundo
215 4041 256 4104 ad
272 4039 395 4104 flumen
413 4042 548 4106 Durium
563 4040 672 4127 praelio
683 4040 800 4104 ducem
818 4039 962 4102 hostium
980 4039 1016 4100 C.
1032 4037 1158 4102 Heren-

101 4136 184 4202 nium
202 4163 277 4206 cum
293 4142 406 4207 decem
426 4143 562 4231 amplius
579 4141 753 4205 hominum
773 4139 932 4218 millibus,
950 4155 982 4200 et
998 4137 1079 4200 urbe
1095 4137 1159 4199 Va-

189 4307 198 4318 .
220 4257 260 4323 X.
932 4249 972 4320 16
