2875 4900
290 381 361 463 326
464 394 533 462 JO.
560 395 903 468 nREINsuEMu
934 398 1184 469 SUPPLEM.

289 517 405 597 Quum
428 514 516 579 enim
534 513 576 579 ad
596 537 711 580 omnes
730 539 866 604 prorsus
891 517 1060 600 homines,
1079 520 1198 608 quibus
1215 519 1351 608 aliquan·

289 629 359 677 tum
384 614 432 678 rei
456 630 526 693 est,
552 631 609 680 aut
623 617 704 698 fuit,
724 619 846 684 malum
869 618 958 684 istud
982 621 1163 709 pertineat,
1179 645 1197 686 a
1214 623 1352 710 plurimis

290 717 405 798 annis,
421 716 492 781 sine
507 741 604 800 cura,
619 720 689 784 sine
700 720 788 810 lege,
806 737 844 784 ut
857 721 978 809 cuique
988 717 1138 810 potentia
1145 739 1202 786 aut
1215 723 1352 786 debilitas

290 824 417 907 aderat,
435 826 744 911 extorquebantura
758 823 961 908 debitoribus
976 829 1119 909 nummi,
1134 843 1191 891 aut
1202 828 1352 916 negaban-

290 943 354 994 tur.
373 929 442 1010 Ita,
456 927 537 994 dum
549 926 601 992 alii
611 943 737 1015 partem
750 927 846 990 sortis
863 927 1053 1011 offerendo,
1064 928 1190 994 tamdiu
1201 945 1353 1018 usurpatae

288 1032 435 1118 pecuniae
446 1031 557 1094 alienae
568 1027 752 1093 mercedem
765 1029 948 1116 postulant;
962 1030 1033 1107 alii,
1047 1053 1233 1119 quanquam
1247 1047 1352 1118 practer

289 1152 382 1194 suam
396 1132 524 1220 culpam
537 1131 679 1194 fortunis
695 1131 802 1211 exuti,
819 1131 916 1196 etiam
933 1153 1048 1196 usuras
1065 1148 1291 1222 representare
1303 1153 1351 1194 co·

289 1246 423 1320 guntur.
447 1233 575 1296 Justiu'a
595 1247 629 1296 et
650 1231 847 1314 eoncordia,
867 1253 939 1320 quae
960 1232 995 1296 in
1016 1230 1127 1298 medio
1151 1255 1220 1298 esse
1237 1232 1351 1297 debue-

288 1348 382 1414 rant,
398 1333 620 1398 miserandum
637 1335 672 1397 in
689 1333 827 1398 modum
846 1335 1090 1418 lacerabantur,
1107 1335 1214 1400 donee
1230 1355 1351 1423 prorsus

287 1434 498 1500 alexandrino
520 1457 612 1499 more
635 1436 762 1500 nodum
778 1437 869 1500 hunc
887 1437 987 1502 secari
1003 1436 1143 1526 placuit:
1161 1437 1283 1500 utinam
1296 1433 1350 1497 du·

290 1537 382 1602 rabili
406 1535 448 1601 ad
468 1559 582 1625 pacem
610 1536 777 1602 remedio!
806 1537 871 1602 Sed
893 1537 944 1602 his
968 1560 1102 1627 quoque
1129 1536 1349 1608 calamitatibus

290 1640 408 1703 nostris
425 1638 525 1704 linem
544 1639 684 1728 aliquem
703 1638 821 1704 viderit
838 1641 947 1705 Deus!

332 1742 375 1806 ΙΙ.
398 1741 482 1807 Asiae
503 1741 619 1805 acerba
644 1742 689 1806 ob
714 1741 941 1830 impotentiam
959 1741 1194 1807 foeneratorum
1217 1735 1350 1804 conditio

291 1860 375 1921 erat,
393 1840 483 1932 quod
499 1834 688 1932 imperatam
700 1867 719 1907 a
732 1843 820 1908 Sulla
835 1843 1009 1932 pecuniam
1024 1843 1140 1934 viginti
1155 1841 1251 1907 millia
1263 1839 1350 1902 talen·

289 1962 420 2027 torum,
444 1945 589 2010 civitates
610 1967 630 2008 a
650 1945 833 2034 publicanis
852 1946 992 2009 maxime
1010 1946 1072 2009 sub
1089 1946 1239 2035 gravibus
1256 1938 1349 2005 usuris

289 2063 489 2135 acceperant.
503 2039 582 2111 Erat
597 2046 651 2111 illa
667 2047 893 2136 potentissima
908 2048 1025 2129 factio,
1041 2065 1074 2112 et
1090 2049 1280 2136 plerumque
1292 2063 1349 2104 ma·

289 2151 442 2240 gistratus
458 2170 613 2213 romanos
629 2149 748 2237 opibus
771 2165 805 2212 et
821 2149 921 2238 gratia
940 2148 987 2214 sic
1004 2149 1170 2214 habebant
1186 2144 1349 2220 obnoxios,

290 2269 328 2316 ut
348 2253 480 2316 illorum
504 2251 696 2337 auctoritate
711 2250 754 2315 ad
770 2250 909 2339 quodvis
928 2249 1127 2316 desiderium
1152 2271 1248 2317 suum
1271 2241 1349 2309 abuti

289 2372 434 2446 possent.
453 2355 542 2444 Ergo
561 2355 710 2418 servilem
727 2354 761 2418 in
778 2352 915 2417 modum
929 2353 1034 2418 vexati
1048 2351 1276 2441 provinciales,
1292 2365 1348 2432 quo

290 2454 483 2521 exedentem
501 2456 612 2519 omnia
626 2456 817 2545 voraginem
834 2455 1000 2521 interdum
1014 2455 1197 2544 placarent,
1215 2448 1347 2544 privatim

291 2557 411 2621 liberos
425 2577 524 2637 suos,
540 2557 698 2646 virgines,
712 2578 900 2645 puerosque
916 2557 1096 2641 formosos3
1113 2556 1260 2647 publice,
1271 2545 1350 2638 quid·

291 2653 372 2749 quid
388 2675 658 2723 ornamentorum
676 2660 711 2723 in
729 2660 914 2726 civitatibus
932 2676 1019 2743 erat,
1037 2657 1181 2724 rendere
1201 2652 1348 2745 cogebflss·

291 2778 367 2825 ιιιι·
382 2783 455 2849 quae
471 2759 581 2825 omnia
594 2783 698 2848 quum
710 2761 891 2826 insatiabile
907 2760 1013 2825 foenus
1026 2760 1205 2841 hausisset,
1219 2750 1349 2821 necidt'0

292 2862 436 2977 expungi
458 2861 567 2926 debita
584 2878 738 2949 possent,
755 2862 797 2927 ad
816 2878 997 2927 extremum
1016 2862 1078 2951 ipsr
1069 2808 1304 2929 creditbribus
1319 2848 1348 2911 in

291 2964 481 3029 servitutem
497 2962 742 3028 addicebantur.

336 3067 396 3131 111.
415 3065 578 3130 Adversus
594 3065 664 3129 haec
679 3066 835 3129 Lucullus
847 3065 955 3154 primo
968 3064 1159 3147 constituit,
1174 3084 1215 3127 ne
1228 3052 1348 3133 majores

286 3169 478 3234 'centesimis
500 3190 607 3231 usurae
628 3165 844 3248 ducerentur;
864 3163 984 3231 deinde
1002 3186 1137 3249 usuras,
1155 3185 1227 3253 quae
1240 3169 1347 3223 sortem

293 3285 515 3351 excesserant,
530 3270 729 3359 amputarit,
743 3292 812 3333 non
826 3266 868 3333 ad
879 3267 1078 3334 invidiosum
1094 3266 1176 3336 illud
1192 3280 1224 3329 et
1238 3262 1348 3325 invere-

292 3372 440 3437 cundum
456 3372 588 3436 alterius
601 3371 684 3437 tanti
700 3385 943 3447 commentum,
961 3394 1030 3459 quo
1048 3392 1156 3460 nuper
1169 3390 1208 3433 ex
1219 3381 1293 3429 orco
1305 3374 1347 3417 re·

292 3490 428 3555 vocato,
447 3490 479 3537 et
494 3473 762 3562 interpretatione
776 3487 890 3553 aucto,
904 3470 1161 3589 perfidiosissimi
1178 3460 1274 3533 seculi
1289 3472 1348 3519 tur·

292 3573 410 3663 pitudo
432 3574 473 3639 ad
495 3572 747 3664 exstinguendas
772 3570 847 3637 fidei
873 3588 906 3636 et
922 3573 1056 3654 justitiae
1079 3588 1193 3638 tenues
1214 3555 1348 3647 reliquus

193 3673 196 3680 ’
292 3674 416 3753 erudiri
440 3674 576 3765 gaudet,
604 3674 661 3739 scd
688 3674 765 3762 quia
789 3697 858 3739 rem
885 3698 977 3739 suam
1003 3674 1219 3741 creditoribus
1243 3663 1347 3730 salvffl

293 3778 504 3868 praestabat,
491 3799 625 3866 Jamque
634 3774 840 3865 providerat,
855 3792 892 3841 ut
904 3800 1078 3866 expensam
1089 3772 1266 3881 pecuniam·
1271 3762 1361 3825 brffl'

294 3894 548 3996 recuperarent,
572 3894 639 3943 tam
658 3878 809 3967 gravibus
825 3880 933 3945 usuris
953 3880 1089 3943 ulterius
1109 3866 1268 3979 aggravari
1282 3878 1347 3949 pr0·
1353 3912 1357 3919 -

293 3981 435 4046 vinciam
460 4002 527 4044 non
550 3978 743 4067 patiebatur.
761 3982 911 4072 Quippe,
935 3982 1025 4071 quod
1041 3982 1138 4072 longe
1159 3967 1348 4043 utilissimum

327 4180 343 4244 s
360 4184 395 4231 u.
413 4184 444 4231 o.
464 4184 493 4232 c,
510 4183 577 4242 ειη
595 4184 627 4232 ι.
645 4182 673 4233 c.
693 4199 734 4243 ιο.
748 4208 781 4221 -
796 4183 861 4233 rtur.
876 4184 902 4232 tn
919 4184 1031 4233 suanno.
1050 4210 1084 4223 -
1100 4180 1206 4249 appan,
1223 4155 1325 4223 ushal·
