2875 4900
272 371 327 444 IN
356 369 469 440 LOC.
495 371 588 438 LlB.
615 369 799 465 Lxxvlt
828 371 1042 440 Ltvlartl.
1169 367 1190 439 5

12 515 14 532 ³
125 511 194 570 tos,
212 509 249 558 ut
265 494 425 582 pugiones
442 492 504 556 sub
518 491 662 556 vestibus
676 513 788 554 secum
804 491 946 572 ferrent,
962 491 1065 578 iisqne
1076 491 1189 558 adver·

127 617 182 661 sus
194 615 420 681 quoscumque
432 614 514 681 opus
526 607 628 673 essct,
638 613 680 656 ne
691 591 880 655 consulibus
893 589 1025 679 quidem
1036 593 1190 680 exceptis,

127 711 307 761 uterentur.
484 759 489 766 ,

172 799 230 862 Xl.
254 797 307 860 sic
327 797 505 860 instructus
523 793 563 858 nd
585 792 686 858 aedem
704 795 875 858 Castorum
891 792 1013 879 pergit,
1035 791 1093 855 ubi
1110 792 1193 858 forte

128 897 320 962 concionem
345 897 495 961 consules
520 893 704 960 habebant:
730 895 777 958 ibi
801 894 916 975 l'crias,
942 909 980 955 ut
999 915 1114 980 parurn
1134 894 1194 958 rite

12 995 13 1002 '
129 998 266 1080 edictas,
279 1019 414 1086 arguere
429 1017 521 1060 orsus
530 1043 539 1076 ,
549 1010 714 1084 postremo
727 993 795 1058 tolli
808 1015 886 1057 casa
897 991 1195 1073 consulibusjubet‚

129 1097 335 1186 comitiisque
359 1097 469 1186 legum
495 1111 624 1184 tempus
647 1111 746 1182 atquc
771 1093 882 1158 locum
906 1092 985 1156 dari.
1008 1094 1094 1156 Turn
1117 1116 1195 1158 vcro

12 1231 13 1240 ¹
130 1199 318 1264 oonsulibus
333 1197 597 1278 adversantibus,
611 1196 646 1258 in
660 1192 797 1260 nerruiu
810 1193 919 1282 erupit
933 1194 1194 1276 ierom-strictis·

12 1315 13 1320 ’
130 1321 194 1386 que
215 1297 429 1364 mucronibus
448 1298 496 1361 ris
516 1297 696 1362 intentatur
710 1319 719 1361 ι
733 1293 819 1359 cedit
832 1296 918 1358 inter
929 1295 1008 1359 alios
1020 1296 1195 1383 Pompeius

129 1397 316 1463 adolescens
331 1397 473 1464 consulis
488 1395 592 1479 lilius,
610 1396 763 1484 idemque
780 1396 912 1460 alterius
926 1397 1070 1460 consulis
1080 1419 1194 1485 gener:

130 1513 222 1586 pater
241 1497 416 1586 Pompeius
436 1499 516 1562 clam
532 1497 690 1562 elabitur:
707 1497 811 1577 Sulla,
827 1495 931 1583 quiin
948 1495 1085 1562 domum
1101 1497 1194 1561 Marii

132 1597 340 1688 confugerat,
357 1598 443 1680 sive,
459 1615 497 1662 ut
509 1598 578 1687 ipse
592 1598 628 1662 in
638 1597 885 1662 Commentariis
900 1597 1196 1686 prodidit,cinctus

132 1699 340 1764 inimicorum
353 1697 465 1788 gladiis
476 1697 683 1764 conmutandi
697 1700 992 1781 causa'secesserat,
1003 1721 1106 1786 quum
1120 1698 1196 1764 inde

12 1799 13 1818 ¹
132 1799 279 1864 rediisset
294 1801 330 1862 in
346 1801 473 1882 forum,
486 1800 649 1880 justitium
663 1822 704 1864 ex
715 1799 882 1864 voluntate
896 1799 1027 1886 Sulpicii
1040 1799 1146 1863 solvit.
1220 1849 1224 1874 ,

176 1901 252 1965 Xll.
275 1899 355 1966 ldeo
376 1901 537 1989 Sulpicius
562 1901 692 1987 reliquit
716 1899 937 1990 magistratum
957 1899 1070 1982 Sullae,
1094 1923 1197 1986 quum

133 2000 287 2066 cumdem
304 2001 345 2084 Q.
366 2002 523 2090 Pompeio
540 2001 721 2092 abrogaret.
737 2003 789 2066 Ita
800 2000 954 2064 dimissus
967 2000 1009 2064 ad
1021 2001 1198 2064 exercitum

12 2139 13 2148 κ
133 2101 243 2182 Sulla,
259 2125 363 2189 quum
381 2105 524 2191 Capmm
543 2103 700 2184 venisset,
718 2100 808 2165 unde
824 2101 922 2165 rebus
941 2100 1095 2164 omnibus
1110 2099 1199 2164 ordi·

135 2200 217 2263 natis
235 2198 277 2262 ad
296 2199 417 2264 bellurn
440 2201 607 2283 asiatipum
627 2223 762 2292 pergere
784 2215 959 2281 statuerat,
982 2201 1018 2264 P.
1039 2201 1199 2288 Sulpicius

134 2299 258 2388 legem,
276 2300 368 2382 cujus
386 2322 463 2390 ergo
480 2302 586 2366 turbae
601 2301 669 2366 istoe
684 2301 827 2367 excitatae
841 2323 956 2364 omnes
969 2301 1114 2376 fucrant,
1129 2323 1201 2387 per·

12 2464 13 2497 3
136 2399 219 2483 fert;
240 2398 411 2489 Caittmque
425 2401 566 2467 Marium
575 2425 635 2492 pro
649 2402 744 2467 Sulla
761 2401 967 2467 mithridatici
977 2400 1054 2465 belli
1069 2405 1202 2490 tmpera-

136 2517 235 2566 torem
254 2525 316 2567 csre
329 2503 432 2582 jubet.
450 2504 591 2568 Mittitur
607 2526 625 2567 e
640 2502 775 2593 ¹vestigio
796 2502 979 2585 Gratidius,
997 2504 1201 2593 propinquus

138 2620 170 2667 et
185 2603 308 2693 legatus
328 2604 444 2685 Marii,
463 2628 538 2670 cum
555 2604 619 2669 alio
637 2604 769 2671 tribuno
792 2605 950 2688 militum,
971 2605 1028 2692 qui
1044 2605 1200 2669 nolanum

138 2705 314 2769 exercitum
338 2704 379 2769 ad
401 2706 540 2769 Marium
560 2704 752 2793 perducant.
771 2709 815 2769 At
827 2705 938 2787 Sulla,
955 2703 1110 2793 cognitis,
1129 2726 1203 2790 quar
1254 2724 1257 2727 ’

136 2806 172 2869 in
185 2806 275 2869 Urbe
288 2805 420 2888 fierent,
431 2808 497 2887 jam
516 2806 558 2871 ad
574 2807 716 2895 legiones
737 2822 869 2870 venerat
887 2806 992 2892 prior,
1008 2818 1202 2889 vocatosque

139 2905 172 2967 in
187 2906 379 2969 concionem
392 2906 436 2971 ita
450 2922 517 2971 crat
530 2906 736 2995 alloquutus:

183 3006 276 3071 Xlll.
296 3038 309 3061 ι
321 3006 404 3089 Qum
420 3030 478 3095 per
495 3007 593 3071 hosce
609 3007 678 3073 dies
696 3008 731 3071 in
746 3008 834 3069 Urbe
853 3022 942 3095 gesta
955 3020 1050 3083 sunt,
1066 3002 1202 3085 milites,

139 3129 200 3170 «ee
211 3106 297 3171 varic
306 3106 348 3171 ad
361 3130 418 3171 vos
434 3110 553 3195 perlata
567 3132 635 3173 esse
651 3108 818 3187 existimo,
834 3123 873 3171 ut
883 3108 984 3169 ferme
997 3106 1120 3185 solent,
1132 3128 1205 3191 quae

141 3208 296 3273 «incertis
316 3210 525 3292 auctoribus,
543 3225 600 3274 aut
620 3233 702 3300 vago
723 3230 875 3289 rumore,
896 3204 1106 3271 differuntur.
1128 3207 1206 3289 Quo

140 3338 152 3361 ·
165 3309 265 3397 ntagis
278 3308 390 3375 advos
403 3310 644 3400 properandum
656 3334 727 3377 esse
737 3310 864 3390 censui,
877 3324 915 3373 ut
927 3309 961 3373 in
975 3308 1205 3386 communibus

141 3406 290 3487 «injuriis
315 3411 421 3474 mutui
436 3410 607 3500 adspectus
634 3412 750 3477 solatio
775 3427 961 3491 uteremur3
979 3427 1012 3475 ct
1028 3433 1105 3486 vos,
1126 3410 1206 3497 quid

69 3558 75 3566 .
142 3508 245 3571 «mibi
263 3509 306 3573 sit
328 3510 362 3574 in
384 3512 597 3599 presentibus
616 3512 762 3594 consilii,
785 3534 865 3601 ego,
882 3509 962 3597 quid
980 3511 1073 3576 vobis
1088 3511 1206 3575 volun·

141 3636 155 3661 ·
167 3610 256 3691 tatis,
273 3634 553 3699 cognosceremus.
570 3610 655 3677 Nam
676 3611 837 3702 siquidem
853 3610 967 3699 populi
983 3611 1109 3675 romani
1126 3634 1207 3674 con·

143 3710 287 3793 ·sulem,
301 3712 527 3799 imperatorem
547 3730 710 3795 vestrum,
731 3735 798 3777 una
821 3734 896 3777 cum
917 3710 1072 3793 concordi
1086 3711 1209 3797 collega

175 3944 191 4009 s
206 3946 238 3993 K.
250 3946 360 4010 Appiam
376 3972 410 3985 -
428 3946 444 4009 5
456 3948 501 3995 Π.
519 3946 643 3997 Plutarch.
662 3948 690 3995 in
706 3947 788 4005 Sulla,
802 3962 855 4011 cop.
867 3946 914 4003 ro,
927 3956 953 3993 ot
964 3945 1029 3993 ttae.
1047 3958 1101 4005 otp-
1119 3942 1161 4001 57·
1174 3966 1210 3977 -

142 4028 249 4091 Appias.
262 4056 295 4066 -
306 4028 361 4077 Liv.
372 4030 437 4093 Epit.
450 4056 484 4067 -
491 4031 556 4079 Vell.
568 4058 603 4067 -
612 4030 628 4094 S
638 4029 863 4081 K11.Plotarcb.in
873 4029 941 4077 Sulla
952 4039 976 4075 et
988 4028 1050 4073 Mar.
1061 4051 1094 4061 -
1103 4024 1211 4089 Appian.

141 4127 194 4175 cap.
211 4114 253 4159 58.
266 4139 300 4149 --
310 4112 363 4159 Val.
376 4114 444 4163 Max.
459 4114 510 4171 tx,
523 4130 547 4173 7.
561 4142 595 4151 --
610 4112 685 4161 Diod.
699 4114 766 4178 npod
775 4112 857 4161 Voles.
