2875 4900
273 351 320 440 64
449 355 516 422 JO.
543 353 881 426 FRElNSllEMll
908 354 1153 424 SUPPLEM.

319 475 393 538 XII.
411 472 536 556 «Quod
557 473 584 536 si
608 473 681 561 quis
705 473 853 538 diffidere
875 474 982 555 malit,
1006 489 1041 538 et
1058 496 1202 564 praesago
1223 475 1335 540 auimo

273 609 286 634 ι
296 579 482 642 futurorum
497 575 657 640 malorum
675 575 883 640 acerbitatem
897 597 1063 655 enarrare,
1077 577 1107 640 ei
1120 575 1185 639 boc
1196 578 1268 640 fore
1283 599 1336 640 eo·

273 677 482 768 «gisandum,
499 698 606 764 neque
622 677 675 740 illa
694 677 823 757 evitari,
838 677 901 740 bac
913 676 1046 764 quidem
1059 677 1202 756 ratione,
1217 693 1250 740 et
1264 699 1336 765 pro-

274 811 287 836 «
297 779 404 844 vocari
420 793 571 866 praeterea
587 779 680 866 plura
701 800 806 866 posse.
821 777 898 842 Nou
916 777 962 840 ita
976 799 1054 840 curn
1069 777 1167 840 rebus
1184 778 1335 842 humanis

275 881 364 969 «agi,
386 895 421 943 ut
435 879 581 966 quolibet
598 895 745 968 tempore
758 880 861 942 teneri
877 894 976 966 queat
987 893 1058 942 tuta
1070 895 1105 942 et
1116 879 1335 966 periculorum

275 985 409 1070 «expers
421 981 489 1042 via:
502 979 695 1067 plerumque
709 979 803 1044 deco
815 979 1045 1044 tantummodo
1059 979 1245 1062 deliberari,
1259 997 1336 1044 utro

274 1113 287 1138 «
298 1079 397 1162 modo
408 1079 608 1144 miseriarum
619 1079 661 1144 sit
670 1081 819 1145 futurum
828 1081 948 1144 minus.
958 1081 1041 1145 Saue
1050 1088 1118 1144 non
1127 1104 1197 1146 esse
1205 1081 1335 1146 inanem

275 1213 288 1238 ι
300 1197 424 1244 metum
441 1202 572 1260 eorum,
591 1179 647 1267 qui
660 1181 898 1246 vehementiam
916 1181 1045 1261 Ciuuae,
1061 1182 1118 1268 qui
1132 1183 1336 1270 asperitatem

276 1281 392 1348 «Marii
405 1281 558 1346 timeant:
571 1280 644 1363 sed,
658 1297 696 1346 ut
707 1282 818 1346 omnia
830 1304 930 1370 quam
941 1281 1068 1369 possint
1080 1281 1256 1370 procedant
1268 1306 1339 1372 pes·

275 1415 288 1440 ι
298 1384 397 1466 sime,
413 1382 447 1446 in
464 1403 585 1470 paucos
598 1382 681 1446 forte
698 1383 912 1471 expetituram
929 1383 1159 1464 calamitatem
1177 1383 1335 1472 populum

275 1501 385 1550 «certe
401 1505 592 1564 romanum,
610 1483 799 1570 Urbemque
816 1484 941 1548 intuto
959 1484 1041 1549 iore.

319 1587 411 1650 Xlll.
431 1585 568 1672 «Neque
583 1584 664 1648 scire
684 1585 790 1672 ipsos,
809 1584 867 1670 qui
889 1584 974 1648 hauc
997 1583 1191 1648 seutentiam
1208 1585 1336 1667 dicant,

276 1703 454 1750 «utrumne
466 1685 596 1749 illorum
611 1686 769 1775 sanguine
781 1685 896 1749 satiare
909 1684 1121 1774 cupiditatem
1131 1687 1265 1751 ultionis
1277 1687 1339 1750 ini·

274 1819 287 1844 ι
297 1789 370 1852 mici
387 1787 488 1852 velint
509 1809 516 1850 :
536 1786 593 1850 sed
611 1787 656 1850 ita
671 1787 870 1867 existimare,
887 1786 949 1851 sibi
965 1785 1137 1851 subeunda
1154 1788 1265 1874 potius
1279 1809 1337 1852 ex·

274 1906 396 1954 «trema
406 1888 514 1953 omnia
526 1910 605 1968 esse,
615 1903 653 1950 ut
660 1887 783 1951 Urbem
795 1904 934 1967 servent,
943 1909 1042 1974 qrram
1052 1885 1336 1968 committendum,

274 2023 287 2046 ι
296 2008 351 2073 ut,
365 2013 430 2054 suae
442 1987 671 2053 incolumitatis
683 1987 799 2075 gratia,
812 1987 1048 2075 rempublicam
1059 1986 1338 2075 inexplicabilibus

274 2123 287 2148 a
297 2091 389 2156 malis
403 2089 574 2153 involvisse
584 2086 745 2152 dicantur.
760 2089 900 2152 Mortem
915 2087 1016 2152 cuivis
1032 2087 1231 2152 tolerandam
1247 2110 1338 2171 esse;

275 2191 426 2270 «felices,
450 2189 507 2276 qui
528 2188 572 2252 ob
597 2188 733 2276 patriam
757 2189 971 2276 oppetieriut,
992 2189 1151 2253 feliciores
1173 2190 1287 2270 etiam,
1309 2191 1337 2252 si

275 2304 499 2354 «antevertant
518 2303 728 2376 avertantque
750 2289 864 2376 populi
883 2288 1006 2354 cladem
1026 2312 1034 2354 τ
1053 2290 1126 2370 cui,
1146 2291 1173 2354 si
1191 2291 1340 2354 trabatur

274 2420 287 2444 «ι
297 2388 441 2470 obsidio,
455 2390 539 2452 larue
558 2387 764 2477 pereundum
780 2390 838 2472 sit;
856 2390 884 2454 si
898 2391 1077 2479 pugnando
1094 2391 1203 2457 vincat
1217 2392 1339 2472 hostis,

274 2520 288 2546 ι
298 2491 395 2555 ferro.
414 2488 513 2571 Quod
529 2490 556 2553 si
569 2489 653 2553 forte
664 2492 777 2555 Cinnae
794 2508 852 2556 aut
867 2492 962 2557 Marii
978 2508 1126 2581 suspecta
1141 2493 1339 2581 quibusdam

272 2623 289 2671 ‚a
299 2592 341 2655 sit
357 2590 456 2673 fides,
473 2592 573 2680 pactis
588 2592 742 2681 obligari,
761 2609 794 2656 et
810 2592 1024 2673 jurejurando
1042 2616 1163 2682 posse:
1184 2610 1218 2660 et
1237 2612 1277 2659 ut
1291 2597 1341 2661 sie

275 2712 432 2780 «quoque
456 2714 523 2755 non
547 2692 656 2755 omnia
679 2693 899 2781 respondeant
916 2693 1018 2774 votis,
1043 2695 1206 2759 mitiorem
1228 2712 1338 2763 tamen

275 2793 420 2881 asperari
435 2792 591 2857 victorem
613 2814 726 2880 posse,
744 2795 798 2858 cui
815 2794 1019 2861 conditiones
1039 2810 1073 2859 et
1091 2817 1221 2883 preces,
1237 2820 1340 2885 quarn

274 2927 287 2951 ι
296 2895 350 2960 cui
366 2916 453 2957 arma
468 2894 669 2981 opposueris.
680 2926 693 2951 s

317 2996 405 3059 xlv.
427 2996 485 3059 llis
502 3011 600 3082 atque
616 2995 736 3059 talibus
752 2996 865 3081 pauci,
885 3011 919 3059 et
938 2998 1099 3085 precipue
1112 3000 1155 3081 Q.
1167 2998 1340 3081 Metellus,

273 3097 484 3161 obsistebant.
500 3126 513 3151 ι
524 3096 647 3159 Vellem
664 3095 836 3183 equidem,
853 3096 977 3183 inquit,
1001 3115 1057 3162 aut
1071 3099 1196 3163 civibus
1219 3101 1341 3163 nostris

273 3229 285 3252 «
297 3195 468 3276 modestia,
480 3212 537 3259 aut
544 3196 670 3261 senatui
680 3197 808 3260 animus
818 3197 1030 3263 constitisset:
1043 3200 1131 3263 nulla
1142 3199 1341 3265 exstitissent

273 3297 399 3360 «civilia
412 3296 508 3376 bella,
526 3312 583 3360 aut
598 3319 783 3385 compressa
796 3297 828 3361 iu
844 3299 916 3386 ipso
929 3315 1047 3363 exortu
1062 3301 1216 3381 fuissent,
1228 3324 1341 3389 neque

273 3419 356 3461 «nos
373 3420 466 3461 novae
483 3395 723 3461 deliberationis
739 3420 918 3486 egeremus.
934 3400 998 3464 Sed
1016 3402 1093 3489 quia
1112 3402 1242 3491 pessimi
1262 3405 1341 3490 qui·

273 3521 360 3586 «que
376 3498 485 3561 omnia
499 3497 639 3579 audent,
656 3498 736 3563 boni
750 3501 861 3563 omnia
875 3500 1070 3585 formidaut3
1090 3503 1124 3567 iu
1139 3504 1228 3569 bunc
1239 3505 1341 3569 nimi·

272 3624 369 3665 «rum
390 3614 511 3663 statum
534 3622 583 3663 res
605 3601 772 3687 pervenit,
791 3618 829 3665 ut
848 3604 934 3691 leges
949 3602 990 3667 ab
1007 3603 1058 3667 his
1079 3626 1235 3693 cogamur
1251 3607 1341 3671 acci·

273 3726 390 3792 apere,
408 3703 544 3790 quibus,
566 3702 592 3765 si
616 3702 702 3791 leges
723 3703 884 3784 valerent,
903 3705 1013 3768 nullus
1034 3722 1120 3769 esset
1138 3706 1341 3771 consistendi

272 3820 364 3869 stota
387 3804 474 3867 ltalia
500 3803 599 3869 locus.
621 3804 703 3867 Mihi
727 3826 804 3867 sane
827 3806 924 3869 etiam
949 3807 1066 3870 servari
1085 3808 1341 3895 rempublicam,

272 3906 419 3969 «consuli
436 3905 577 3983 civibus,
594 3904 680 3993 parci
695 3906 768 3967 vitu
785 3922 834 3969 tot
848 3907 1004 3987 millium,
1023 3908 1110 3994 parci
1124 3909 1341 3975 incolumitati

272 4040 285 4062 «
295 4008 418 4095 placet:
437 4005 494 4069 sed
509 4030 575 4069 sera
594 4006 662 4067 lroec
676 4022 740 4085 est,
755 4022 926 4093 postquam
941 4007 1030 4071 nulla
1042 4008 1137 4071 nobis
1153 4024 1251 4072 restat
1265 4033 1342 4098 qua·

273 4109 411 4171 «servari
423 4106 602 4195 respublica
613 4108 725 4195 possit,
734 4106 937 4191 deliberati03
949 4125 982 4171 et
995 4109 1136 4195 reliquiis
1148 4110 1216 4189 ejus
1227 4134 1343 4198 quem·
