2875 4900
306 352 374 421 282
484 353 554 419 JO.
582 351 918 422 FREINSHEMII
950 349 1187 420 SUPPLEM.
1240 379 1242 389 ·

304 470 471 569 Cyziceni,
487 493 547 536 sua
563 487 597 537 et
611 473 736 536 Luculli
753 473 871 536 virtute
888 473 1085 552 incolumes,
1104 494 1169 558 quo
1184 469 1260 560 grati
1277 491 1341 556 erga

304 573 390 637 bene
407 573 558 639 meritum
576 590 697 655 essent,
711 573 808 638 ludos
820 573 960 638 victoriae
973 573 1120 638 solennes
1135 571 1342 650 instituerunt,

306 673 458 738 Larcullea
470 692 642 756 vocantes,
662 676 852 764 ipsumque,
873 698 976 763 quum
996 676 1155 764 ingressus
1174 673 1282 737 urbem
1298 693 1342 735 es·

305 793 373 856 set,
389 777 555 864 exquisitis
574 777 756 840 honoribus
773 792 975 864 acceperunt.
999 775 1197 840 Mithridates
1217 775 1343 851 interea,

305 896 410 962 quum
430 877 664 965 quinquaginta
684 899 800 960 naves,
824 878 858 940 in
880 878 999 965 quibus
1018 876 1129 942 decern
1151 876 1245 940 millia
1267 873 1343 960 dele·

305 992 434 1039 ntorum
456 978 600 1040 virorum
622 978 839 1066 imposuerat,
860 979 895 1043 L.
908 979 1021 1062 Vario,
1045 995 1078 1042 et
1096 977 1271 1042 Alexandro
1291 975 1344 1038 Pa·

305 1078 477 1166 phlagoni,
498 1095 531 1142 et
548 1080 706 1168 Dionysio
723 1082 876 1145 eunucho
892 1079 1090 1163 tradidisset,
1107 1103 1180 1144 cum
1196 1079 1345 1164 aliquanto

305 1179 462 1265 ampliore
481 1202 619 1244 numero
632 1182 826 1246 Perinthum
847 1181 1026 1272 navigavit3
1046 1184 1226 1268 frustraque
1239 1192 1344 1242 tentata

306 1279 417 1367 oppidi
439 1281 591 1369 capiundi
613 1306 690 1371 spe,
713 1283 936 1348 Nicomediam
962 1284 1120 1372 bithyniae
1142 1283 1233 1372 petiit
1240 1329 1248 1362 ,
1269 1293 1345 1367 post·

305 1401 403 1466 quarn
419 1381 506 1468 apud
519 1383 650 1448 Parium
668 1407 707 1449 ex
724 1402 860 1473 utraque
878 1385 976 1450 classe
992 1386 1110 1450 multas
1128 1405 1221 1449 naves
1235 1398 1344 1467 tempe·
1400 1427 1401 1440 ,

307 1496 388 1545 state
405 1482 606 1570 perdidisset.

350 1584 422 1649 XV.
445 1587 563 1674 Neque
584 1587 720 1651 Lucullo
743 1603 871 1675 tempus
897 1609 964 1675 per·
980 1585 1084 1649 otium
1110 1581 1345 1670 transigebatur,

306 1684 402 1770 quin,
421 1707 461 1749 ex
483 1687 574 1750 omni
595 1688 671 1752 Asia
689 1688 824 1751 navibus
845 1686 885 1751 ad
908 1687 1154 1774 Hellespontum
1176 1678 1346 1754 contractis,
1400 1727 1401 1732 1

306 1785 438 1849 classem
462 1804 681 1875 compararet;
703 1805 791 1853 tanta
816 1787 950 1869 fiducia,
975 1803 1013 1850 ut
1033 1785 1159 1860 senatui
1184 1783 1241 1848 tria
1264 1775 1347 1843 millia

304 1887 500 1952 talentorum
523 1889 565 1953 ad
588 1912 644 1953 eos
670 1912 747 1954 usus
767 1889 955 1954 decernenti
981 1886 1189 1967 rescriberet,
1212 1899 1347 1946 stantarum

305 2011 376 2050 eam
390 1992 507 2052 oerario
522 2012 554 2052 se
562 2013 696 2079 parcere
703 2015 716 2070 ,·
734 2013 832 2080 neque
850 1991 920 2054 ideo
941 1991 1044 2053 minus
1060 1988 1184 2052 auxilrb
1204 1981 1348 2048 sociatum

306 2092 433 2152 nnvutm
448 2094 561 2154 Asiam
573 2092 641 2155 ab'
626 2115 750 2156 incursu
769 2096 923 2180 regiorum
941 2113 1003 2154 esse
1021 2089 1234 2154 liberaturum.
1250 2083 1350 2168 Neque

306 2191 465 2277 promissa
480 2191 549 2270 ejus
567 2193 862 2282 magnificentiora,
881 2215 979 2281 quam
1000 2191 1100 2271 facta,
1122 2191 1261 2254 fuerunt
1275 2183 1349 2246 Clas·

306 2313 373 2354 seni
396 2293 440 2357 ita
462 2292 644 2374 distribuit,
667 2309 705 2358 ut
724 2317 799 2358 cum
819 2309 909 2382 parte
933 2293 1080 2372 narium,
1105 2291 1146 2355 ad
1169 2280 1351 2375 recipiendas

307 2391 454 2482 Phrygiae
481 2395 577 2459 urbes
596 2396 760 2460 Valerium
783 2397 960 2477 Triarium,
991 2415 1066 2458 cum
1092 2393 1163 2456 aliis
1186 2385 1350 2453 Voconium

306 2494 442 2557 llarbam
458 2496 499 2559 ad
516 2496 737 2562 distinendum
756 2496 954 2563 Nicomediae
971 2494 1193 2559 Mithridatem
1210 2491 1350 2559 mittereu

307 2595 376 2681 ipse
390 2596 523 2684 reliquis
540 2596 581 2661 ad
596 2621 648 2680 ea,
663 2622 736 2688 qure
751 2614 974 2678 occurrerent,
991 2620 1123 2661 usurus.

351 2696 439 2762 XVl.
457 2699 506 2762 Ab
521 2701 673 2764 omnibus
689 2698 823 2764 feliciter
839 2722 889 2763 res
907 2714 1004 2787 gesta.
1020 2696 1168 2760 Triarius
1181 2698 1354 2782 Apameam,

305 2820 378 2885 quas
402 2798 529 2864 Cibotus
550 2802 861 2917 cognominabatur,
884 2800 1059 2863 maximum
1080 2814 1161 2885 post
1184 2791 1353 2883 ephesinam

306 2899 421 2963 urbem
442 2901 525 2964 Asiae
536 2924 738 2989 emporium
755 2900 892 2965 obsedit.
909 2900 1010 2965 Erant
1023 2922 1140 2988 magna
1152 2892 1301 2961 beneficia
1312 2910 1355 2951 re

306 3000 354 3089 gis
366 3023 464 3088 penes
474 3005 674 3091 Apamenos,
686 3002 777 3090 quod
788 3018 880 3065 terrae
891 3000 1033 3065 motibus
1044 3015 1225 3087 quassatam
1238 2992 1355 3063 urbem,

307 3117 439 3166 centum
460 3104 587 3168 talentis
604 3105 735 3192 publice
758 3103 846 3167 dono
865 3102 962 3183 datis,
981 3102 1147 3165 refecerat.
1171 3098 1270 3187 Igitur
1286 3088 1355 3153 aeris

305 3192 505 3321 aliquamdiu
520 3204 683 3286 defensio,
695 3222 813 3294 etpost
825 3205 1116 3294 expugnationem,
1132 3200 1232 3266 credes
1245 3210 1356 3265 eorum,

306 3305 403 3369 etiam
418 3307 474 3392 qui
490 3306 524 3369 in
544 3308 664 3395 templa
685 3308 914 3396 confugerant,
931 3306 1003 3369 fuit.
1022 3308 1111 3369 Dum
1131 3302 1172 3367 ad
1192 3302 1279 3364 hunc
1294 3313 1355 3357 mo·

307 3404 386 3467 dum
410 3408 549 3494 Apamea
571 3423 730 3487 vastatur,
752 3408 871 3488 Prusa,
896 3428 968 3493 quae
989 3405 1050 3469 sub
1068 3404 1207 3469 Asiatico
1227 3398 1356 3484 Olymp⁰

303 3506 403 3587 jacet,
417 3530 475 3595 per
491 3509 625 3572 Barbam
641 3526 732 3597 capta
749 3531 786 3571 ac
802 3507 926 3595 direpta
943 3524 1000 3572 est
1019 3507 1163 3571 Triarius
1179 3503 1271 3568 etiam
1283 3496 1356 3559 Pru-

306 3606 445 3690 siadem,
464 3610 658 3675 maritimam
673 3612 807 3692 urbem,
823 3633 894 3698 quae
908 3612 986 3674 olim
1006 3610 1083 3674 Cius
1099 3612 1221 3684 fuerat,
1234 3590 1358 3665 volenti·

307 3709 368 3773 bus
384 3710 554 3800 oppidanis
570 3712 708 3799 recepit,
730 3733 786 3798 qur
778 3710 986 3799 'praesidium
1006 3712 1089 3798 regis
1106 3707 1307 3797 expulerant,
1324 3712 1358 3755 ιθ

307 3815 424 3877 merito
440 3814 621 3876 libertatem
637 3814 678 3877 ab
692 3814 849 3877 Romanis
867 3812 985 3901 adepti.

342 3964 447 4028 δΧΝ.
470 3965 647 4013 Plutarch-
665 3970 737 4015 Οιοι.
750 3970 798 4025 Vl,
816 3986 840 4017 a.
862 3998 897 4006 -
916 3970 1078 4035 Appiam-
1045 3966 1181 4031 -5ῚΝ
1196 3964 1350 4009 Memnon

308 4050 404 4097 Sallust.
416 4048 480 4097 nin.
492 4050 556 4108 lV‚'
550 4067 574 4096 ιιι
585 4052 655 4115 epist
668 4050 1143 4117 Mithrid.-t‘1ur.-§xv1.stab
1154 4048 1197 4095 lib.
1209 4034 1355 4103 xt1‚p5··

307 4144 332 4181 et
343 4134 401 4193 579.
412 4162 445 4171 -
453 4136 580 4182 Memnon.
589 4162 625 4171 -
633 4138 756 4195 Oroavl,
771 4154 795 4185 a.
812 4166 846 4175 —
856 4136 963 4201 Appinu
