2875 4900
297 404 350 473 IN
379 404 490 473 LOC.
518 405 614 471 LlB.
641 403 670 471 C
700 404 916 473 LlVlANl.
1073 402 1142 476 385

82 544 113 591 et
127 526 307 591 Glabrionis
323 526 502 615 Regisque‚
526 524 646 611 quibus
668 538 745 588 ante
762 540 894 612 tempus
916 523 1144 591 adimebantur

81 628 266 715 protinam,
290 628 448 691 commoti
466 627 594 707 Patres,
617 641 791 700 mutuose
813 625 1087 709 cohortabantur,
1105 646 1144 692 ut

81 728 155 792 huic
170 728 331 819 rogationi
346 728 543 793 resisterent.
560 725 625 791 Sed
640 726 699 790 ubi
718 727 927 791 comitiorum
947 728 1016 791 dies
1030 729 1142 811 affuit,

82 846 112 891 et
132 829 260 897 incitata
276 828 389 918 populi
404 828 555 892 voluntas
577 828 793 891 constantiam
809 845 1010 910 excusserat,
1029 847 1145 918 praeter

84 930 123 1011 Q.
133 932 282 995 Catulum
296 944 330 994 et
343 930 384 1010 Q.
397 928 627 1010 Hortensium,
642 929 699 1016 qui
713 928 884 993 Gabiniam
896 952 1030 1018 quoque
1040 932 1145 1021 legem

80 1028 390 1111 dissuaserunt,-ora
411 1052 525 1093 omnes
548 1046 737 1094 tenuerunt.
759 1032 800 1112 Q.
815 1032 948 1095 Catulus
971 1034 1074 1097 multa
1095 1035 1146 1099 lo·

81 1146 217 1216 quattu,
234 1152 339 1219 quum
355 1146 502 1195 moveret
516 1130 696 1211 neminem,
713 1152 798 1218 saepe
813 1132 1017 1214 exclamavit,
1032 1133 1074 1197 ad
1087 1135 1148 1199 Pa·

82 1247 143 1295 tres
171 1252 364 1312 conversus,
394 1232 601 1320 quaerendam
629 1252 691 1295 esse
720 1254 825 1295 arcem
853 1233 981 1297 ruenda
1011 1233 1150 1300 libertati

81 1334 111 1394 iu
133 1346 223 1396 tauta
245 1332 458 1420 desperatum
479 1354 583 1396 renum
609 1334 766 1412 ommium„
788 1334 1054 1420 quemadmodum
1076 1360 1146 1401 mo·

71 1432 157 1519 jures
177 1432 253 1495 olim
276 1431 361 1497 bello.
380 1431 522 1519 gallico,
553 1431 669 1497 deserti
691 1424 713 1496 u
732 1433 868 1522 populo,
896 1437 929 1498 iu
957 1436 1147 1526 Capitolriou

81 1532 300 1621 confugissent.

122 1636 161 1699 V.
178 1634 242 1701 Sed
263 1636 357 1699 seivit
378 1636 482 1727 legem
505 1636 667 1724 populus,
691 1651 725 1710 et
743 1635 846 1723 ipsius
867 1637 991 1701 Manilii
1015 1641 1144 1729 egregia

80 1736 235 1800 concione
248 1735 420 1819 inductus,
437 1752 470 1801 et
483 1738 616 1801 Coesaris
631 1753 730 1825 atque
739 1738 903 1801 Ciceronis
916 1740 1077 1827 impulsus
1090 1765 1145 1806 au·

80 1838 244 1919 ctoritate,
264 1838 321 1925 qui
342 1860 412 1901 eam
436 1855 620 1921 suaserant,
642 1839 757 1903 Cicero
774 1838 908 1926 quidem
926 1862 962 1905 ea
978 1842 1145 1925 oratione,

80 1960 175 2026 quam
192 1938 360 2027 hodieque
377 1940 530 2004 mirantes
544 1940 668 2030 legunt.
686 1942 792 2005 Caesar
804 1941 901 2004 etiam
911 1940 1083 2039 Cabirum
1097 1945 1146 2008 le·

80 2064 150 2129 gem
164 2039 351 2122 adjuveram
368 2063 436 2104 non
453 2041 544 2128 quod
562 2042 719 2128 Pompeio
738 2058 888 2130 cuperet,
905 2040 963 2105 sed
982 2059 1021 2106 ut
1039 2066 1147 2132 popu·

80 2143 162 2224 lum,
176 2143 271 2224 cujus
285 2158 356 2207 tum
370 2159 439 2208 erat
450 2144 616 2232 potentior
627 2142 777 2207 Patribus
790 2143 906 2225 factio,
924 2144 1058 2209 baberet
1069 2168 1147 2232 pro-

80 2244 214 2332 pitium,
234 2244 453 2332 eumdemque
471 2243 513 2308 nd
535 2242 700 2308 sciscenda
719 2244 820 2307 nimia
840 2259 874 2307 et
892 2244 1060 2325 inusitata,
1084 2246 1148 2309 sibi

81 2367 155 2409 mox
170 2343 284 2409 eadem
299 2346 478 2433 pollicitus,
495 2344 719 2409 assuefaceret.
740 2345 855 2408 Cicero
871 2368 937 2433 prae
957 2368 992 2409 se
1008 2348 1148 2435 optima·

82 2449 160 2511 tium
184 2453 332 2512 amorem
350 2469 478 2535 semper
501 2448 634 2530 tulerat,
658 2468 764 2533 eoque
787 2444 972 2510 aedilitatem
992 2450 1148 2535 petierat,

80 2550 200 2614 omisso
217 2550 406 2629 tribunatu,
423 2571 466 2613 ne
483 2549 596 2635 populi
611 2545 788 2611 studiosior
803 2547 977 2611 videretur.

121 2653 177 2715 VI.
195 2652 280 2715 Tum
295 2667 418 2732 autem,
436 2651 502 2712 sire
519 2650 652 2738 gratiam
669 2650 817 2736 Pompeii
835 2650 1006 2731 affectans,
1022 2653 1089 2716 sive
1109 2672 1148 2716 ut
1242 2665 1246 2671 '

80 2754 112 2818 iu
133 2777 169 2819 se
188 2769 394 2816 momentum
410 2773 496 2833 esse,
513 2750 634 2839 quibus
652 2751 852 2832 accessisset,
871 2752 1017 2840 partibus
1034 2770 1145 2817 osten-

81 2855 187 2937 deret,
199 2854 285 2944 plebi
301 2876 335 2917 se
352 2853 517 2942 applicuit.
530 2855 608 2916 Erat
619 2870 728 2917 autem
743 2870 814 2917 turn
826 2869 944 2940 praeter
954 2854 1148 2941 eloquentiae

80 2958 162 3040 vim,
181 2957 386 3046 magistratus
404 2955 501 3018 etiam
524 2953 739 3041 amplitudine
760 2954 926 3042 potentior
945 2978 955 3016 :
972 2971 1146 3041 praeturam

81 3059 167 3122 enim
187 3057 335 3147 gerebat,
354 3055 499 3120 secundo
517 3053 631 3143 populi
648 3077 798 3136 rumore,
817 3055 955 3117 maxime
972 3070 1146 3143 postquam

81 3159 111 3221 in
130 3157 257 3238 judicio
275 3157 316 3238 Q.
330 3156 446 3220 Licinii
466 3155 566 3218 Macri
584 3177 735 3245 magnam
756 3156 973 3246 integritatem
995 3173 1149 3220 constan·

81 3261 223 3348 tiamque
239 3257 495 3324 ostenderatVir
510 3257 563 3321 ille
577 3257 760 3344 praetorius,
772 3279 876 3344 quum
892 3257 1147 3345 repetundarum
1212 3341 1216 3348 Ι

82 3379 163 3427 esset
188 3361 392 3449 postulatus,
419 3373 540 3422 antam
568 3359 601 3422 in
630 3358 696 3421 suis
724 3356 842 3444 opibus
872 3359 1066 3446 gentilisque
1095 3361 1146 3423 sui

82 3464 124 3529 M.
146 3464 255 3528 Crassi
280 3462 417 3525 amicitia
439 3457 590 3522 fiduciam
612 3474 819 3546 reposuerat,
846 3475 901 3537 ut,
921 3458 1087 3538 judicibus
1112 3460 1146 3523 in

83 3567 274 3655 suffragium
299 3563 424 3641 missis,
452 3561 615 3625 conferret
639 3581 673 3622 se
701 3559 837 3622 domum
864 3574 1017 3645 tanquam
1042 3576 1149 3623 certus

82 3669 202 3749 victor,
218 3681 378 3752 tonsaque
391 3685 502 3742 coma,
519 3679 552 3725 et
565 3661 679 3724 habitu
695 3661 822 3747 priore,
842 3682 940 3746 quem
957 3683 1032 3724 reus
1048 3670 1152 3724 muta'-

84 3786 187 3848 verat,
205 3782 389 3854 resumpto,
406 3766 441 3828 in
458 3765 566 3828 forum
581 3777 807 3826 reverteretur.

117 3981 195 4046 §lV.
208 3981 272 4028 Plut.
287 3979 440 4034 intuente,
457 3995 512 4042 cap.
530 3985 570 4036 qt.
584 4003 619 4012 -—
636 3979 692 4024 llio.
706 4003 741 4012 -
756 3975 772 4037 s
786 3976 818 4022 V.
834 3975 886 4020 Ijv.
900 3974 965 4035 Epir.
985 3999 1021 4008 -
1038 3971 1101 4018 Plnt.
1115 3998 1151 4007 ἡ

84 4065 139 4111 Dio.
150 4089 187 4100 -
196 4062 263 4127 sul.
276 4062 327 4112 eie.
342 4079 388 4127 pro
401 4063 454 4124 lepe
467 4061 555 4108 lllanil.
569 4077 622 4122 cap.
636 4069 668 4113 at
678 4093 685 4114 ‚
697 4071 719 4105 ct
735 4058 764 4103 ad
782 4060 855 4104 Attio.
865 4061 936 4118 Lep.
948 4065 970 4110 4.
983 4057 1070 4102 «ΝιιΙ.
1081 4057 1153 4103 Max.

87 4147 139 4206 lx,
155 4163 196 4194 ra.
210 4173 245 4182 -
259 4146 324 4194 Plut.
817 4155 823 4168 '

187 4243 226 4311 X.
926 4231 989 4322 ,25
