2875 4900
279 325 335 395 IN
363 325 475 393 Loc.
503 327 599 394 LIB.
626 326 750 394 CXVI
780 327 995 399 LIVIANI.
1106 357 1172 429 ²97

99 448 218 530 sisset,
236 462 340 511 metm
353 445 460 512 deleta
471 462 569 527 sunt·;
586 463 710 512 etcum
727 448 851 537 ingenti
867 449 976 537 praeda
990 451 1116 541 fugitivi
1132 457 1173 520 ad

98 548 252 638 proesidia
268 571 328 612 sua
341 563 556 613 recesserunt.

144 651 272 715 XXIII.
286 650 442 730 Senatus,
457 649 503 713 ob
516 664 567 712 tot
580 663 725 737 acceptes
741 671 760 712 a
774 651 1055 738 contemptissimo
1067 652 1173 718 homi·

97 775 186 816 num
206 774 325 841 genere
340 751 464 834 clades,
482 749 611 840 pudore
631 766 666 814 et
684 766 776 816 metu
795 752 969 835 sollicitus,
989 769 1022 818 et
1043 753 1170 842 culpam

97 855 133 917 in
152 855 304 919 consules
324 853 514 934 conferens,
534 852 638 916 vetuit
652 851 714 916 bos
737 851 916 940 quidquam
938 852 1090 941 deinceps
1109 876 1169 941 pro

96 955 241 1043 imperio
250 954 594 1044 ageretnamquIerat
601 953 688 1018 iuter
696 951 780 1018 duos
791 954 905 1018 melior
916 953 1169 1036 Gellius,tamen

96 1057 251 1144 imperite
265 1056 397 1145 gerebat
410 1077 498 1137 rem,
514 1070 548 1119 et
564 1054 743 1119 exercitum
761 1055 794 1118 in
812 1054 925 1120 luxum
943 1056 1168 1146 ignaviamque

95 1158 163 1222 labi
178 1157 373 1246 patiebatur.
393 1158 503 1240 Quane
517 1155 665 1220 infensus
679 1155 709 1219 ei
725 1156 846 1222 militiae
859 1159 958 1242 Cato,
974 1181 1078 1246 quum
1090 1157 1171 1248 prod

93 1274 172 1348 pter
183 1261 320 1324 fratrem
332 1258 533 1346 CoepIonem,
550 1256 608 1344 qui
622 1257 776 1322 tribunus
787 1257 929 1323 militum
941 1275 1026 1340 erat,
1044 1281 1166 1324 nomen

94 1377 219 1448 sponte
230 1357 389 1441 dedisset,
401 1358 544 1423 bonores
562 1373 596 1422 et
612 1358 757 1446 premia,
772 1382 845 1446 quae
861 1361 1020 1428 offerebat
1033 1361 1164 1443 consul,

93 1463 244 1550 accipere
259 1462 382 1543 noluit,
398 1460 533 1524 nihiliis
550 1458 688 1548 dignum
701 1473 812 1524 sctum
828 1481 897 1524 esse
914 1459 1074 1526 dictitans.

138 1563 265 1627 XXIV.
284 1561 411 1626 Idcirco
426 1577 536 1626 tantus
553 1583 591 1626 ea
606 1575 797 1650 tempestate
810 1577 915 1626 terror
928 1562 1052 1626 Urbem
1064 1583 1163 1626 occu·

92 1665 201 1752 pavit,
219 1687 289 1728 non
305 1664 406 1728 levius
424 1664 491 1744 jam
507 1663 768 1751 Spartacium,
784 1683 883 1750 quam
896 1663 975 1728 olim
994 1664 1056 1728 sub
1074 1665 1164 1730 llan-

92 1765 204 1830 uibale
225 1765 366 1853 punica,
393 1763 577 1847 timentem,
597 1779 636 1828 ut
655 1763 813 1852 pretoriis
835 1765 975 1830 comitiis
1000 1763 1162 1830 candidati

92 1865 257 1930 deessent.
272 1865 322 1930 Ibi
335 1866 382 1930 Μ.
391 1864 535 1930 Licinius
547 1867 695 1947 Crassus,
713 1865 883 1932 nobilitate
896 1889 933 1930 ac
945 1865 1064 1932 divitiis
1077 1867 1162 1930 inter

91 1969 236 2054 primos,
252 1989 357 2057 quum
375 1967 416 2031 ad
436 1983 610 2055 praeturam
626 1966 800 2055 petendam
820 1967 1011 2056 prodiisset,
1032 1989 1160 2032 summa

91 2067 269 2133 bominum
276 2070 443 2133 voluntate
450 2070 554 2134 factus
565 2082 624 2132 est.
634 2067 703 2132 Sub
713 2067 800 2132 idem
810 2071 940 2157 tempus
950 2069 1160 2150 L.Lucullus,

91 2187 169 2254 post
178 2169 493 2258 IugemMitbridatis
499 2167 723 2233 Nicomediam
735 2171 912 2257 profectus,
920 2193 996 2236 cum
1008 2171 1054 2234 M.
1063 2172 1159 2234 Cotta

91 2271 281 2358 materiaque
292 2269 431 2334 ducibus
443 2271 587 2333 romanis
601 2267 643 2332 de
653 2269 779 2334 ratione
792 2269 868 2334 belli
880 2271 1015 2336 consilio
1029 2270 1158 2352 habito,

92 2367 133 2432 ita
143 2373 285 2459 partitus
300 2386 368 2435 erat
382 2371 481 2453 vires,
494 2386 533 2435 ut
548 2370 618 2459 ipse
635 2391 696 2459 per
709 2368 944 2459 Cappadociam
959 2387 992 2436 et
1007 2371 1158 2436 mediter·

90 2493 187 2537 ranee
202 2474 459 2562 provinciarum,
475 2496 552 2541 cum
570 2472 709 2537 maxima
719 2472 840 2537 virium
852 2488 943 2562 parte
955 2473 1082 2562 imperii
1096 2475 1157 2541 mi-

91 2570 254 2639 tbn'datici
275 2596 383 2639 arcem
406 2590 550 2662 peteret3
573 2573 620 2637 Μ.
639 2575 735 2639 Cotta
753 2572 795 2638 ad
819 2574 1037 2663 recipiendam
1053 2578 1155 2655 Herc·

90 2672 190 2738 cleam
208 2676 290 2756 iret,
308 2697 385 2741 cum
403 2676 526 2764 reliqua
541 2675 641 2739 classe
654 2674 797 2739 'llinriue
815 2674 1041 2741 mithridaticis
1064 2678 1154 2743 navi·

90 2770 166 2858 bus,
180 2799 222 2841 ex
238 2777 394 2865 IIispania
409 2792 442 2841 et
455 2778 553 2841 Creta
566 2774 734 2857 redituris,
749 2774 966 2841 insidiaretur.
1097 2836 1100 2845 ,

131 2878 238 2942 XXV.
257 2877 374 2967 Neque
396 2876 582 2960 defuerant,
604 2877 661 2965 qui
679 2877 1000 2966 interquiescendum
1017 2878 1154 2942 arbitra·

89 2995 217 3062 rentur,
231 2978 491 3068 reficiendosque
501 3001 540 3043 ex
551 2978 654 3043 nimio
667 2995 701 3042 et
712 2979 872 3044 continuo
888 2978 998 3043 labore
1011 2978 1130 3043 milites
1144 3002 1152 3044 :

90 3079 144 3144 sed
163 3081 335 3163 Lucullus,
354 3082 518 3146 utiliorem
538 3081 609 3171 regi
624 3102 750 3145 moram
770 3098 952 3161 aversatus,
968 3102 1027 3168 per
1039 3080 1153 3168 Bithy·

90 3182 173 3246 niam
189 3184 414 3270 Galatinmque
432 3183 473 3247 ad
491 3183 639 3271 praesidia
654 3182 851 3249 Mithridatis
871 3183 1022 3271 perrexit.
1037 3182 1153 3269 Neque

89 3284 153 3371 regi
166 3293 298 3371 tempus
312 3307 371 3372 per
386 3284 547 3373 ignaviam
563 3285 744 3365 terebatur,
759 3285 839 3373 quin
851 3284 892 3349 ab
903 3284 1014 3349 Amiso
1030 3284 1153 3373 legatos

90 3382 126 3447 ad
140 3385 335 3474 Scytharum
354 3387 502 3475 regulos,
523 3387 746 3474 Parthumque
764 3388 923 3466 Arsacen,
942 3400 975 3449 et
996 3406 1152 3473 generum

89 3483 259 3574 Tigranem
273 3485 418 3551 mitteret
433 3511 441 3553 :
459 3488 613 3553 omnibns
630 3486 743 3553 eadem
757 3488 908 3553 mandata
923 3504 1016 3553 erant
1029 3510 1037 3551 ε
1051 3487 1152 3551 uAliis

90 3586 236 3676 «regibus
256 3604 354 3676 atque
371 3589 578 3671 'nationibum
594 3589 818 3677 compluribus
838 3588 879 3653 de
899 3589 1018 3669 causis,
1037 3610 1149 3675 pacem

90 3686 296 3778 «bellumque
311 3713 396 3779 saepe
412 3692 552 3775 mutari;
567 3714 642 3755 raro
652 3688 694 3755 ad
705 3689 895 3779 cujusquam
909 3690 1086 3778 perniciem
1101 3711 1152 3752 ex·

90 3790 196 3855 «tendi
212 3791 308 3875 odia3
326 3792 401 3876 sed,
422 3794 482 3858 ubi
500 3793 701 3859 satisfactum
721 3791 847 3873 injuriis
868 3792 936 3857 suis
954 3792 1057 3855 victor
1073 3812 1150 3853 cen-

119 4005 134 4068 S
153 4009 250 4059 unt.
269 4009 392 4059 Plntsreb.
414 4010 441 4059 in
461 4012 556 4061 Catone
573 4012 632 4060 min.
646 4036 680 4047 -
699 4007 715 4074 s
732 4010 830 4057 xxtv.
846 4010 917 4055 Oms.
936 4034 969 4043 -
985 4004 1092 4071 Appian.
1114 4029 1149 4041 -

91 4086 208 4139 Batnon.
