2875 4900
238 346 289 416 IN
317 346 433 426 Loc.
460 347 556 418 LIB.
583 349 731 418 XCVII
762 351 977 424 LlVlANI.
1077 355 1141 428 321

91 485 218 530 «nomen
230 466 282 530 rix
292 465 498 556 penetravit?
509 490 570 532 cur
581 468 686 534 hostis
697 485 731 534 et
744 471 903 538 camillcis
915 473 1062 540 officium
1076 479 1145 568 ipse

91 567 253 655 meeupat?
265 567 346 656 quid
357 568 503 634 lacerent
512 571 654 635 Romani
666 571 854 639 crudelius?
864 573 928 640 Sed
942 577 1031 642 aliud
1046 581 1145 646 nimi·

89 689 173 732 «mm
196 685 381 760 exspectare
401 693 531 738 sorores
557 695 627 737 non
649 676 816 762 oportuit,
838 675 880 742 ab
905 677 969 744 isto
990 680 1143 768 quidem,

90 771 155 856 «qui
172 787 305 836 matrem
318 795 484 838 venenum
501 775 610 864 coegit
629 774 760 840 bibere!
778 776 842 842 Sed
858 800 935 867 age,
950 799 1031 869 age,
1052 780 1145 846 biba-

89 893 187 954 «mus,
208 897 319 957 soror,
341 874 369 939 si
393 875 475 940 nihil
492 876 599 960 aliud,
622 876 688 942 boe
710 891 798 942 certe
816 895 1087 967 consequuturae,
1107 897 1146 946 ut

89 989 207 1060 «postea
227 975 311 1040 nihil
333 976 368 1040 in
395 999 456 1042 nos
480 978 536 1042 tali
557 994 699 1066 tymntm
726 979 851 1044 liceat:
873 995 907 1044 at
929 995 981 1063 tu,
1004 984 1145 1071 pessime

90 1076 262 1160 nomnium,
276 1093 311 1141 et
324 1075 541 1166 perfidissime
552 1077 728 1168 parricida,
744 1078 778 1144 in
793 1079 858 1144 hoc
871 1103 930 1168 per
942 1104 1046 1146 annos
1063 1105 1147 1170 qua·

89 1175 242 1268 -draginta
265 1179 407 1270 virgines
428 1181 614 1264 asservasti,
635 1197 691 1264 ut,
708 1167 768 1246 ubi
787 1196 825 1248 tu
847 1205 1010 1248 summam
1033 1207 1145 1250 rerum

88 1277 143 1341 -ad
161 1277 419 1369 desperationem
441 1281 652 1364 adduxisses,
674 1304 803 1348 veneno
825 1285 1053 1350 moreremur?
1072 1287 1147 1352 Tibi

88 1401 177 1444 ‹rero
187 1384 347 1448 scelerum
364 1384 489 1448 ultores
503 1383 548 1450 dii
562 1383 711 1450 eamdem
729 1383 904 1472 aliquando
922 1386 1147 1452 necessitatem

86 1481 257 1547 «moriendi
272 1484 462 1573 imponant,
479 1485 669 1550 facultatem*
678 1486 816 1575 negent!
828 1517 841 1541 ι

123 1583 235 1650 xttss.
247 1585 326 1650 flaec
339 1585 503 1651 dicentem
516 1587 633 1652 Statim
647 1586 892 1671 consolabatur,
905 1587 1038 1653 fratrem
1050 1591 1148 1656 simul

87 1705 238 1751 excusans.
255 1689 422 1752 «Summe
439 1687 597 1771 fortunae,
621 1688 718 1753 sicuti
745 1687 942 1778 singularem
969 1688 1146 1773 honorem,

86 1787 292 1873 «potentiam,
310 1789 464 1878 gloriam,
484 1790 529 1854 ita
551 1811 613 1856 nec
636 1790 785 1879 vulgares
807 1789 970 1854 molestias
990 1791 1147 1871 adjacere.

86 1889 240 1953 «Deorum
263 1889 439 1978 imperium
463 1891 499 1954 in
523 1914 634 1980 reges,
657 1890 936 1979 quemadmodum
956 1892 998 1980 in¹
1014 1909 1148 1958 eeteros

86 1987 245 2056 «homines
263 2007 458 2081 potestatem
480 2015 595 2082 regum
616 2013 686 2058 esse
704 2015 713 2058 z
731 1992 860 2058 nullum
882 2009 975 2057 tanta
992 1993 1149 2080 sapientia

86 2109 154 2155 «aut
166 2092 342 2180 prudentia
356 2117 504 2184 unquam
519 2095 696 2176 exstitisse,
712 2109 751 2158 ut
766 2093 966 2158 destinatum
980 2091 1042 2158 sibi
1056 2117 1075 2157 a
1089 2117 1150 2181 po·

85 2194 234 2260 1tentiore
254 2196 380 2260 exitum
399 2196 501 2260 vitare
517 2195 668 2282 quiverit.
682 2194 811 2260 Idcirco
829 2196 964 2259 minime
982 2196 1149 2283 imputan-

86 2291 176 2358 ·dum
196 2290 398 2378 Mithridati,
417 2297 486 2360 sive
506 2296 597 2384 quod
612 2297 699 2360 vinci
715 2295 883 2378 debuerit,
902 2287 1055 2387 omnibus
1078 2297 1149 2378 fru-

85 2411 162 2461 -stra
176 2398 331 2482 tentatis,
346 2398 415 2463 sive
430 2396 522 2487 quod
534 2399 656 2480 victus,
674 2397 789 2461 ultima
805 2420 882 2463 cura
898 2396 1095 2485 providerit,
1111 2415 1148 2468 ut

85 2498 185 2583 ·quod
204 2493 344 2564 suorum
366 2501 486 2565 servari
508 2523 577 2565 non
596 2515 725 2589 posset,
748 2500 885 2595 honeste
908 2500 1039 2583 saltem,
1059 2517 1092 2564 et
1112 2502 1148 2565 in

84 2598 242 2665 «libertate
256 2618 452 2666 moreretur.

122 2702 232 2769 XLIV.
247 2734 260 2759 ι
271 2703 342 2769 Sibi
354 2725 488 2791 quoque
501 2704 635 2768 minime
649 2705 754 2769 laetam
769 2720 908 2768 mortem
920 2726 989 2767 esse
999 2728 1008 2785 ;
1020 2726 1149 2767 verum·

86 2816 203 2867 «tamen
216 2804 305 2869 hanc
321 2805 433 2885 malle,
450 2827 550 2892 quam
570 2826 643 2893 quse
664 2803 810 2870 timenda
825 2821 934 2869 essent
951 2804 986 2867 in
1004 2820 1149 2893 potesta·

86 2916 162 2967 «tem
183 2906 331 2971 hostium
346 2906 554 2971 venientibus
573 2930 581 2970 ε
598 2907 633 2970 in
649 2906 737 2970 bello
753 2906 877 2969 nemini
893 2906 1002 2994 parci;
1025 2907 1147 2971 multos

86 3003 176 3069 «adeo
186 3007 385 3071 intervenire
395 3004 637 3095 casus‚‚quibus
648 3006 840 3074 vilissimum
852 3006 986 3094 quidem
1000 3007 1148 3071 odonem

87 3126 262 3191 westsere,
279 3132 324 3173 ne
335 3094 415 3175 suus
428 3107 561 3197 quidem
573 3109 751 3197 imperator
767 3123 886 3196 posset.
901 3108 992 3195 Saepe
1006 3124 1040 3173 et
1052 3109 1147 3189 alias,
1196 3194 1198 3202 γ

87 3222 133 3269 -et
155 3209 219 3273 boc
244 3210 335 3276 bello
361 3209 541 3293 audivisse,
567 3227 690 3298 quanta
717 3210 753 3273 in
781 3210 882 3298 captis
910 3210 1048 3277 urbibus
1078 3233 1148 3277 esse

81 3306 223 3377 alenda
238 3313 367 3396 militis,
387 3328 509 3401 quanta
523 3335 600 3377 cum
616 3310 808 3376 crudelitate
823 3308 925 3375 libido
942 3312 1054 3377 soleat.

122 3414 215 3480 XLV.
233 3416 329 3481 «sibi
351 3414 486 3505 quidem
505 3414 558 3479 vel
579 3414 694 3490 millies
717 3413 802 3477 mori
825 3412 925 3478 satius
943 3434 1031 3494 esse,
1051 3436 1150 3501 quam

85 3528 137 3577 ·ut
156 3514 240 3582 hanc
263 3540 335 3582 non
357 3517 467 3583 dicere
487 3533 627 3599 sortem,
650 3513 710 3580 sed
734 3515 786 3580 vel
808 3514 991 3603 periculum
1014 3515 1150 3580 subeat:

86 3637 167 3679 «non
178 3619 280 3707 igitur
290 3619 553 3685 maledicendum
567 3640 637 3683 esse
650 3618 757 3700 fratri,
770 3618 826 3705 qui
839 3616 1031 3706 sanguinem
1038 3640 1152 3700 suurn,

87 3736 159 3802 ·per
175 3720 401 3811 longissimam
422 3736 608 3810 temporum
631 3718 748 3783 seriem
771 3716 984 3783 deductuma
1001 3717 1153 3806 regibus,

89 3823 334 3907 ·contaminari,
351 3840 409 3887 aut
423 3824 544 3888 servire
558 3821 660 3901 nolit3
677 3817 735 3883 sed
751 3819 867 3910 gratias
884 3818 994 3905 potius
1009 3816 1151 3907 agendas

88 3922 244 4003 mutanti,
263 3939 322 4007 ut,
344 3940 507 4014 quatenus
525 3923 681 3988 omnibus
703 3920 860 3987 molestiis
883 3918 1012 3984 liberari
1035 3918 1153 4007 nequi·
1220 3919 1221 3922 ’

88 4038 189 4105 «rent,
208 4025 361 4091 maximis
380 4022 523 4093 certe‘et
544 4022 741 4117 gravissimis
762 4022 975 4110 eriperentur.
998 4018 1154 4111 Magnum

182 4136 225 4202 X.
939 4151 979 4197 21
