2875 4900
234 382 287 450 IN
315 379 430 449 LOC.
460 378 556 466 LIB.
583 378 757 449 XCVIII
789 379 1006 452 LIVIANI.
1084 382 1149 456 351

100 502 173 566 enim
188 501 239 565 ille
254 523 412 582 messem,
430 499 475 564 ob
493 499 571 564 anni
588 515 738 588 tempus,
755 500 822 580 jam
840 518 1000 566 maturam
1015 503 1153 592 adeptu·

98 627 159 666 mm
176 604 425 684 existintaverat,
441 601 551 666 adhuc
564 601 598 664 in
615 601 718 666 herba
735 618 821 685 erat,
836 620 971 692 propter
984 607 1052 670 caeli
1067 630 1156 695 aspe-

98 706 209 770 ritatem
231 705 355 772 tardius
377 704 424 769 ibi
445 718 636 768 canescente
659 720 778 794 segete.
799 707 1027 796 Quapropter,
1053 725 1092 771 ut
1114 709 1155 772 ad

96 809 224 894 pralium
241 809 370 874 eliceret
386 808 536 888 hostem,
552 821 678 870 vastare
692 823 818 894 partem
834 808 976 896 regionis
993 810 1105 897 coepit;
1124 828 1156 874 et

97 911 291 976 nihilominus
309 909 542 976 cunctantibus
556 909 739 990 Armeniis,
756 907 798 972 ad
811 909 943 973 illorum
964 926 1067 974 castra
1081 934 1158 974 con-

97 1010 194 1076 tendit.
211 1014 313 1077 Erant
327 1012 381 1076 illa
398 1012 433 1074 in
455 1011 538 1074 colle
555 1009 794 1097 quodamsita,
811 1011 870 1074 ubi
885 1010 1068 1099 peditatum
1083 1036 1156 1078 om·

96 1135 160 1176 nem
172 1137 245 1178 cum
258 1131 351 1203 parte
366 1113 532 1202 equitatus
540 1111 747 1175 Mithridates
762 1112 971 1193 continebat3
990 1136 1067 1178 cum
1086 1113 1158 1178 reli·

95 1217 326 1304 quisequitibus
335 1217 491 1305 Tigranes
500 1213 794 1278 frumentatoribus
807 1213 996 1296 insidiatus,
1007 1215 1057 1279 bis
1068 1233 1156 1282 terve

95 1319 227 1405 repulsus
244 1342 263 1382 a
283 1317 439 1382 Romanis
455 1332 526 1395 est,
546 1314 609 1378 levi
627 1336 704 1377 cum
720 1313 844 1392 jactura
865 1314 1060 1399 hominum,
1079 1318 1157 1406 quia

94 1441 216 1486 romano
233 1420 385 1509 superior
397 1417 554 1482 barbarus
573 1415 754 1503 equitatus,
781 1417 879 1480 simul
898 1417 1051 1484 accedere
1065 1419 1156 1508 pedi-

95 1535 134 1584 tes
145 1537 299 1604 senserat,
313 1519 459 1584 vertebat
472 1535 579 1609 terga,
592 1519 770 1606 fugamque
785 1517 888 1582 inibat
900 1519 1052 1584 hostibus
1064 1520 1156 1586 darn·

95 1622 263 1706 nosiorem,
288 1620 510 1687 emittendisa
533 1635 626 1708 tergo
647 1618 790 1708 sagittis,
814 1620 1002 1709 multosque
1025 1639 1083 1688 aut
1103 1624 1155 1686 in·

94 1721 283 1789 terficiebant
298 1723 424 1804 statim,
438 1737 497 1786 aut
510 1721 706 1811 gravissimis
723 1719 906 1786 afficiebant
918 1724 1121 1790 vulneribus.

130 1826 222 1890 lxx.
238 1825 396 1914 DuplIces
413 1823 502 1888 enim
523 1824 654 1887 aculeos
676 1823 808 1888 illorum
830 1823 952 1913 sagittae
971 1825 1153 1909 habebant,

94 1927 132 1990 sic
148 1944 290 2016 aptatos,
311 1943 370 2010 ut,
392 1927 419 1990 si
441 1925 638 1990 arundinem
661 1926 816 2008 tolleres,
839 1919 906 1990 una'
929 1942 1058 1991 tantum
1079 1928 1155 1993 ferri

93 2030 235 2114 particula
250 2045 464 2118 sequeretur3
483 2024 600 2107 altera,
619 2027 710 2116 quod
734 2027 894 2116 prehendi
916 2029 1067 2118 trahique
1086 2053 1153 2094 non

93 2149 204 2216 posset,
225 2156 310 2198 caeca
325 2147 417 2220 peste
433 2154 553 2219 corpus
567 2130 609 2194 ad
625 2131 805 2218 perniciem
820 2146 939 2196 ureret.
955 2133 1072 2220 Neque
1086 2156 1155 2221 poe·

93 2233 180 2317 nitet,
193 2259 260 2324 quo
273 2235 393 2299 clarius
411 2234 612 2323 intelligatur
623 2233 692 2312 ejus
709 2232 833 2324 ingenii
845 2231 944 2315 ratio,
959 2256 1027 2297 rem
1041 2257 1080 2298 ex
1093 2257 1156 2298 usu

92 2354 255 2420 remotam,
282 2354 438 2428 praeterea
461 2359 620 2424 perquam
645 2335 786 2399 obscure
808 2333 981 2417 traditam,
1007 2335 1157 2424 pluribus
1180 2330 1185 2340 ’

92 2439 185 2503 verbis
211 2457 243 2506 et
269 2437 550 2505 manifestioribus
578 2436 776 2526 exposuisse.
805 2434 976 2502 Praefixum
1003 2436 1156 2503 arundini

93 2539 200 2606 ferrum
218 2566 289 2607 non
308 2559 377 2607 erat
395 2540 557 2621 solidum,
574 2538 633 2603 sed
651 2538 783 2603 duabus
799 2561 838 2601 ex
858 2538 987 2603 laminis
1005 2538 1048 2603 ita
1064 2562 1157 2605 com·

92 2642 235 2727 pon'tum,
250 2658 293 2708 ut
305 2644 404 2708 altera
415 2641 550 2707 fibulam
562 2640 714 2723 haberet,
729 2664 794 2729 qua
807 2640 896 2731 ligno
910 2659 1155 2723 annecteretur,

92 2742 177 2807 altera
196 2745 275 2809 huic
296 2746 343 2809 sic
359 2743 571 2831 jungeretur,
593 2758 632 2805 ut
654 2743 759 2807 coiret
779 2743 813 2805 in
835 2743 933 2807 unius
956 2744 1061 2807 aculei
1081 2766 1156 2832 spe·

93 2844 179 2929 dem,
191 2864 348 2912 caeterum
359 2846 474 2909 leviter
488 2860 616 2909 tantum
630 2860 715 2909 esset
728 2845 872 2933 alligata,
888 2868 956 2933 quo
970 2845 1074 2909 emitti
1087 2846 1158 2932 qui·

93 2940 156 3008 dem
167 2970 244 3013 arcu
261 2963 390 3037 posset,
412 2962 445 3009 et
460 2946 559 3010 simul
573 2961 759 3034 penetraret
773 2947 808 3008 in
824 2944 962 3027 vulnus3
980 2944 1037 3009 sed
1057 2962 1156 3009 tracta

92 3046 250 3137 evulsaque
275 3048 410 3138 sagitta,
436 3046 578 3111 hamulis
602 3047 670 3111 suis
696 3062 822 3111 retenta
845 3047 938 3110 facile
962 3070 997 3110 se
1022 3048 1154 3112 vinculo

93 3144 240 3217 educeret.

129 3250 239 3317 LXXI.
255 3255 422 3319 Caeterum
435 3251 513 3333 illae,
529 3273 719 3339 quanquam
733 3248 887 3331 modicae,
900 3249 1061 3333 victoriae,
1081 3251 1156 3315 sub·

93 3355 254 3421 movebant
269 3372 380 3422 nmen
401 3356 550 3436 hostem,
566 3355 722 3442 vicosque
740 3352 874 3417 liberius
896 3353 1075 3441 populandi
1098 3377 1155 3418 co·

91 3451 164 3535 piam
180 3458 320 3523 Lucullo
333 3457 513 3523 faciebant:
529 3472 629 3545 atque
644 3457 714 3536 ille,
731 3456 931 3544 intercepto,
948 3456 1005 3543 qui
1020 3455 1152 3545 regibus

91 3560 330 3642 apportabunt,
346 3575 551 3640 commeatu,
568 3582 666 3646 quam
682 3559 835 3622 nmuerat
851 3558 1013 3647 inopiam,
1030 3558 1065 3622 in
1080 3582 1151 3625 eam

92 3652 188 3724 hostes
198 3660 334 3751 redegit.
343 3662 448 3751 Reges
459 3676 569 3724 tamen
582 3661 671 3725 nulla
683 3682 719 3723 re
730 3658 772 3723 ad
783 3661 972 3725 universum
985 3678 1148 3726 certamen

92 3756 307 3844 eliciebantur,
323 3785 428 3850 quum
454 3762 537 3826 nihil
559 3761 759 3827 intentatum
778 3762 934 3826 Lucullus
953 3762 1153 3849 reliquisset,

93 3860 176 3926 etiam
199 3882 303 3931 castra
324 3865 567 3931 circumvallare
588 3886 694 3928 orsus.
713 3864 819 3953 Igitur
838 3886 969 3927 annona
987 3862 1053 3942 jam
1075 3862 1155 3927 defi·

93 3958 202 4046 ciente,
219 3989 326 4054 quum
347 3982 502 4056 practerea
525 3966 660 4047 milites,
685 3966 742 4052 qui
766 3966 852 4029 inter
875 3966 955 4029 levia
979 3964 1156 4029 certamina

124 4150 236 4214 Sbffl.
248 4157 374 4207 Plutarch.
388 4158 415 4205 in
427 4156 540 4207 Lucullo.
551 4184 585 4193 -
599 4156 707 4223 Appiae.
722 4184 757 4193 -
769 4155 826 4203 Dio.
