2875 4900
287 365 357 440 352
456 369 527 438 JO.
553 367 905 438 FREINSHEIIIII
933 367 1178 438 SUPPLEM.

285 489 408 580 sagittis
430 489 705 567 vulnerabantur,
734 505 792 552 aut
815 490 903 552 inter
924 487 1107 554 curandum
1131 507 1342 568 morerentur,

285 609 344 657 aut
365 591 596 656 mutilarentur
617 590 794 671 membris;
814 593 964 655 Artaxata
983 613 1097 655 versus
1118 591 1255 656 instituit
1275 593 1343 671 iter,

285 695 344 759 ubi
362 695 450 784 regia
463 693 629 783 Tigranis,
646 709 771 756 etcum
790 693 895 781 parvis
909 691 1019 758 liberis
1034 715 1151 756 uxores
1167 711 1266 758 erant.

331 796 466 860 LXXII.
481 797 604 885 Igitur,
621 793 712 882 quod
732 795 907 882 quaesitum
922 817 941 858 a
954 795 1092 860 Lucullo
1108 797 1228 876 fuerat,
1246 796 1347 884 ligra-

287 923 346 963 nes
370 898 500 962 obviam
522 917 731 984 progressus,
755 911 872 984 quarto
891 894 944 958 die
966 894 1008 960 ad
1028 897 1197 960 Arsaniam
1221 895 1345 960 fluvium

286 999 430 1065 ostendit
444 1022 480 1063 se
492 997 666 1080 Romanis,
684 999 743 1085 qui
761 997 981 1061 transeundus
997 1015 1067 1062 erat
1079 1001 1230 1062 Artaxata
1243 1013 1346 1086 peten-

287 1103 386 1166 tibus.
398 1101 513 1181 Quum
526 1098 674 1187 praelium
687 1101 838 1181 instaret,
852 1100 1022 1180 Lucullus,
1036 1103 1163 1189 egregie
1177 1102 1279 1182 litato,
1290 1117 1348 1162 tan·

287 1226 387 1291 quam
402 1215 512 1264 certus
528 1198 570 1263 de
583 1200 735 1282 victoria,
753 1200 928 1264 duodecim
943 1201 1096 1264 cobortes
1115 1201 1151 1264 in
1168 1201 1274 1265 fronte
1288 1217 1345 1264 sta·

286 1305 371 1383 tuit;
389 1302 549 1390 reliquos,
566 1323 609 1364 ne
625 1302 918 1365 circumveniretur
933 1325 952 1366 a
968 1302 1181 1366 multitudine
1195 1304 1345 1380 bostium,

286 1403 457 1468 collocavit
473 1402 508 1465 in
526 1399 699 1482 subsidiis;
722 1425 798 1465 nam
815 1403 956 1466 multum
972 1401 1163 1492 lectumque
1179 1407 1344 1492 equitatum

287 1505 322 1568 in
338 1502 472 1566 adversa
486 1502 554 1566 acie
570 1503 813 1592 conspiciebat:
827 1504 981 1592 sagittarii
995 1521 1087 1568 erant
1100 1508 1225 1594 equites
1238 1505 1344 1584 Mardi,

287 1623 322 1669 et
343 1605 458 1670 hastati
477 1605 581 1686 Iberi,
601 1605 694 1684 cujus
713 1606 842 1693 generis
861 1605 987 1669 auxiliis
1005 1607 1161 1696 Tigranes
1181 1610 1344 1697 plurimum

286 1705 481 1772 confidebat.
494 1706 627 1770 Nullam
639 1723 748 1770 tamen
761 1707 924 1796 insignem
938 1707 1113 1772 ediderunt
1125 1732 1283 1800 pugnam,
1298 1707 1344 1772 sed

287 1831 365 1874 cum
388 1808 537 1896 equitatu
561 1831 699 1872 romano
723 1809 885 1897 paulisper
904 1810 1045 1892 velitati,
1068 1811 1168 1876 simul
1189 1811 1344 1876 succedere

286 1911 432 2001 peditem
443 1909 616 1990 viderunt,
629 1911 664 1972 in
684 1909 796 1998 fugam
813 1909 958 1998 dissipati
973 1928 1061 1976 sunt.

332 2013 485 2078 LXXIII.
499 2010 727 2076 ostenderunt
738 2035 772 2076 se
785 2010 905 2076 deinde
915 2014 1077 2091 Armenii,
1093 2016 1246 2104 proprius
1254 2015 1345 2104 Tigra·

288 2117 340 2180 nis
353 2116 463 2194 miles,
477 2113 604 2202 egregia
617 2114 725 2201 specie
739 2137 905 2178 armorum
919 2115 1144 2203 virorumque.
1158 2117 1279 2182 Idcirco
1290 2116 1344 2178 Lu·

288 2217 413 2298 cullus,
427 2215 524 2295 jussis
543 2215 639 2278 aedri
654 2213 841 2302 equitibus,
858 2217 916 2303 qui
931 2218 1039 2305 primo
1055 2219 1168 2305 praelic
1184 2219 1289 2308 pulsos
1302 2218 1344 2279 in·

288 2318 525 2405 sequebantur,
538 2316 607 2404 ipse
620 2316 777 2397 adjuncto
792 2318 1039 2406 promptissImo
1049 2343 1185 2408 quoque
1196 2319 1344 2410 oppositos

288 2420 351 2485 sibi
368 2423 585 2508 Atrapatenos
597 2417 732 2501 invasit,
750 2425 790 2484 eo
805 2434 946 2502 terrore,
963 2434 1019 2503 ut,
1034 2421 1226 2511 priusquam
1240 2419 1279 2487 ad
1294 2439 1346 2483 tna·

287 2544 351 2585 nus
365 2520 549 2601 veniretur,
564 2520 675 2584 hostes
691 2521 808 2585 solutis
824 2520 996 2586 ordinibus
1013 2523 1176 2613 fugerent.
1190 2528 1238 2589 De
1256 2524 1345 2587 tribus

286 2621 436 2710 regibus,
453 2621 511 2709 qui
527 2620 557 2685 ei
574 2644 692 2712 pugnte
708 2622 886 2706 alliserant,
904 2624 1091 2712 turpissime
1107 2628 1194 2716 fugit
1207 2626 1345 2691 Ponticus

285 2720 491 2789 Mithridates
506 2722 600 2810 (nam
616 2740 649 2787 et
663 2722 762 2787 Medo
776 2723 974 2789 Mithridatis
989 2743 1059 2790 erat
1075 2727 1236 2815 nomen),
1256 2744 1344 2815 quum

287 2848 330 2890 ne
348 2823 524 2889 clamorem
543 2823 678 2911 quidem
694 2824 839 2887 bostium
856 2827 1072 2892 sustinuisset.

331 2926 479 2991 LXXIV.
496 2926 633 3013 Reliqua
645 2941 736 3013 parte
748 2924 830 3006 diei,
845 2941 979 3015 totaque
993 2926 1149 3017 deinceps
1165 2944 1273 3009 nocte,
1285 2922 1346 2990 caesi

287 3026 440 3115 captique
464 3026 627 3114 fugientes
649 3042 747 3107 sunt3
767 3028 973 3117 maximaque
995 3030 1095 3094 relata
1117 3033 1239 3121 spolia,
1256 3029 1347 3093 donec

286 3130 438 3219 fatigatus
455 3127 684 3216 persequendo
700 3128 793 3194 miles
810 3130 1009 3218 conquievit.
1028 3132 1143 3197 Plures
1160 3134 1266 3223 priore
1280 3150 1348 3219 pre·

287 3232 332 3295 lio
348 3232 476 3311 hostes,
492 3231 558 3294 hoc
573 3230 786 3318 insigniores,
804 3246 911 3295 morte
921 3247 979 3296 aut
990 3233 1177 3321 captivitate
1193 3224 1347 3299 desiderat

288 3348 376 3396 sunt.
394 3332 516 3396 Praeter
531 3332 676 3421 ignobile
689 3332 826 3421 vulgus,
845 3331 887 3397 de
903 3333 1022 3397 robore
1041 3336 1202 3401 exercitus
1217 3334 1348 3423 quinque

287 3434 388 3501 millia
400 3432 612 3514 cediderunt,
629 3434 715 3521 capti
730 3435 898 3523 aliquanto
914 3437 1024 3524 plures
1044 3454 1134 3504 sunt.
1152 3441 1299 3503 Attamen
1312 3432 1349 3495 vi-

287 3536 398 3601 ctoriae
411 3534 556 3598 fructum
570 3534 726 3612 Lucullo,
741 3558 845 3623 quum
856 3554 1002 3626 speraret
1015 3540 1268 3627 arnplissimum,
1282 3553 1349 3601 tern-

287 3661 351 3727 pus
368 3638 447 3701 anni
464 3654 496 3701 et
512 3652 628 3701 natura
649 3638 800 3703 locorum
819 3640 1019 3707 inviderunt.
1040 3642 1110 3707 Sub
1128 3640 1347 3731 aequinoctium

288 3740 477 3829 frequentes
491 3738 580 3801 nives
597 3740 672 3828 gelu
683 3740 749 3820 jam
767 3740 1014 3833 adstringebant
1030 3742 1187 3810 flumina:
1204 3768 1240 3810 ea
1253 3738 1349 3833 preci·

287 3865 353 3931 pue
367 3841 459 3930 equis
473 3840 591 3903 infesta
605 3864 657 3905 res
671 3858 758 3925 erat,
776 3844 897 3933 quibus
914 3863 948 3910 et
959 3847 1134 3912 insalubris
1147 3849 1253 3938 rigore
1263 3858 1347 3935 potus

323 4054 339 4120 s
352 4053 625 4105 Lxx1.1³1uurch.-
633 4056 693 4104 nto.
704 4084 741 4094 —
754 4057 771 4123 s
783 4060 902 4110 nxtun.
912 4061 971 4111 nio.
982 4088 1018 4099 —-
1031 4060 1156 4113 Plnttrelr.
1168 4090 1204 4101 -
1216 4060 1232 4128 s
1246 4052 1345 4108 LXXIV·

286 4141 396 4205 Phlegon
407 4138 474 4204 apud
487 4138 560 4188 ehoe
571 4166 607 4178 -
619 4140 744 4192 Plutarch.
