<?xml version="1.0" encoding="UTF-8"?>
<!DOCTYPE html PUBLIC "-//W3C//DTD XHTML 1.0 Transitional//EN"
    "http://www.w3.org/TR/xhtml1/DTD/xhtml1-transitional.dtd">
<html xmlns="http://www.w3.org/1999/xhtml" xml:lang="en" lang="en">
 <head>
  <title>
</title>
<meta http-equiv="Content-Type" content="text/html;charset=utf-8" />
  <meta name='ocr-system' content='tesseract 3.04.00' />
  <meta name='ocr-capabilities' content='ocr_page ocr_carea ocr_par ocr_line ocrx_word'/>
</head>
<body>
  <div class='ocr_page' id='page_1' title='image "bibliothecaclas116lemagoog_0514.png"; bbox 0 0 2875 4900; ppageno 0'>
   <div class='ocr_carea' id='block_1_1' title="bbox 274 354 1166 440">
    <p class='ocr_par' dir='ltr' id='par_1_1' title="bbox 274 354 1166 440">
     <span class='ocr_line' id='line_1_1' title="bbox 274 354 1166 440; baseline -0.007 -13"><span class='ocrx_word' id='word_1_1' title='bbox 274 355 346 440; x_wconf 68' lang='lat'>504</span> <span class='ocrx_word' id='word_1_2' title='bbox 447 359 515 425; x_wconf 80' lang='lat'>10.</span> <span class='ocrx_word' id='word_1_3' title='bbox 541 355 888 425; x_wconf 77' lang='lat' dir='ltr'>rtttttttsttnttu</span> <span class='ocrx_word' id='word_1_4' title='bbox 918 354 1166 431; x_wconf 81' lang='lat' dir='ltr'>stJPPLEtt.</span> 
     </span>
    </p>
   </div>
   <div class='ocr_carea' id='block_1_2' title="bbox 250 474 1335 4010">
    <p class='ocr_par' dir='ltr' id='par_1_2' title="bbox 270 474 1333 973">
     <span class='ocr_line' id='line_1_2' title="bbox 272 474 1332 565; baseline 0 -22"><span class='ocrx_word' id='word_1_5' title='bbox 272 478 382 543; x_wconf 87' lang='lat' dir='ltr'>ductis</span> <span class='ocrx_word' id='word_1_6' title='bbox 399 478 434 541; x_wconf 91' lang='lat' dir='ltr'>in</span> <span class='ocrx_word' id='word_1_7' title='bbox 453 477 572 543; x_wconf 86' lang='lat' dir='ltr'>collem</span> <span class='ocrx_word' id='word_1_8' title='bbox 591 476 711 565; x_wconf 82' lang='lat' dir='ltr'>copiis,</span> <span class='ocrx_word' id='word_1_9' title='bbox 735 474 815 539; x_wconf 88' lang='lat' dir='ltr'>dum</span> <span class='ocrx_word' id='word_1_10' title='bbox 831 474 937 541; x_wconf 86' lang='lat' dir='ltr'>aciem</span> <span class='ocrx_word' id='word_1_11' title='bbox 950 474 1146 555; x_wconf 83' lang='lat' dir='ltr'>instrueret,</span> <span class='ocrx_word' id='word_1_12' title='bbox 1161 476 1332 563; x_wconf 73' lang='lat' dir='ltr'>equitatum</span> 
     </span>
     <span class='ocr_line' id='line_1_3' title="bbox 272 575 1332 659; baseline 0.002 -16"><span class='ocrx_word' id='word_1_13' title='bbox 272 580 315 643; x_wconf 85' lang='lat' dir='ltr'>ad</span> <span class='ocrx_word' id='word_1_14' title='bbox 343 578 553 645; x_wconf 87' lang='lat' dir='ltr'>sustinendos</span> <span class='ocrx_word' id='word_1_15' title='bbox 574 578 686 643; x_wconf 82' lang='lat' dir='ltr'>hostes</span> <span class='ocrx_word' id='word_1_16' title='bbox 709 577 852 659; x_wconf 72' lang='lat' dir='ltr'>emittit,</span> <span class='ocrx_word' id='word_1_17' title='bbox 877 576 1017 643; x_wconf 82' lang='lat' dir='ltr'>sarcinas</span> <span class='ocrx_word' id='word_1_18' title='bbox 1038 575 1072 641; x_wconf 90' lang='lat' dir='ltr'>in</span> <span class='ocrx_word' id='word_1_19' title='bbox 1101 598 1231 643; x_wconf 83' lang='lat' dir='ltr'>summo</span> <span class='ocrx_word' id='word_1_20' title='bbox 1256 580 1332 645; x_wconf 87' lang='lat' dir='ltr'>colle</span> 
     </span>
     <span class='ocr_line' id='line_1_4' title="bbox 272 677 1332 771; baseline 0.002 -26"><span class='ocrx_word' id='word_1_21' title='bbox 272 702 379 745; x_wconf 89' lang='lat' dir='ltr'>unum</span> <span class='ocrx_word' id='word_1_22' title='bbox 399 680 433 743; x_wconf 91' lang='lat' dir='ltr'>in</span> <span class='ocrx_word' id='word_1_23' title='bbox 453 680 565 745; x_wconf 89' lang='lat' dir='ltr'>locum</span> <span class='ocrx_word' id='word_1_24' title='bbox 583 677 746 759; x_wconf 83' lang='lat' dir='ltr'>conferri,</span> <span class='ocrx_word' id='word_1_25' title='bbox 768 700 911 767; x_wconf 84' lang='lat' dir='ltr'>eumque</span> <span class='ocrx_word' id='word_1_26' title='bbox 928 679 970 743; x_wconf 84' lang='lat' dir='ltr'>ab</span> <span class='ocrx_word' id='word_1_27' title='bbox 990 678 1198 746; x_wconf 75' lang='lat' dir='ltr'>auxiliaribus</span> <span class='ocrx_word' id='word_1_28' title='bbox 1220 682 1332 771; x_wconf 86' lang='lat' dir='ltr'>copiis,</span> 
     </span>
     <span class='ocr_line' id='line_1_5' title="bbox 271 778 1333 871; baseline 0.002 -26"><span class='ocrx_word' id='word_1_29' title='bbox 271 781 312 845; x_wconf 87' lang='lat' dir='ltr'>ad</span> <span class='ocrx_word' id='word_1_30' title='bbox 323 781 438 871; x_wconf 83' lang='lat' dir='ltr'>viginti</span> <span class='ocrx_word' id='word_1_31' title='bbox 455 781 630 845; x_wconf 89' lang='lat' dir='ltr'>bominum</span> <span class='ocrx_word' id='word_1_32' title='bbox 643 780 742 843; x_wconf 84' lang='lat' dir='ltr'>millia</span> <span class='ocrx_word' id='word_1_33' title='bbox 757 797 865 861; x_wconf 82' lang='lat' dir='ltr'>erant,</span> <span class='ocrx_word' id='word_1_34' title='bbox 879 778 1072 867; x_wconf 86' lang='lat' dir='ltr'>duabusque</span> <span class='ocrx_word' id='word_1_35' title='bbox 1085 802 1191 869; x_wconf 81' lang='lat' dir='ltr'><strong>nuper</strong></span> <span class='ocrx_word' id='word_1_36' title='bbox 1203 785 1333 847; x_wconf 85' lang='lat' dir='ltr'>conscri-</span> 
     </span>
     <span class='ocr_line' id='line_1_6' title="bbox 270 880 791 973; baseline 0 -26"><span class='ocrx_word' id='word_1_37' title='bbox 270 884 336 970; x_wconf 90' lang='lat' dir='ltr'>ptis</span> <span class='ocrx_word' id='word_1_38' title='bbox 351 882 537 973; x_wconf 71' lang='lat' dir='ltr'><strong>legionibus</strong></span> <span class='ocrx_word' id='word_1_39' title='bbox 548 881 670 945; x_wconf 87' lang='lat' dir='ltr'>muniri</span> <span class='ocrx_word' id='word_1_40' title='bbox 683 880 791 960; x_wconf 83' lang='lat' dir='ltr'>jubet.</span> 
     </span>
    </p>

    <p class='ocr_par' dir='ltr' id='par_1_3' title="bbox 261 981 1333 2692">
     <span class='ocr_line' id='line_1_7' title="bbox 315 981 1332 1063; baseline 0.005 -16"><span class='ocrx_word' id='word_1_41' title='bbox 315 981 499 1047; x_wconf 80' lang='lat' dir='ltr'>CXXXIII.</span> <span class='ocrx_word' id='word_1_42' title='bbox 527 983 655 1045; x_wconf 83' lang='lat' dir='ltr'>Interes</span> <span class='ocrx_word' id='word_1_43' title='bbox 680 981 841 1063; x_wconf 79' lang='lat' dir='ltr'>Helvetii,</span> <span class='ocrx_word' id='word_1_44' title='bbox 869 1002 946 1047; x_wconf 86' lang='lat' dir='ltr'>cum</span> <span class='ocrx_word' id='word_1_45' title='bbox 968 982 1123 1047; x_wconf 85' lang='lat' dir='ltr'>omnibus</span> <span class='ocrx_word' id='word_1_46' title='bbox 1149 982 1219 1049; x_wconf 87' lang='lat' dir='ltr'>suis</span> <span class='ocrx_word' id='word_1_47' title='bbox 1242 986 1332 1053; x_wconf 73' lang='lat' dir='ltr'>mrtis</span> 
     </span>
     <span class='ocr_line' id='line_1_8' title="bbox 269 1082 1333 1173; baseline 0.002 -26"><span class='ocrx_word' id='word_1_48' title='bbox 269 1082 448 1173; x_wconf 71' lang='lat' dir='ltr'>suggressi,</span> <span class='ocrx_word' id='word_1_49' title='bbox 461 1098 635 1169; x_wconf 80' lang='lat' dir='ltr'>postquam</span> <span class='ocrx_word' id='word_1_50' title='bbox 648 1082 786 1147; x_wconf 87' lang='lat' dir='ltr'>seorsim</span> <span class='ocrx_word' id='word_1_51' title='bbox 797 1082 1032 1170; x_wconf 74' lang='lat' dir='ltr'>Inpedimenta</span> <span class='ocrx_word' id='word_1_52' title='bbox 1043 1084 1270 1167; x_wconf 78' lang='lat' dir='ltr'>collocassent,</span> <span class='ocrx_word' id='word_1_53' title='bbox 1285 1108 1333 1149; x_wconf 86' lang='lat' dir='ltr'>re·</span> 
     </span>
     <span class='ocr_line' id='line_1_9' title="bbox 266 1183 1331 1275; baseline -0.003 -24"><span class='ocrx_word' id='word_1_54' title='bbox 266 1184 354 1264; x_wconf 82' lang='lat' dir='ltr'>jecto</span> <span class='ocrx_word' id='word_1_55' title='bbox 375 1183 509 1249; x_wconf 62' lang='lat' dir='ltr'>(luatis</span> <span class='ocrx_word' id='word_1_56' title='bbox 525 1184 688 1271; x_wconf 84' lang='lat' dir='ltr'>equitatu,</span> <span class='ocrx_word' id='word_1_57' title='bbox 710 1184 753 1248; x_wconf 85' lang='lat' dir='ltr'>ad</span> <span class='ocrx_word' id='word_1_58' title='bbox 773 1184 890 1249; x_wconf 87' lang='lat' dir='ltr'>collem</span> <span class='ocrx_word' id='word_1_59' title='bbox 907 1186 1066 1251; x_wconf 79' lang='lat' dir='ltr'>matructa</span> <span class='ocrx_word' id='word_1_60' title='bbox 1082 1186 1240 1275; x_wconf 83' lang='lat' dir='ltr'>phalange</span> <span class='ocrx_word' id='word_1_61' title='bbox 1258 1210 1331 1275; x_wconf 87' lang='lat' dir='ltr'>pro·</span> 
     </span>
     <span class='ocr_line' id='line_1_10' title="bbox 268 1284 1332 1374; baseline 0.005 -24"><span class='ocrx_word' id='word_1_62' title='bbox 268 1298 447 1351; x_wconf 74' lang='lat' dir='ltr'>cessentur.</span> <span class='ocrx_word' id='word_1_63' title='bbox 468 1284 591 1365; x_wconf 72' lang='lat' dir='ltr'>Cesar,</span> <span class='ocrx_word' id='word_1_64' title='bbox 610 1306 673 1349; x_wconf 89' lang='lat' dir='ltr'>suo</span> <span class='ocrx_word' id='word_1_65' title='bbox 694 1286 840 1373; x_wconf 89' lang='lat' dir='ltr'>primum</span> <span class='ocrx_word' id='word_1_66' title='bbox 855 1308 966 1374; x_wconf 85' lang='lat' dir='ltr'>equo,</span> <span class='ocrx_word' id='word_1_67' title='bbox 986 1285 1106 1353; x_wconf 83' lang='lat' dir='ltr'>deiude</span> <span class='ocrx_word' id='word_1_68' title='bbox 1130 1288 1293 1371; x_wconf 82' lang='lat' dir='ltr'>omnium,</span> <span class='ocrx_word' id='word_1_69' title='bbox 1313 1312 1332 1355; x_wconf 82' lang='lat' dir='ltr'>a</span> 
     </span>
     <span class='ocr_line' id='line_1_11' title="bbox 268 1386 1331 1479; baseline 0.008 -30"><span class='ocrx_word' id='word_1_70' title='bbox 268 1400 448 1473; x_wconf 86' lang='lat' dir='ltr'>conspectu</span> <span class='ocrx_word' id='word_1_71' title='bbox 462 1386 598 1471; x_wconf 79' lang='lat' dir='ltr'>amotis,</span> <span class='ocrx_word' id='word_1_72' title='bbox 616 1403 657 1451; x_wconf 91' lang='lat' dir='ltr'>ut</span> <span class='ocrx_word' id='word_1_73' title='bbox 672 1404 803 1473; x_wconf 77' lang='lat' dir='ltr'>aequato</span> <span class='ocrx_word' id='word_1_74' title='bbox 819 1388 965 1475; x_wconf 87' lang='lat' dir='ltr'>periculo</span> <span class='ocrx_word' id='word_1_75' title='bbox 980 1408 1073 1477; x_wconf 84' lang='lat' dir='ltr'>sporn</span> <span class='ocrx_word' id='word_1_76' title='bbox 1089 1387 1173 1479; x_wconf 66' lang='lat' dir='ltr'>lugu</span> <span class='ocrx_word' id='word_1_77' title='bbox 1190 1389 1331 1475; x_wconf 85' lang='lat' dir='ltr'>tolleret,</span> 
     </span>
     <span class='ocr_line' id='line_1_12' title="bbox 267 1488 1331 1577; baseline 0.008 -26"><span class='ocrx_word' id='word_1_78' title='bbox 267 1502 411 1574; x_wconf 83' lang='lat' dir='ltr'>quatuor</span> <span class='ocrx_word' id='word_1_79' title='bbox 431 1489 591 1553; x_wconf 74' lang='lat' dir='ltr'>vesensis</span> <span class='ocrx_word' id='word_1_80' title='bbox 611 1488 796 1577; x_wconf 78' lang='lat' dir='ltr'>legionibus</span> <span class='ocrx_word' id='word_1_81' title='bbox 815 1489 963 1576; x_wconf 76' lang='lat' dir='ltr'>prelium</span> <span class='ocrx_word' id='word_1_82' title='bbox 981 1488 1180 1556; x_wconf 84' lang='lat' dir='ltr'>committit:</span> <span class='ocrx_word' id='word_1_83' title='bbox 1195 1489 1237 1555; x_wconf 82' lang='lat' dir='ltr'>ab</span> <span class='ocrx_word' id='word_1_84' title='bbox 1256 1490 1331 1559; x_wconf 85' lang='lat' dir='ltr'>bora</span> 
     </span>
     <span class='ocr_line' id='line_1_13' title="bbox 266 1588 1332 1681; baseline 0.01 -30"><span class='ocrx_word' id='word_1_85' title='bbox 266 1588 423 1676; x_wconf 87' lang='lat' dir='ltr'>septima,</span> <span class='ocrx_word' id='word_1_86' title='bbox 444 1588 610 1677; x_wconf 80' lang='lat' dir='ltr'>usquead</span> <span class='ocrx_word' id='word_1_87' title='bbox 628 1610 798 1677; x_wconf 82' lang='lat' dir='ltr'>vesperam</span> <span class='ocrx_word' id='word_1_88' title='bbox 816 1591 861 1654; x_wconf 86' lang='lat' dir='ltr'>ita</span> <span class='ocrx_word' id='word_1_89' title='bbox 880 1607 1043 1671; x_wconf 81' lang='lat' dir='ltr'>uertatur,</span> <span class='ocrx_word' id='word_1_90' title='bbox 1063 1607 1102 1657; x_wconf 93' lang='lat' dir='ltr'>ut</span> <span class='ocrx_word' id='word_1_91' title='bbox 1123 1606 1212 1681; x_wconf 75' lang='lat' dir='ltr'>tergo</span> <span class='ocrx_word' id='word_1_92' title='bbox 1228 1595 1332 1662; x_wconf 83' lang='lat' dir='ltr'>neutri</span> 
     </span>
     <span class='ocr_line' id='line_1_14' title="bbox 266 1690 1332 1780; baseline 0.004 -27"><span class='ocrx_word' id='word_1_93' title='bbox 266 1705 448 1772; x_wconf 78' lang='lat' dir='ltr'>verterent5</span> <span class='ocrx_word' id='word_1_94' title='bbox 461 1691 618 1772; x_wconf 81' lang='lat' dir='ltr'>Helvetii,</span> <span class='ocrx_word' id='word_1_95' title='bbox 632 1714 707 1779; x_wconf 86' lang='lat' dir='ltr'>pars</span> <span class='ocrx_word' id='word_1_96' title='bbox 723 1691 826 1771; x_wconf 86' lang='lat' dir='ltr'>major</span> <span class='ocrx_word' id='word_1_97' title='bbox 838 1692 872 1755; x_wconf 93' lang='lat' dir='ltr'>in</span> <span class='ocrx_word' id='word_1_98' title='bbox 888 1708 1035 1755; x_wconf 88' lang='lat' dir='ltr'>montem</span> <span class='ocrx_word' id='word_1_99' title='bbox 1048 1714 1083 1762; x_wconf 82' lang='lat' dir='ltr'>se</span> <span class='ocrx_word' id='word_1_100' title='bbox 1097 1690 1270 1780; x_wconf 77' lang='lat' dir='ltr'>quemdam</span> <span class='ocrx_word' id='word_1_101' title='bbox 1283 1716 1332 1757; x_wconf 85' lang='lat' dir='ltr'>re·</span> 
     </span>
     <span class='ocr_line' id='line_1_15' title="bbox 266 1791 1331 1883; baseline 0.003 -29"><span class='ocrx_word' id='word_1_102' title='bbox 266 1791 413 1879; x_wconf 78' lang='lat' dir='ltr'>ciperem</span> <span class='ocrx_word' id='word_1_103' title='bbox 434 1792 624 1859; x_wconf 82' lang='lat' dir='ltr'>vulneribus</span> <span class='ocrx_word' id='word_1_104' title='bbox 648 1794 795 1873; x_wconf 76' lang='lat' dir='ltr'>onerati3</span> <span class='ocrx_word' id='word_1_105' title='bbox 816 1792 887 1859; x_wconf 85' lang='lat' dir='ltr'>Iloii</span> <span class='ocrx_word' id='word_1_106' title='bbox 909 1792 1106 1883; x_wconf 79' lang='lat' dir='ltr'>rI&#39;ulingique</span> <span class='ocrx_word' id='word_1_107' title='bbox 1129 1791 1171 1856; x_wconf 88' lang='lat' dir='ltr'>ad</span> <span class='ocrx_word' id='word_1_108' title='bbox 1197 1792 1331 1881; x_wconf 90' lang='lat' dir='ltr'>impedi·</span> 
     </span>
     <span class='ocr_line' id='line_1_16' title="bbox 266 1893 1332 1985; baseline 0.004 -27"><span class='ocrx_word' id='word_1_109' title='bbox 266 1910 376 1959; x_wconf 83' lang='lat' dir='ltr'>menta</span> <span class='ocrx_word' id='word_1_110' title='bbox 399 1916 574 1981; x_wconf 78' lang='lat' dir='ltr'>canusque</span> <span class='ocrx_word' id='word_1_111' title='bbox 597 1916 633 1959; x_wconf 84' lang='lat' dir='ltr'>sc</span> <span class='ocrx_word' id='word_1_112' title='bbox 656 1895 826 1959; x_wconf 80' lang='lat' dir='ltr'>referrent.</span> <span class='ocrx_word' id='word_1_113' title='bbox 852 1895 891 1958; x_wconf 89' lang='lat' dir='ltr'>In</span> <span class='ocrx_word' id='word_1_114' title='bbox 917 1894 978 1961; x_wconf 85' lang='lat' dir='ltr'>hos</span> <span class='ocrx_word' id='word_1_115' title='bbox 1002 1893 1044 1961; x_wconf 83' lang='lat' dir='ltr'>ad</span> <span class='ocrx_word' id='word_1_116' title='bbox 1069 1893 1210 1961; x_wconf 79' lang='lat' dir='ltr'>mediam</span> <span class='ocrx_word' id='word_1_117' title='bbox 1230 1916 1332 1985; x_wconf 89' lang='lat' dir='ltr'>usque</span> 
     </span>
     <span class='ocr_line' id='line_1_17' title="bbox 265 1994 1331 2085; baseline 0.004 -26"><span class='ocrx_word' id='word_1_118' title='bbox 265 2014 396 2062; x_wconf 87' lang='lat' dir='ltr'>noctem</span> <span class='ocrx_word' id='word_1_119' title='bbox 419 2011 622 2085; x_wconf 85' lang='lat' dir='ltr'>pugnatum,</span> <span class='ocrx_word' id='word_1_120' title='bbox 644 2018 713 2059; x_wconf 92' lang='lat' dir='ltr'>non</span> <span class='ocrx_word' id='word_1_121' title='bbox 737 1995 814 2061; x_wconf 84' lang='lat' dir='ltr'>viris</span> <span class='ocrx_word' id='word_1_122' title='bbox 836 2011 982 2077; x_wconf 87' lang='lat' dir='ltr'>tantum,</span> <span class='ocrx_word' id='word_1_123' title='bbox 1005 1994 1063 2059; x_wconf 87' lang='lat' dir='ltr'>sed</span> <span class='ocrx_word' id='word_1_124' title='bbox 1085 1994 1214 2061; x_wconf 82' lang='lat' dir='ltr'>feminis</span> <span class='ocrx_word' id='word_1_125' title='bbox 1235 2012 1331 2083; x_wconf 85' lang='lat' dir='ltr'>atquc</span> 
     </span>
     <span class='ocr_line' id='line_1_18' title="bbox 264 2095 1331 2185; baseline 0 -22"><span class='ocrx_word' id='word_1_126' title='bbox 264 2098 375 2185; x_wconf 88' lang='lat' dir='ltr'>pueris</span> <span class='ocrx_word' id='word_1_127' title='bbox 392 2098 547 2161; x_wconf 78' lang='lat' dir='ltr'>acerrime</span> <span class='ocrx_word' id='word_1_128' title='bbox 566 2118 602 2161; x_wconf 86' lang='lat' dir='ltr'>sc</span> <span class='ocrx_word' id='word_1_129' title='bbox 621 2095 876 2163; x_wconf 77' lang='lat' dir='ltr'>defendentibus</span> <span class='ocrx_word' id='word_1_130' title='bbox 897 2119 905 2159; x_wconf 90' lang='lat'>:</span> <span class='ocrx_word' id='word_1_131' title='bbox 926 2112 1093 2184; x_wconf 88' lang='lat' dir='ltr'>postremo</span> <span class='ocrx_word' id='word_1_132' title='bbox 1113 2110 1223 2161; x_wconf 83' lang='lat' dir='ltr'>tamen</span> <span class='ocrx_word' id='word_1_133' title='bbox 1243 2114 1331 2185; x_wconf 75' lang='lat' dir='ltr'>rapta</span> 
     </span>
     <span class='ocr_line' id='line_1_19' title="bbox 264 2195 1332 2288; baseline 0 -25"><span class='ocrx_word' id='word_1_134' title='bbox 264 2199 567 2288; x_wconf 87' lang='lat' dir='ltr'>impedimenta,et</span> <span class='ocrx_word' id='word_1_135' title='bbox 588 2199 738 2263; x_wconf 87' lang='lat' dir='ltr'>cumbis</span> <span class='ocrx_word' id='word_1_136' title='bbox 761 2197 963 2288; x_wconf 81' lang='lat' dir='ltr'>Orgetorigis</span> <span class='ocrx_word' id='word_1_137' title='bbox 986 2195 1069 2279; x_wconf 83' lang='lat' dir='ltr'>fitia,</span> <span class='ocrx_word' id='word_1_138' title='bbox 1086 2212 1184 2285; x_wconf 87' lang='lat' dir='ltr'>atque</span> <span class='ocrx_word' id='word_1_139' title='bbox 1205 2220 1292 2263; x_wconf 80' lang='lat' dir='ltr'>nnus</span> <span class='ocrx_word' id='word_1_140' title='bbox 1314 2220 1332 2263; x_wconf 90' lang='lat' dir='ltr'>e</span> 
     </span>
     <span class='ocr_line' id='line_1_20' title="bbox 263 2298 1332 2389; baseline 0.002 -24"><span class='ocrx_word' id='word_1_141' title='bbox 263 2300 336 2365; x_wconf 86' lang='lat' dir='ltr'>liliis</span> <span class='ocrx_word' id='word_1_142' title='bbox 350 2301 432 2381; x_wconf 85' lang='lat' dir='ltr'>ejus.</span> <span class='ocrx_word' id='word_1_143' title='bbox 448 2301 584 2383; x_wconf 84' lang='lat' dir='ltr'>Hostes,</span> <span class='ocrx_word' id='word_1_144' title='bbox 601 2301 659 2388; x_wconf 90' lang='lat' dir='ltr'>qui</span> <span class='ocrx_word' id='word_1_145' title='bbox 673 2302 786 2387; x_wconf 70' lang='lat' dir='ltr'>prelio</span> <span class='ocrx_word' id='word_1_146' title='bbox 801 2300 1053 2389; x_wconf 77' lang='lat' dir='ltr'>superfuerunt,</span> <span class='ocrx_word' id='word_1_147' title='bbox 1068 2298 1111 2365; x_wconf 90' lang='lat' dir='ltr'>ad</span> <span class='ocrx_word' id='word_1_148' title='bbox 1124 2316 1259 2363; x_wconf 89' lang='lat' dir='ltr'>centum</span> <span class='ocrx_word' id='word_1_149' title='bbox 1274 2302 1332 2367; x_wconf 85' lang='lat' dir='ltr'>tti-</span> 
     </span>
     <span class='ocr_line' id='line_1_21' title="bbox 262 2398 1333 2492; baseline 0.003 -26"><span class='ocrx_word' id='word_1_150' title='bbox 262 2404 352 2492; x_wconf 87' lang='lat' dir='ltr'>ginta</span> <span class='ocrx_word' id='word_1_151' title='bbox 362 2402 536 2467; x_wconf 87' lang='lat' dir='ltr'>hominurn</span> <span class='ocrx_word' id='word_1_152' title='bbox 550 2400 660 2484; x_wconf 80' lang='lat' dir='ltr'>millis,</span> <span class='ocrx_word' id='word_1_153' title='bbox 673 2424 862 2491; x_wconf 80' lang='lat' dir='ltr'>quanquam</span> <span class='ocrx_word' id='word_1_154' title='bbox 875 2401 986 2468; x_wconf 84' lang='lat' dir='ltr'>labore</span> <span class='ocrx_word' id='word_1_155' title='bbox 1000 2414 1034 2465; x_wconf 88' lang='lat' dir='ltr'>ct</span> <span class='ocrx_word' id='word_1_156' title='bbox 1045 2398 1235 2466; x_wconf 78' lang='lat' dir='ltr'>vulneribus</span> <span class='ocrx_word' id='word_1_157' title='bbox 1246 2400 1333 2483; x_wconf 82' lang='lat' dir='ltr'>fessi,</span> 
     </span>
     <span class='ocr_line' id='line_1_22' title="bbox 261 2500 1332 2591; baseline -0.002 -22"><span class='ocrx_word' id='word_1_158' title='bbox 261 2520 330 2569; x_wconf 81' lang='lat' dir='ltr'>tota</span> <span class='ocrx_word' id='word_1_159' title='bbox 340 2520 439 2568; x_wconf 87' lang='lat' dir='ltr'>nocte</span> <span class='ocrx_word' id='word_1_160' title='bbox 450 2504 659 2570; x_wconf 87' lang='lat' dir='ltr'>continenter</span> <span class='ocrx_word' id='word_1_161' title='bbox 667 2504 795 2586; x_wconf 87' lang='lat' dir='ltr'>ierunt;</span> <span class='ocrx_word' id='word_1_162' title='bbox 807 2523 840 2568; x_wconf 87' lang='lat' dir='ltr'>et</span> <span class='ocrx_word' id='word_1_163' title='bbox 851 2520 1006 2591; x_wconf 79' lang='lat' dir='ltr'>quartum</span> <span class='ocrx_word' id='word_1_164' title='bbox 1013 2503 1099 2566; x_wconf 90' lang='lat' dir='ltr'>intra</span> <span class='ocrx_word' id='word_1_165' title='bbox 1110 2500 1197 2566; x_wconf 82' lang='lat' dir='ltr'>diens</span> <span class='ocrx_word' id='word_1_166' title='bbox 1207 2503 1241 2566; x_wconf 90' lang='lat' dir='ltr'>in</span> <span class='ocrx_word' id='word_1_167' title='bbox 1252 2501 1332 2568; x_wconf 88' lang='lat' dir='ltr'>lines</span> 
     </span>
     <span class='ocr_line' id='line_1_23' title="bbox 261 2604 667 2692; baseline 0.002 -24"><span class='ocrx_word' id='word_1_168' title='bbox 261 2605 447 2692; x_wconf 88' lang='lat' dir='ltr'>Lingonum</span> <span class='ocrx_word' id='word_1_169' title='bbox 463 2621 542 2670; x_wconf 87' lang='lat' dir='ltr'>sunt</span> <span class='ocrx_word' id='word_1_170' title='bbox 558 2604 667 2671; x_wconf 87' lang='lat' dir='ltr'>delati.</span> 
     </span>
    </p>

    <p class='ocr_par' dir='ltr' id='par_1_4' title="bbox 250 2704 1335 4010">
     <span class='ocr_line' id='line_1_24' title="bbox 303 2704 1333 2797; baseline 0.003 -28"><span class='ocrx_word' id='word_1_171' title='bbox 303 2704 485 2773; x_wconf 85' lang='lat' dir='ltr'>CXXXIV.</span> <span class='ocrx_word' id='word_1_172' title='bbox 500 2709 621 2788; x_wconf 75' lang='lat' dir='ltr'>Cesar,</span> <span class='ocrx_word' id='word_1_173' title='bbox 638 2709 696 2795; x_wconf 91' lang='lat' dir='ltr'>qui</span> <span class='ocrx_word' id='word_1_174' title='bbox 711 2723 846 2797; x_wconf 87' lang='lat' dir='ltr'>propter</span> <span class='ocrx_word' id='word_1_175' title='bbox 865 2709 1001 2770; x_wconf 83' lang='lat' dir='ltr'>vulnera</span> <span class='ocrx_word' id='word_1_176' title='bbox 1016 2706 1158 2772; x_wconf 87' lang='lat' dir='ltr'>militum</span> <span class='ocrx_word' id='word_1_177' title='bbox 1175 2722 1208 2770; x_wconf 88' lang='lat' dir='ltr'>et</span> <span class='ocrx_word' id='word_1_178' title='bbox 1224 2709 1333 2796; x_wconf 87' lang='lat' dir='ltr'>sepul-</span> 
     </span>
     <span class='ocr_line' id='line_1_25' title="bbox 260 2807 1333 2897; baseline 0.005 -27"><span class='ocrx_word' id='word_1_179' title='bbox 260 2822 366 2872; x_wconf 87' lang='lat' dir='ltr'>turam</span> <span class='ocrx_word' id='word_1_180' title='bbox 378 2809 563 2872; x_wconf 88' lang='lat' dir='ltr'>occisorum</span> <span class='ocrx_word' id='word_1_181' title='bbox 579 2807 680 2876; x_wconf 87' lang='lat' dir='ltr'>tridui</span> <span class='ocrx_word' id='word_1_182' title='bbox 695 2831 821 2874; x_wconf 85' lang='lat' dir='ltr'>moram</span> <span class='ocrx_word' id='word_1_183' title='bbox 838 2810 975 2890; x_wconf 84' lang='lat' dir='ltr'>fecerat,</span> <span class='ocrx_word' id='word_1_184' title='bbox 991 2808 1098 2874; x_wconf 84' lang='lat' dir='ltr'>literas</span> <span class='ocrx_word' id='word_1_185' title='bbox 1113 2807 1157 2872; x_wconf 86' lang='lat' dir='ltr'>ad</span> <span class='ocrx_word' id='word_1_186' title='bbox 1166 2807 1333 2897; x_wconf 81' lang='lat' dir='ltr'>Lingones</span> 
     </span>
     <span class='ocr_line' id='line_1_26' title="bbox 259 2907 1332 2993; baseline 0.001 -20"><span class='ocrx_word' id='word_1_187' title='bbox 259 2909 359 2973; x_wconf 88' lang='lat' dir='ltr'>mittit</span> <span class='ocrx_word' id='word_1_188' title='bbox 382 2932 392 2973; x_wconf 74' lang='grc' dir='ltr'>ε</span> <span class='ocrx_word' id='word_1_189' title='bbox 419 2907 584 2972; x_wconf 83' lang='lat' dir='ltr'>Helvetios</span> <span class='ocrx_word' id='word_1_190' title='bbox 609 2911 796 2991; x_wconf 84' lang='lat' dir='ltr'>frumento,</span> <span class='ocrx_word' id='word_1_191' title='bbox 826 2909 932 2974; x_wconf 79' lang='lat' dir='ltr'>ullave</span> <span class='ocrx_word' id='word_1_192' title='bbox 954 2909 1015 2974; x_wconf 88' lang='lat' dir='ltr'>alia</span> <span class='ocrx_word' id='word_1_193' title='bbox 1035 2931 1070 2972; x_wconf 89' lang='lat' dir='ltr'>re</span> <span class='ocrx_word' id='word_1_194' title='bbox 1090 2909 1195 2990; x_wconf 84' lang='lat' dir='ltr'>juvari</span> <span class='ocrx_word' id='word_1_195' title='bbox 1219 2924 1332 2993; x_wconf 82' lang='lat' dir='ltr'>vetat;</span> 
     </span>
     <span class='ocr_line' id='line_1_27' title="bbox 257 3009 1333 3097; baseline 0 -21"><span class='ocrx_word' id='word_1_196' title='bbox 257 3033 351 3076; x_wconf 88' lang='lat' dir='ltr'>secus</span> <span class='ocrx_word' id='word_1_197' title='bbox 371 3010 524 3074; x_wconf 80' lang='lat' dir='ltr'>facientes</span> <span class='ocrx_word' id='word_1_198' title='bbox 548 3033 609 3097; x_wconf 91' lang='lat' dir='ltr'>pro</span> <span class='ocrx_word' id='word_1_199' title='bbox 634 3010 785 3076; x_wconf 85' lang='lat' dir='ltr'>hostibus</span> <span class='ocrx_word' id='word_1_200' title='bbox 811 3010 1001 3076; x_wconf 83' lang='lat' dir='ltr'>habitururn</span> <span class='ocrx_word' id='word_1_201' title='bbox 1028 3009 1181 3076; x_wconf 88' lang='lat' dir='ltr'>minatur.</span> <span class='ocrx_word' id='word_1_202' title='bbox 1204 3009 1254 3074; x_wconf 86' lang='lat' dir='ltr'>Ea</span> <span class='ocrx_word' id='word_1_203' title='bbox 1282 3033 1333 3076; x_wconf 77' lang='lat' dir='ltr'>ret</span> 
     </span>
     <span class='ocr_line' id='line_1_28' title="bbox 257 3109 1334 3202; baseline 0 -26"><span class='ocrx_word' id='word_1_204' title='bbox 257 3135 362 3199; x_wconf 84' lang='lat' dir='ltr'>quum</span> <span class='ocrx_word' id='word_1_205' title='bbox 384 3111 427 3176; x_wconf 87' lang='lat' dir='ltr'>ad</span> <span class='ocrx_word' id='word_1_206' title='bbox 448 3127 624 3180; x_wconf 83' lang='lat' dir='ltr'>extremam</span> <span class='ocrx_word' id='word_1_207' title='bbox 645 3112 789 3200; x_wconf 89' lang='lat' dir='ltr'>inopiam</span> <span class='ocrx_word' id='word_1_208' title='bbox 808 3111 973 3176; x_wconf 84' lang='lat' dir='ltr'>Helvetios</span> <span class='ocrx_word' id='word_1_209' title='bbox 995 3109 1189 3202; x_wconf 84' lang='lat' dir='ltr'>redegisset,</span> <span class='ocrx_word' id='word_1_210' title='bbox 1208 3111 1334 3202; x_wconf 84' lang='lat' dir='ltr'>legatos</span> 
     </span>
     <span class='ocr_line' id='line_1_29' title="bbox 255 3209 1334 3278; baseline -0.002 0"><span class='ocrx_word' id='word_1_211' title='bbox 255 3213 297 3278; x_wconf 88' lang='lat' dir='ltr'>ad</span> <span class='ocrx_word' id='word_1_212' title='bbox 309 3215 467 3278; x_wconf 74' lang='lat' dir='ltr'>Caesarem</span> <span class='ocrx_word' id='word_1_213' title='bbox 483 3211 526 3277; x_wconf 87' lang='lat' dir='ltr'>dc</span> <span class='ocrx_word' id='word_1_214' title='bbox 540 3211 713 3278; x_wconf 87' lang='lat' dir='ltr'>deditione.</span> <span class='ocrx_word' id='word_1_215' title='bbox 719 3213 864 3278; x_wconf 88' lang='lat' dir='ltr'>mittunt.</span> <span class='ocrx_word' id='word_1_216' title='bbox 882 3213 987 3276; x_wconf 76' lang='lat' dir='ltr'>Cesar</span> <span class='ocrx_word' id='word_1_217' title='bbox 1001 3209 1115 3276; x_wconf 86' lang='lat' dir='ltr'>eodem</span> <span class='ocrx_word' id='word_1_218' title='bbox 1129 3212 1195 3276; x_wconf 92' lang='lat' dir='ltr'>loci</span> <span class='ocrx_word' id='word_1_219' title='bbox 1208 3211 1334 3278; x_wconf 83' lang='lat' dir='ltr'>adven·</span> 
     </span>
     <span class='ocr_line' id='line_1_30' title="bbox 255 3311 1335 3404; baseline -0.002 -26"><span class='ocrx_word' id='word_1_220' title='bbox 255 3333 327 3378; x_wconf 88' lang='lat' dir='ltr'>turn</span> <span class='ocrx_word' id='word_1_221' title='bbox 341 3337 439 3382; x_wconf 85' lang='lat' dir='ltr'>suurn</span> <span class='ocrx_word' id='word_1_222' title='bbox 452 3316 631 3404; x_wconf 69' lang='lat' dir='ltr'>prestolari</span> <span class='ocrx_word' id='word_1_223' title='bbox 641 3314 760 3396; x_wconf 82' lang='lat' dir='ltr'>jubet:</span> <span class='ocrx_word' id='word_1_224' title='bbox 777 3313 835 3378; x_wconf 87' lang='lat' dir='ltr'>ubi</span> <span class='ocrx_word' id='word_1_225' title='bbox 849 3313 957 3396; x_wconf 86' lang='lat' dir='ltr'>venit,</span> <span class='ocrx_word' id='word_1_226' title='bbox 973 3335 1079 3394; x_wconf 87' lang='lat' dir='ltr'>arma,</span> <span class='ocrx_word' id='word_1_227' title='bbox 1095 3311 1247 3393; x_wconf 81' lang='lat' dir='ltr'>obsides,</span> <span class='ocrx_word' id='word_1_228' title='bbox 1265 3335 1335 3376; x_wconf 86' lang='lat' dir='ltr'>scr·</span> 
     </span>
     <span class='ocr_line' id='line_1_31' title="bbox 254 3412 1333 3505; baseline -0.002 -27"><span class='ocrx_word' id='word_1_229' title='bbox 254 3438 332 3497; x_wconf 82' lang='lat' dir='ltr'>ros,</span> <span class='ocrx_word' id='word_1_230' title='bbox 357 3417 414 3504; x_wconf 86' lang='lat' dir='ltr'>qui</span> <span class='ocrx_word' id='word_1_231' title='bbox 436 3415 478 3480; x_wconf 89' lang='lat' dir='ltr'>ad</span> <span class='ocrx_word' id='word_1_232' title='bbox 495 3439 552 3500; x_wconf 84' lang='lat' dir='ltr'>eos</span> <span class='ocrx_word' id='word_1_233' title='bbox 571 3414 807 3505; x_wconf 78' lang='lat' dir='ltr'>perfugissent,</span> <span class='ocrx_word' id='word_1_234' title='bbox 823 3413 976 3501; x_wconf 85' lang='lat' dir='ltr'>postulat.</span> <span class='ocrx_word' id='word_1_235' title='bbox 994 3415 1084 3479; x_wconf 89' lang='lat' dir='ltr'>lntcr</span> <span class='ocrx_word' id='word_1_236' title='bbox 1104 3412 1172 3478; x_wconf 76' lang='lat' dir='ltr'>brec</span> <span class='ocrx_word' id='word_1_237' title='bbox 1188 3413 1333 3502; x_wconf 83' lang='lat' dir='ltr'>conqui-</span> 
     </span>
     <span class='ocr_line' id='line_1_32' title="bbox 254 3515 1333 3605; baseline 0 -27"><span class='ocrx_word' id='word_1_238' title='bbox 254 3515 356 3580; x_wconf 90' lang='lat' dir='ltr'>renda</span> <span class='ocrx_word' id='word_1_239' title='bbox 376 3539 480 3604; x_wconf 89' lang='lat' dir='ltr'>quum</span> <span class='ocrx_word' id='word_1_240' title='bbox 500 3539 566 3580; x_wconf 85' lang='lat' dir='ltr'>nox</span> <span class='ocrx_word' id='word_1_241' title='bbox 585 3515 767 3599; x_wconf 87' lang='lat' dir='ltr'>incidisset,</span> <span class='ocrx_word' id='word_1_242' title='bbox 790 3515 965 3605; x_wconf 87' lang='lat' dir='ltr'>Verbigcni</span> <span class='ocrx_word' id='word_1_243' title='bbox 986 3516 1061 3605; x_wconf 82' lang='lat' dir='ltr'>pagi</span> <span class='ocrx_word' id='word_1_244' title='bbox 1078 3515 1249 3596; x_wconf 87' lang='lat' dir='ltr'>homines,</span> <span class='ocrx_word' id='word_1_245' title='bbox 1274 3537 1333 3578; x_wconf 85' lang='lat' dir='ltr'>sex</span> 
     </span>
     <span class='ocr_line' id='line_1_33' title="bbox 252 3615 1333 3704; baseline 0 -24"><span class='ocrx_word' id='word_1_246' title='bbox 252 3619 382 3682; x_wconf 82' lang='lat' dir='ltr'>circiter</span> <span class='ocrx_word' id='word_1_247' title='bbox 408 3617 528 3699; x_wconf 78' lang='lat' dir='ltr'>millio,</span> <span class='ocrx_word' id='word_1_248' title='bbox 553 3617 595 3682; x_wconf 86' lang='lat' dir='ltr'>ad</span> <span class='ocrx_word' id='word_1_249' title='bbox 617 3618 770 3684; x_wconf 84' lang='lat' dir='ltr'>Rhenum</span> <span class='ocrx_word' id='word_1_250' title='bbox 794 3616 940 3704; x_wconf 79' lang='lat' dir='ltr'>finesque</span> <span class='ocrx_word' id='word_1_251' title='bbox 964 3615 1204 3682; x_wconf 85' lang='lat' dir='ltr'>Germanorum</span> <span class='ocrx_word' id='word_1_252' title='bbox 1230 3615 1333 3694; x_wconf 85' lang='lat' dir='ltr'>ituri,</span> 
     </span>
     <span class='ocr_line' id='line_1_34' title="bbox 251 3717 1331 3798; baseline -0.001 -16"><span class='ocrx_word' id='word_1_253' title='bbox 251 3719 334 3782; x_wconf 84' lang='lat' dir='ltr'>clam</span> <span class='ocrx_word' id='word_1_254' title='bbox 357 3733 565 3782; x_wconf 86' lang='lat' dir='ltr'>excesserunt</span> <span class='ocrx_word' id='word_1_255' title='bbox 586 3719 710 3782; x_wconf 86' lang='lat' dir='ltr'>castris.</span> <span class='ocrx_word' id='word_1_256' title='bbox 733 3721 805 3784; x_wconf 87' lang='lat' dir='ltr'>Hoc</span> <span class='ocrx_word' id='word_1_257' title='bbox 824 3720 881 3784; x_wconf 89' lang='lat' dir='ltr'>ubi</span> <span class='ocrx_word' id='word_1_258' title='bbox 902 3721 1007 3784; x_wconf 69' lang='lat' dir='ltr'>cosor</span> <span class='ocrx_word' id='word_1_259' title='bbox 1028 3718 1175 3798; x_wconf 80' lang='lat' dir='ltr'>rescivit,</span> <span class='ocrx_word' id='word_1_260' title='bbox 1193 3717 1331 3798; x_wconf 87' lang='lat' dir='ltr'>iisdem,</span> 
     </span>
     <span class='ocr_line' id='line_1_35' title="bbox 250 3818 1331 3908; baseline -0.002 -26"><span class='ocrx_word' id='word_1_261' title='bbox 250 3842 309 3906; x_wconf 86' lang='lat' dir='ltr'>per</span> <span class='ocrx_word' id='word_1_262' title='bbox 329 3841 472 3907; x_wconf 85' lang='lat' dir='ltr'>quorum</span> <span class='ocrx_word' id='word_1_263' title='bbox 493 3839 587 3908; x_wconf 83' lang='lat' dir='ltr'>agros</span> <span class='ocrx_word' id='word_1_264' title='bbox 609 3818 827 3902; x_wconf 84' lang='lat' dir='ltr'>incesserant,</span> <span class='ocrx_word' id='word_1_265' title='bbox 849 3819 1022 3884; x_wconf 87' lang='lat' dir='ltr'>denuntiat</span> <span class='ocrx_word' id='word_1_266' title='bbox 1043 3842 1120 3884; x_wconf 88' lang='lat' dir='ltr'>curu</span> <span class='ocrx_word' id='word_1_267' title='bbox 1147 3820 1262 3904; x_wconf 88' lang='lat' dir='ltr'>minis,</span> <span class='ocrx_word' id='word_1_268' title='bbox 1291 3832 1331 3880; x_wconf 91' lang='lat' dir='ltr'>ut</span> 
     </span>
     <span class='ocr_line' id='line_1_36' title="bbox 250 3919 1327 4010; baseline 0.002 -28"><span class='ocrx_word' id='word_1_269' title='bbox 250 3921 323 3986; x_wconf 86' lang='lat' dir='ltr'>illos</span> <span class='ocrx_word' id='word_1_270' title='bbox 339 3921 498 3986; x_wconf 86' lang='lat' dir='ltr'>reducant</span> <span class='ocrx_word' id='word_1_271' title='bbox 514 3944 523 3984; x_wconf 74' lang='grc' dir='ltr'><strong>ε</strong></span> <span class='ocrx_word' id='word_1_272' title='bbox 540 3919 683 3988; x_wconf 86' lang='lat' dir='ltr'>reductis</span> <span class='ocrx_word' id='word_1_273' title='bbox 701 3944 763 4009; x_wconf 92' lang='lat' dir='ltr'>pro</span> <span class='ocrx_word' id='word_1_274' title='bbox 778 3920 927 3996; x_wconf 84' lang='lat' dir='ltr'>hostibus</span> <span class='ocrx_word' id='word_1_275' title='bbox 945 3922 1070 4002; x_wconf 75' lang='lat' dir='ltr'>utitur3</span> <span class='ocrx_word' id='word_1_276' title='bbox 1088 3921 1231 4010; x_wconf 86' lang='lat' dir='ltr'>reliquos</span> <span class='ocrx_word' id='word_1_277' title='bbox 1249 3940 1327 3984; x_wconf 86' lang='lat' dir='ltr'>ont·</span> 
     </span>
    </p>
   </div>
   <div class='ocr_carea' id='block_1_3' title="bbox 283 4125 710 4192">
    <p class='ocr_par' dir='ltr' id='par_1_5' title="bbox 283 4125 710 4192">
     <span class='ocr_line' id='line_1_37' title="bbox 283 4125 710 4192; baseline -0.007 -13"><span class='ocrx_word' id='word_1_278' title='bbox 283 4127 300 4191; x_wconf 80' lang='lat' dir='ltr'>s</span> <span class='ocrx_word' id='word_1_279' title='bbox 313 4129 457 4178; x_wconf 66' lang='lat' dir='ltr'>cumn.</span> <span class='ocrx_word' id='word_1_280' title='bbox 467 4125 591 4176; x_wconf 65' lang='lat' dir='ltr'>ruunt.</span> <span class='ocrx_word' id='word_1_281' title='bbox 602 4154 637 4164; x_wconf 90' lang='grc'>-</span> <span class='ocrx_word' id='word_1_282' title='bbox 647 4128 710 4192; x_wconf 67' lang='lat' dir='ltr'>cu.</span> 
     </span>
    </p>
   </div>
   <div class='ocr_carea' id='block_1_4' title="bbox 0 0 1442 4900">
    <p class='ocr_par' dir='ltr' id='par_1_6' title="bbox 0 0 1442 4900">
     <span class='ocr_line' id='line_1_38' title="bbox 0 0 1442 4900; baseline 0 4"><span class='ocrx_word' id='word_1_283' title='bbox 0 0 1442 4900; x_wconf 95' lang='lat' dir='ltr'> </span> 
     </span>
    </p>
   </div>
  </div>
 </body>
</html>
