2875 4900
299 368 354 435 IN
384 369 497 436 LOC.
527 369 621 436 L1B.
647 370 735 438 CIV
765 370 978 439 LIVIANI.
1105 370 1172 442 525

110 506 196 553 tatus
215 504 284 570 est,
303 505 340 551 ut
363 510 461 575 qnam
484 489 673 553 maturrime
692 487 923 570 contenderet,
945 510 1006 553 sno
1028 504 1173 579 tempore

109 612 246 671 usurus,
263 592 291 653 si
309 590 442 677 quidem
458 612 534 654 rere
551 592 703 655 mulieres
717 590 879 671 dicerent3
897 605 955 653 aut
972 591 1083 655 saltem
1100 592 1173 655 laci·

108 691 170 753 lius
186 689 407 755 debellaturus
422 690 619 778 impeditum
634 689 791 779 religione
809 691 953 771 hostem,
972 691 1062 757 etde
1076 692 1173 757 vieto·

107 791 153 854 ria
170 789 342 878 desperare
356 792 493 871 jussum.

150 892 305 955 XXXVI.
328 892 433 980 Igitur
454 892 522 955 acie
537 893 712 971 instructa,
731 914 835 979 quum
854 890 895 955 ad
910 908 1011 955 eastm
1026 892 1170 957 hostium

106 991 313 1073 succederet,
324 992 438 1056 irritati
449 992 627 1081 ignominia
640 992 795 1057 Germani
808 1008 1036 1081 processerunt
1048 1010 1081 1057 et
1093 994 1170 1082 ipsi,

106 1093 297 1157 nationatim
308 1092 490 1156 distributis
502 1094 613 1183 copiis.
630 1094 749 1157 Praeter
764 1094 905 1175 Suevos,
919 1117 956 1157 er
971 1094 1091 1181 quibus
1102 1097 1171 1183 ipse

106 1210 194 1275 erat,
211 1194 461 1257 Marcomannos
474 1194 511 1257 in
527 1194 670 1257 exercitu
682 1194 861 1257 Ariovistus
877 1193 1032 1277 babebat,
1049 1211 1083 1258 et
1096 1197 1169 1260 Tri-

105 1296 227 1359 boocos
244 1295 722 1383 etVangiones,Nemetasque,
740 1316 777 1358 ao
788 1294 934 1359 Harudes
950 1312 983 1359 et
998 1296 1167 1378 Sedusios,

105 1395 300 1484 ignobiliora
320 1394 452 1482 reliquis
470 1395 624 1475 uomina,
642 1410 675 1457 et
694 1396 747 1458 vix
766 1410 926 1459 certarum
946 1394 1090 1481 sedium,
1108 1388 1171 1461 nisi

104 1494 197 1583 quod
220 1494 367 1560 Harudes
389 1495 431 1559 ad
455 1496 561 1559 lacum
585 1496 783 1577 Acronium,
803 1496 924 1581 quibus
942 1497 1021 1560 loeis
1038 1498 1170 1563 condita
1208 1582 1212 1591 Ι

105 1597 296 1659 Constantia
313 1612 381 1679 est,
398 1596 557 1661 habitasse
572 1613 709 1685 putant3
726 1595 898 1678 Sedusios,
914 1613 971 1661 ant
986 1613 1023 1661 ut
1036 1599 1098 1687 legi
1113 1622 1169 1663 vo-

104 1699 194 1778 lunt,
210 1697 436 1785 Sepusios,·ad
452 1697 532 1762 liues
548 1699 723 1763 Nemetum
739 1699 774 1762 in
790 1698 858 1785 ripe
877 1697 991 1762 llheni.
1010 1698 1131 1780 Cesar,
1150 1722 1169 1763 a

104 1798 219 1862 dextro
235 1821 359 1880 cornu,
378 1799 535 1887 quodibi
558 1800 801 1865 imbecilliorem
824 1820 892 1863 esee
912 1798 1040 1863 bostem
1058 1822 1168 1865 sense·

103 1915 170 1979 rat,
187 1900 358 1964 commissa
373 1922 500 1990 pugna,
517 1917 606 1966 tanta
630 1903 869 1966 Germanorum
891 1902 1049 1965 alacritate
1075 1923 1167 1967 exce·

102 2016 179 2088 ptus
192 2017 260 2084 est,
273 2018 311 2065 ut
322 2004 462 2089 spatium
474 2003 538 2090 pila
551 2002 585 2065 in
595 2004 706 2067 hostes
722 2001 915 2083 conjiciendi
930 2002 1085 2066 militibus
1098 2024 1166 2067 non

102 2102 245 2165 daretur.

145 2204 315 2267 XXXVII.
338 2203 480 2283 Abjectis
499 2203 590 2292 pilis,
611 2226 661 2267 res
680 2204 837 2267 acerrime
853 2202 960 2293 gladio
976 2204 1115 2292 geritur3
1134 2218 1167 2269 et

102 2326 229 2391 quum
255 2305 413 2394 phalange
440 2306 543 2387 licta,
570 2305 725 2369 Germani
748 2304 912 2369 testudine
939 2326 975 2367 se
1000 2322 1165 2393 tegerent,

101 2407 197 2470 multi
213 2408 436 2472 Romanorum
453 2428 553 2494 super
567 2407 635 2495 ipsa
653 2422 744 2471 scuta
763 2407 932 2488 salierunt,
952 2406 1166 2495 manibusque

101 2531 138 2572 ea
153 2509 358 2590 revellentes,
385 2507 525 2597 desuper
546 2509 728 2572 intulerunt
748 2509 892 2572 vulnere.
911 2509 1046 2572 interim
1064 2508 1105 2572 ab
1122 2511 1167 2574 al·

101 2627 173 2674 tero
185 2632 289 2674 romu
298 2613 463 2674 Romanus
475 2609 666 2698 urgebatur3
680 2631 779 2697 quam
793 2625 863 2673 turn
880 2631 948 2674 rem
960 2609 1165 2696 conspicatus

100 2712 136 2775 P.
156 2713 307 2792 Crassus,
326 2713 383 2799 qui
399 2710 557 2798 equitatui
573 2724 725 2796 preerat,
748 2709 876 2774 tertiam
896 2709 997 2772 aciem
1018 2709 1164 2774 subsidio

100 2811 208 2874 misit:
224 2812 295 2876 haec
306 2834 357 2876 res
372 2813 501 2900 plenam
517 2811 672 2890 Romanis
690 2811 858 2874 victoriam
875 2809 975 2874 dedit.
1002 2810 1163 2874 Ariovisto

98 2935 176 2974 cum
197 2913 360 3001 equitibus
378 2912 531 2974 Rhenum
544 2932 656 2974 versus
669 2912 834 2998 fugiente,
852 2907 993 2996 pedites,
1011 2909 1068 2996 qui
1082 2931 1162 2972 con-

99 3012 191 3098 sequi
217 3035 285 3075 non
310 3026 477 3098 poterant,
501 3009 643 3074 densatis
665 3009 848 3099 agminibus
874 3010 1073 3074 restiterunt.
1097 3009 1162 3072 Eos

99 3135 205 3198 quum
217 3113 288 3176 sine
300 3133 419 3200 magno
428 3112 538 3176 labore
545 3135 584 3176 ac
592 3112 737 3200 periculo
752 3111 891 3174 militum
900 3108 976 3174 caedi
986 3131 1054 3173 nou
1068 3131 1162 3197 posse

99 3217 203 3277 Caesar
219 3214 360 3295 videret,
382 3214 486 3277 emitti
505 3213 618 3294 jusit,
636 3228 724 3276 ratus
742 3213 910 3292 l'uturum,
928 3209 1018 3296 quod
1036 3210 1160 3292 evenit,

98 3315 185 3378 utin
204 3317 279 3404 luga
298 3315 398 3402 sparsi
421 3314 546 3377 facilius
566 3314 838 3401 opprimerentur.
857 3312 1055 3392 Ariovistus,
1072 3311 1162 3375 navi-

98 3415 205 3478 culam
221 3414 262 3478 ad
279 3416 384 3502 ripam
406 3414 577 3503 deligatam
600 3429 733 3494 naonis,
758 3413 933 3478 transmisit
952 3433 1100 3476 amnem:
1119 3413 1162 3476 si·

98 3515 166 3578 mili
189 3516 314 3580 ratione
335 3532 393 3579 aut
414 3514 525 3578 nando
545 3534 673 3580 evasere
691 3514 864 3602 perpauei;
881 3531 1013 3578 caeteros
1035 3515 1162 3578 romani

96 3616 223 3702 equites
239 3616 432 3702 consequuti
448 3615 692 3680 interemerunt.

141 3717 326 3782 XXXVIII.
348 3717 398 3780 Ne
413 3716 588 3780 mulierum
608 3711 742 3802 quidem
765 3713 1003 3803 infantiumque
1017 3713 1159 3780 caedibus

130 3939 147 4005 ς
162 3941 272 3989 XXXV.
286 3941 343 3990 Dio.
357 3967 393 3980 -
407 3941 469 3991 Cu.
483 3965 518 3976 -·
528 3938 639 3987 Fronde.
649 3939 688 3995 11,
705 3951 729 3994 ι,
745 3937 784 3982 16.
801 3960 836 3970 -
850 3933 927 3982 Cleua.
939 3933 1028 3980 Suom.
1038 3931 1082 3980 lib.
1092 3933 1113 3983 1.
1126 3960 1161 3971 -

95 4021 160 4071 Plnt.
169 4023 230 4088 -3
243 4025 365 4072 xxxvl.
374 4023 452 4072 Ortel.
461 4023 578 4070 Therone
589 4033 615 4070 et
628 4019 716 4070 cellar.
726 4019 816 4080 Geogr.
828 4015 962 4078 Antiq.11‚
977 4016 999 4062 5.
1010 4041 1045 4052 —
1056 4016 1117 4065 Ces.
1126 4042 1161 4052 —-

94 4106 259 4170 §xxxvii
270 4108 327 4156 nto.
341 4133 371 4142 —-
384 4107 448 4156 Flor.
457 4133 493 4144 -—
506 4109 579 4153 Otus.
588 4107 636 4161 Vl,
648 4121 672 4163 7.
684 4129 720 4140 -
732 4101 841 4150 Frontin.
851 4100 887 4157 11,
897 4101 924 4146 6.
