2875 4900
224 380 280 464 tu
309 381 426 463 noc.
455 355 984 465 mnfuxxxnrvmnr.
1087 395 1134 466 65

83 515 267 580 tadmodum
285 515 463 580 rectissime
482 514 689 590 consulatur,
709 513 900 602 ambiguum
919 517 1059 598 mount,
1078 521 1135 606 qui

84 618 240 706 *placitam
254 639 360 706 nuper
371 616 584 697 sententiam,
601 616 644 680 oh
659 615 807 680 duriores
824 616 1135 704 quosdameventus

83 733 309 783 «mutarerunt.

120 819 186 882 XV.
205 849 219 874 ι
229 817 365 884 Dudum
380 819 468 883 enim
483 830 620 887 concors
635 821 766 882 senatus
784 805 930 901 cenauit,
946 807 1136 885 eontrarim

83 919 301 1009 ·lugitirorum
318 937 353 984 et
363 920 531 1001 exsulum,
545 922 642 986 armis
652 919 786 985 defendi
796 920 1030 1008 rempublicam
1043 945 1137 1011 opor-

83 1034 160 1084 ·tere
178 1043 186 1085 ι
206 1043 297 1086 nunc
318 1019 466 1086 eamdem
487 1021 573 1086 illam
599 1022 792 1085 sententiam
810 1021 968 1088 damnant
989 1024 1137 1112 plerique

83 1122 150 1208 *qui
165 1123 328 1204 tulerunt,
340 1121 421 1186 dum
433 1121 553 1212 legatos
564 1122 649 1186 mitti
657 1122 792 1205 jubent,
806 1139 840 1186 et
849 1124 939 1190 velut
952 1147 1028 1189 cum
1038 1124 1135 1204 justis

83 1223 242 1288 ·hostibus
256 1224 300 1290 de
312 1247 390 1312 pace
406 1225 474 1312 agi.
488 1223 546 1288 sed
558 1223 593 1288 id
607 1223 740 1312 quidem
751 1225 978 1290 sinemaximo
990 1240 1060 1289 tum
1075 1249 1137 1314 pua

82 1321 189 1404 ·d0re,
211 1341 285 1388 tum
310 1325 407 1388 etiam
432 1323 659 1402 incommodo,
684 1323 793 1390 fleria
817 1327 912 1390 nobis
935 1328 1060 1415 nequit.
1084 1327 1136 1392 Sic

81 1425 178 1488 «enirn
194 1426 307 1490 omnia
322 1441 373 1488 tot
390 1426 550 1490 mensium
569 1425 696 1490 decreta
708 1437 775 1490 uua
788 1439 887 1516 opera
902 1428 1134 1510 rescindimus;
1183 1483 1188 1495 .

82 1538 127 1586 «et
140 1549 319 1613 paucorum
333 1527 481 1592 exsulum
497 1527 650 1614 potentias
663 1526 778 1592 cedere
791 1542 923 1592 senatus
938 1529 1136 1610 majestatem

82 1628 252 1714 ·patimur;
277 1651 384 1716 eoque
407 1644 440 1692 et
463 1629 623 1693 malorum
646 1626 877 1692 confirmamus
900 1629 1085 1712 audaciam,
1104 1647 1138 1696 et

82 1727 197 1794 «bonos
213 1751 438 1814 exarmamus,
456 1731 620 1818 pauloque
641 1730 750 1793 minus
773 1751 873 1816 quum
889 1730 1014 1816 vinctos
1036 1731 1136 1797 tradi-

82 1851 164 1894 ·mus
181 1830 334 1896 inimicis.

118 1931 200 1995 XVI.
220 1931 321 2013 «Qui
343 1931 431 1996 enim
454 1917 611 1995 hactenus
631 1915 742 1994 omnia
758 1940 820 2019 pro
842 1933 1009 1996 oom'muni
1033 1934 1135 1999 salute

84 2033 248 2120 prompte
257 2032 415 2120 eniseque
426 2031 593 2112 fecerunt,
602 2032 726 2119 quique
737 2033 853 2098 facturi
865 2034 1000 2099 fuerunt
1008 2051 1134 2124 postea,

83 2131 136 2214 «ii,
157 2133 292 2206 Panum
319 2134 437 2198 timore
457 2147 649 2222 perspecto,
675 2134 775 2198 semel
799 2133 974 2200 concident
994 2134 1135 2217 animis3

84 2249 130 2296 ·et
145 2234 281 2300 sortasse
303 2257 371 2298 non
391 2249 592 2321 exspectato,
610 2232 716 2298 donec
733 2233 767 2296 in
785 2256 963 2298 commune
982 2235 1137 2324 transiga-

84 2345 160 2412 «ευτ’,
179 2337 241 2402 sibi
261 2337 402 2425 quisque
420 2335 579 2424 propitios
602 2335 698 2398 celeri
716 2334 875 2424 obsequio
891 2329 1020 2400 efficere
1037 2336 1136 2417 volet,

84 2460 176 2523 ·quos
189 2439 290 2527 parrlo
302 2454 377 2527 post
391 2435 559 2501 habendos
575 2435 640 2501 sibi
652 2434 806 2501 dominos
818 2435 1021 2502 intellexerit.
1033 2437 1139 2525 Atque

85 2536 161 2625 «ipsa
181 2540 233 2605 illa
260 2538 458 2627 transfirgim
482 2536 601 2625 quibus
623 2538 773 2601 concussi
797 2538 1015 2625 quorumdam
1036 2539 1137 2604 animi

85 2642 370 2718 «contremiscunt,
389 2638 431 2703 ab
448 2638 510 2703 hac
527 2636 732 2702 dubitatione
753 2640 872 2727 magis,
889 2662 987 2728 quam
1007 2640 1049 2704 ab
1071 2641 1138 2705 ulla

86 2741 154 2805 ·alia
170 2764 267 2807 causa
286 2742 432 2831 proiecta
451 2757 550 2821 sunt3
569 2740 730 2803 mansuris
752 2739 787 2803 iu
807 2739 871 2805 fide
893 2742 1073 2830 plerisque,
1090 2743 1136 2823 si,

85 2861 215 2929 ·quanto
232 2860 356 2909 conatu
372 2841 555 2931 oppugnari
568 2840 802 2929 rempublicam
817 2840 944 2924 vident,
957 2858 1051 2906 tanto
1064 2864 1139 2905 eon·

86 2965 191 3010 «seusu
202 2944 446 3011 defenderetun
465 2944 586 3007 Goutm
598 2942 716 3006 famem
734 2944 838 3007 multa
853 2942 996 3007 remedia
1007 2937 1137 3032 excogi-

86 3046 171 3109 -urit
189 3046 364 3111 necessitas
382 3054 390 3109 ἐ
407 3042 608 3109 conferendo
626 3042 660 3107 in
677 3043 862 3131 publicum,
879 3042 969 3130 quod
988 3043 1138 3131 privatim

86 3146 232 3235 squisque
243 3148 408 3228 continet,
425 3134 625 3209 dimetiendo
639 3144 859 3225 frumentum,
871 3132 1046 3207 emittenda
1062 3145 1138 3210 inu*

86 3246 144 3309 «tili
153 3249 264 3331 turba,
279 3270 364 3337 saepe
375 3246 507 3333 quaesita
518 3262 708 3336 repertaque
720 3262 770 3310 est
779 3244 944 3310 avertendi
955 3262 1137 3313 extremum

87 3348 226 3413 ‹exitium
240 3348 479 3438 opportunitas.

122 3451 220 3517 xvu.
244 3450 422 3538 «Denique
446 3450 510 3514 hoc
534 3448 642 3537 ipsum
664 3447 860 3538 Capitolium
889 3449 992 3513 teneri
1024 3468 1138 3518 eontra

87 3548 204 3618 «Gallos
217 3552 435 3641 nequivisset,
450 3550 476 3615 si
488 3566 555 3615 tam
569 3550 675 3615 mollis
687 3550 841 3615 adversus
851 3547 970 3614 famem
982 3551 1036 3615 illa
1045 3570 1139 3619 etate

88 3650 209 3717 ·luisset
217 3676 353 3719 romana
361 3653 526 3733 juventus.
542 3651 605 3717 Sed
621 3668 726 3732 nunc,
737 3650 847 3731 aiunt,
862 3656 930 3714 'non
942 3658 1050 3716 estres
1062 3676 1138 3717 oum

88 3750 213 3835 ·Gallis;
228 3754 353 3821 Marius
372 3769 406 3818 et
424 3753 527 3817 Cinna
548 3770 623 3817 anre
643 3766 753 3841 portas
771 3741 866 3832 sunt,
887 3766 920 3815 et
939 3753 1063 3832 caeteri,
1079 3753 1138 3839 qui

89 3854 245 3920 «videtioet
268 3876 406 3921 romano
426 3854 584 3943 sanguine
605 3852 687 3934 orti,
710 3850 862 3942 pietatem
877 3851 993 3940 patriar
1006 3867 1138 3939 pesesta-

90 3952 197 4037 tbunr,
215 3956 342 4020 civibus
357 3956 502 4034 veniam,
520 3954 620 4044 pa'otis
636 3952 745 4019 fidemz
759 3954 822 4018 Hei
834 3952 930 4034 mihi,
945 3974 1043 4040 quam
1060 3952 1139 4015 cele·

92 4054 179 4119 *riter
191 4057 427 4145 poenitebitvos
442 4057 540 4137 hujus
556 4056 738 4146 opinionis3
751 4055 849 4121 simul
860 4070 960 4158 atque
969 4052 1090 4118 horum
1104 4054 1139 4116 in

173 4175 214 4241 X.
952 4164 972 4235 5
