2875 4900
281 390 352 487 396
458 394 526 459 JO.
553 394 891 464 FREINSHEMII
923 398 1168 467 SUPPLEM.

279 512 517 577 sternebantur.
532 514 624 577 luter
637 514 706 581 haec
721 514 863 579 emicans
875 516 960 580 forte
974 518 1119 582 nubibus
1132 519 1211 582 luna
1226 542 1343 583 recrea

280 615 327 678 vit
342 614 518 695 Barbaros,
537 632 591 696 ut,
608 616 635 679 si
649 616 732 678 nihil
745 616 852 699 aliud,
868 614 994 681 visuros
1008 619 1120 683 saltem
1134 620 1264 684 hostem
1276 642 1343 708 spe·

282 732 408 797 rarent,
424 732 456 780 et
472 716 599 780 minore
615 732 818 805 pugnaturos
834 718 1000 806 periculo,
1023 720 1067 802 si,
1085 721 1179 809 quale
1201 719 1298 802 illud,
1318 736 1347 783 et

282 818 372 883 unde
392 818 531 881 maxime
548 817 733 882 timendum
751 836 852 901 esset,
870 821 1087 909 agnovissent.

326 919 383 984 IV.
395 918 459 983 Sed
472 920 558 983 lunae
572 920 670 983 etiam
682 920 778 983 fallax
789 937 822 984 et
832 922 1034 1010 perniciosus
1046 923 1091 987 eis
1105 922 1262 1010 splendor
1276 924 1346 1004 brit,

284 1032 388 1108 quum
405 1020 555 1085 adversos
570 1020 717 1109 ipsorum
732 1022 964 1113 perstringeret
979 1024 1111 1105 oculos,
1127 1024 1349 1113 conspicuum·

285 1144 350 1210 que
368 1122 455 1185 hosti
471 1144 587 1211 agmen
605 1120 758 1186 efficeret.
778 1124 911 1187 Summa
929 1140 1038 1187 tamen
1054 1146 1148 1187 noxae
1166 1125 1202 1186 in
1219 1146 1260 1187 eo
1277 1123 1348 1203 fuit,

285 1222 377 1311 quod
390 1223 523 1305 umbra,
541 1246 613 1311 quae
629 1246 647 1287 a
664 1224 806 1287 romanis
824 1224 1018 1313 corporibus
1030 1247 1089 1314 per
1103 1224 1243 1314 longum
1258 1225 1348 1287 inter·

286 1325 406 1388 vallum
425 1324 467 1389 ad
485 1348 563 1389 suos
583 1324 716 1389 ordines
740 1327 960 1417 pertingebat,
979 1326 1123 1414 decepti,
1147 1343 1304 1414 tanquam
1320 1327 1349 1387 in

286 1426 511 1515 propinquum
521 1427 649 1492 hostem
661 1428 724 1491 tela
734 1428 904 1492 miserunt.
913 1430 963 1491 Eo
969 1428 1110 1491 Romani
1118 1426 1349 1505 animadverso,

288 1550 364 1591 cum
377 1529 517 1593 clamore
529 1529 691 1617 suggressi
704 1545 799 1611 sunt,
816 1530 1036 1617 Ponticosque
1049 1544 1100 1593 tot
1113 1528 1207 1593 malis
1222 1530 1350 1593 circum·

289 1643 402 1691 ventos
416 1630 624 1717 pepulerunt.
642 1629 691 1693 Ad
708 1630 807 1693 millia
821 1629 935 1693 decem
950 1652 990 1693 eo
1003 1630 1114 1718 praelio
1127 1629 1283 1694 cecidisse
1299 1645 1350 1693 tta·

272 1722 431 1811 duntur,
449 1753 558 1818 neque
574 1731 744 1818 pauciores
760 1754 830 1795 esse
846 1733 941 1819 oepti.
958 1731 1097 1794 Romani
1114 1730 1234 1795 milites
1247 1728 1350 1818 viginti

288 1854 364 1895 cum
381 1831 512 1897 duobus
526 1833 776 1897 centurionibus
795 1834 957 1897 interfecti
975 1849 1069 1914 sunt,
1087 1833 1250 1897 vulnerati
1263 1830 1349 1895 mille.

288 1934 386 2016 Sunt,
399 1934 458 2022 qui
472 1934 637 2025 regiorum
651 1950 744 2023 capta
755 1958 901 2023 caesaque
915 1933 1058 1997 referant
1071 1933 1286 2022 quadraginta
1294 1930 1352 1993 mil·

290 2035 350 2116 lia3
374 2053 456 2123 quot
473 2036 526 2099 vix
547 2036 728 2099 existimem
748 2037 842 2101 ineo
860 2033 1058 2100 Mithridatis
1080 2035 1227 2099 exercitu
1245 2034 1351 2109 fuisse,

291 2138 468 2224 praesertim
483 2160 586 2225 quum
601 2138 724 2201 multos
742 2138 840 2201 etiam
859 2137 1011 2225 effugisse
1023 2136 1065 2199 sit
1077 2135 1265 2223 proditum,
1281 2137 1353 2199 inter

292 2261 375 2326 quos
392 2255 425 2302 et
442 2238 646 2303 Mithridates
663 2238 735 2302 luit.

337 2342 376 2405 V.
397 2342 429 2403 ls
444 2340 510 2419 jam
532 2340 572 2403 ab
593 2340 688 2402 initio
709 2360 844 2427 pugnae,
867 2361 945 2401 eum
965 2338 1129 2425 equitibus
1152 2334 1353 2426 octingentis,

293 2463 352 2528 per
375 2465 544 2506 romanam
573 2440 675 2505 aciem
702 2463 737 2504 se
768 2440 950 2529 eripuerat,
973 2438 1092 2504 deinde
1116 2436 1353 2530 diffugientibus

295 2559 386 2606 metu
403 2543 543 2624 caeteris,
568 2543 699 2606 relictus
723 2542 765 2604 ab
786 2541 960 2622 omnibus,
981 2557 1045 2604 tres
1069 2540 1209 2604 omnino
1232 2538 1353 2604 comites

296 2645 430 2712 retinuit
445 2668 453 2709 :
468 2667 535 2732 quo
552 2645 586 2706 in
608 2666 749 2708 numero
769 2643 875 2731 pellex
890 2642 960 2721 ejus
976 2641 1039 2705 fuit
1051 2642 1283 2729 Hypsicratea,
1297 2661 1354 2702 nra·

297 2747 377 2810 sculi
390 2747 490 2811 animi
508 2745 701 2834 ruborisque
713 2745 848 2825 mulier,
863 2766 962 2832 quam
974 2742 1048 2806 ideo
1062 2743 1289 2830 Hypsicratem
1303 2761 1354 2801 no·

296 2849 419 2913 minare
438 2873 494 2913 rex
512 2863 736 2912 consueverat.
759 2847 806 2909 Ea
824 2862 895 2909 tum
916 2845 1042 2909 virilem
1060 2860 1183 2908 vestem
1209 2843 1354 2932 persicam

296 2949 426 3032 induta,
450 2973 536 3038 equo
559 2948 765 3012 vehebatur:
789 2969 897 3035 neque
918 2946 1157 3034 longinquitate
1180 2945 1282 3035 fugae,
1304 2961 1355 3004 nec

294 3051 440 3116 curando
453 3051 583 3115 interim
592 3072 729 3138 corpore
739 3065 772 3112 et
783 3071 870 3136 equo
879 3048 964 3136 regis
974 3047 1117 3136 fatigata,
1126 3069 1234 3133 quum
1243 3068 1282 3110 eo
1292 3065 1356 3106 ven·

297 3169 367 3216 tum
383 3154 586 3218 miseriarum
605 3168 706 3233 esset,
726 3166 764 3213 ut
786 3150 854 3238 ipse
870 3150 1065 3237 plerumque
1086 3170 1145 3235 per
1164 3147 1253 3211 invia
1267 3163 1354 3208 manu

297 3255 439 3318 traheret
450 3277 591 3342 equum,
607 3253 713 3318 donec
724 3252 758 3315 in
772 3251 906 3340 globum
918 3250 1069 3337 equitum
1080 3248 1355 3322 mercenariorum,

297 3371 330 3418 et
343 3354 493 3442 peditum
510 3357 570 3419 tria
587 3356 688 3418 ferme
706 3352 804 3416 millia
821 3351 954 3433 incidit,
970 3375 989 3414 a
1002 3349 1123 3438 quibus
1138 3348 1299 3413 deductus
1315 3358 1355 3406 est

297 3458 331 3518 in
347 3457 512 3550 castellum
529 3456 684 3545 Synoria,
699 3455 745 3519 sic
760 3453 934 3542 appellata,
950 3450 1041 3540 quod
1061 3451 1107 3514 ibi
1123 3452 1294 3537 utriusque
1306 3449 1356 3509 Ar·

299 3557 413 3620 meniae
430 3557 571 3622 confinia
584 3557 717 3620 coibant
733 3579 740 3618 ε
756 3577 824 3643 quo
840 3555 914 3619 loco
929 3552 1133 3618 Mithridates
1147 3573 1295 3641 maguam
1307 3567 1355 3635 pe-

298 3657 403 3722 cuniae
420 3658 486 3721 vim
505 3657 647 3722 babebat
663 3657 851 3745 repositam.

336 3922 407 3986 5111.
419 3921 472 3968 biv.
483 3918 549 3984 Epit.
561 3945 595 3954 -
609 3921 691 3964 Frout.
704 3919 742 3975 11,
756 3933 777 3963 1.
789 3941 824 3952 -
837 3915 894 3963 nto.
906 3941 941 3950 -
959 3913 975 3976 5
988 3915 1033 3961 tv.
1048 3915 1133 3959 l'ront.
1149 3937 1184 3947 -
1199 3907 1262 3954 Flos.
1273 3903 1317 3957 111,
1334 3897 1355 3941 5-

300 4033 334 4044 --
347 4007 419 4054 Oros.
427 4005 479 4062 vt,
493 4011 518 4058 4.
531 4029 566 4038 -·
579 4002 643 4050 Plut.
661 4028 696 4036 —
716 4003 820 4066 Eutrop.
834 3997 900 4064 —S
919 4000 949 4044 V.
969 3998 1035 4046 Plut.
1054 4023 1089 4033 --
1109 3995 1162 4042 Cic.
1182 4009 1229 4058 pro
1245 3991 1358 4037 ldum'·

300 4087 625 4154 cap.16.-Appian.-
644 4083 725 4134 strab.
742 4083 786 4133 lib.
802 4085 869 4141 xlt,
887 4098 944 4147 pag.
963 4081 1025 4129 555.
1043 4107 1078 4117 -
1098 4077 1168 4126 Suid.
1191 4076 1217 4122 in
1234 4074 1319 4132 Pomp.
1331 4085 1359 4096 ‘

300 4173 403 4238 Eutrop.
416 4199 448 4208 -
462 4171 516 4218 val.
527 4171 594 4221 Max.
604 4171 649 4230 lv,
662 4169 691 4217 6.
