2875 4900
295 370 364 441 560
470 374 540 439 JO.
567 370 902 439 FREINSHEMII
934 372 1182 441 SUPPLEM.

293 525 306 551 a
317 515 356 557 eo
376 488 527 577 deinceps
544 510 642 555 onere
654 536 663 570 ,
689 512 795 575 quum
808 510 885 553 mox
899 490 1026 578 gravius
1041 490 1143 579 ipsius
1165 492 1258 581 culpa
1274 512 1351 559 esset

294 594 457 672 «factum,
480 612 579 679 quam
607 607 644 655 ut
670 589 805 657 ferendo
834 589 1061 655 amoliendove
1083 613 1154 657 esse
1175 594 1294 680 possit,
1319 595 1348 659 in

293 692 550 782 «rempublicam
574 690 836 781 procubitururn.
859 693 947 757 Tum
974 693 1128 777 demum,
1162 698 1221 763 ubi
1246 716 1352 786 prater

292 828 305 853 a
314 794 536 885 poenitentiam
550 794 630 861 nihil
644 794 685 859 sit
697 794 848 858 futurum
860 795 994 883 reliqui,
1007 798 1140 863 Catonis
1151 801 1351 889 cogniturum

292 897 463 979 «consilia,
477 896 533 984 qui
547 917 615 959 non
625 895 737 961 minus
746 910 817 960 tuta
828 911 862 961 et
871 897 1030 981 salubria,
1043 922 1143 991 quarn
1156 900 1243 980 justa
1255 916 1288 967 et
1299 903 1352 965 bo-

291 1030 304 1055 n
315 1015 422 1081 nesta,
441 997 628 1063 suasisset».

337 1101 445 1165 XXII.
460 1100 566 1186 Atque
579 1097 614 1161 id
623 1097 814 1163 vaticinium
826 1100 924 1186 paulo
937 1116 1012 1188 post
1026 1103 1252 1190 comprobavit
1263 1126 1353 1167 even·

294 1217 356 1265 tus.
369 1201 455 1263 Tum
471 1220 548 1262 vero
562 1197 760 1287 Pompeius,
778 1198 908 1265 inflatus
923 1202 1147 1290 magnitudine
1164 1228 1242 1287 sna,
1255 1228 1354 1293 neque

293 1301 583 1367 commutationem
607 1301 747 1364 fortunae
769 1301 905 1382 timens,
929 1324 1006 1365 cum
1024 1304 1140 1373 Crasso
1159 1306 1354 1392 provincias,

182 1398 185 1421 ¹
293 1420 446 1489 tanquam
470 1422 630 1488 oppressas
652 1416 818 1488 captaeque
840 1402 1024 1490 reipublicae
1047 1404 1169 1492 spolia,
1186 1405 1352 1473 dividebat.

292 1506 417 1568 Sortem
436 1500 584 1568 adhiberi
600 1502 783 1591 placuerat:
798 1527 834 1567 ea
849 1504 975 1591 Syriam
988 1506 1121 1587 Crasso,
1135 1507 1278 1573 Africam
1291 1532 1354 1572 om·

292 1629 367 1670 nem
382 1621 415 1669 et
428 1604 615 1692 Hispanias,
627 1626 704 1669 oum
715 1604 901 1693 legionibus
915 1621 1066 1694 quatuor,
1080 1608 1241 1696 Pompeio
1258 1609 1351 1675 dedit

292 1707 350 1771 His
369 1706 413 1770 ita
437 1706 612 1785 confectis,
635 1704 676 1769 ad
694 1705 916 1772 emendandos
939 1706 1075 1774 civitatis
1095 1731 1221 1791 mores,
1241 1713 1353 1801 egregii

290 1823 439 1871 auctores
455 1828 488 1869 se
506 1806 726 1871 contulerunt.

335 1909 457 1973 XXIII.
479 1906 569 1971 Nihil
588 1921 657 1969 erat
682 1907 817 1971 civitatis
838 1907 968 1985 judiciis
990 1910 1194 1997 corruptius,
1213 1912 1353 1999 nihilque

229 2068 231 2071 .
290 2008 510 2097 frequentius,
525 2028 623 2095 quam
642 2022 681 2072 ut
696 2009 974 2074 atrocissimorum
990 2012 1166 2076 criminum
1179 2014 1350 2094 manifesti,

291 2134 349 2199 per
370 2110 522 2200 gratiam,
542 2124 599 2174 aut
617 2111 808 2197 pecuniam,
834 2112 1090 2178 absolverentur.
1106 2113 1273 2202 Praecipue
1292 2132 1353 2179 erat

292 2212 509 2291 invidiosum,
526 2209 632 2297 quod,
647 2227 778 2298 accepta
789 2235 807 2275 a
818 2211 993 2277 Ptolemaeo
1004 2237 1081 2304 rege
1093 2216 1249 2303 pecnnia,
1265 2218 1350 2281 multi

291 2311 489 2379 occidendos
502 2327 692 2376 curaverant
703 2312 825 2399 legatos
835 2312 1078 2397 alexandrinos,
1092 2332 1150 2380 aut
1161 2339 1236 2399 eos,
1248 2318 1305 2405 qui
1317 2340 1351 2381 eo

290 2416 427 2480 crimine
443 2414 599 2503 postulati
614 2416 803 2500 frequenter
821 2415 968 2497 fuerant,
988 2416 1049 2482 sibi
1071 2418 1223 2488 timentes
1242 2420 1351 2508 eripie-

292 2519 379 2582 bant.
405 2517 511 2582 Etiam
528 2517 565 2581 P.
579 2515 738 2596 Ascitius,
760 2515 818 2602 qui
836 2519 986 2582 conscius
998 2534 1031 2582 et
1043 2518 1171 2600 adjutor
1186 2521 1352 2587 occidendi

291 2619 405 2684 Dionis
418 2620 517 2682 fuisse
528 2617 738 2697 credebatur,
752 2617 876 2700 judicio
890 2637 958 2683 erat
969 2619 1134 2686 liberatus.
1149 2623 1278 2688 Aurelia
1288 2624 1351 2713 lege

291 2737 423 2788 cautum
440 2737 526 2800 erat,
555 2733 591 2784 ut
609 2743 652 2784 ex
668 2721 767 2784 tribus
785 2720 944 2786 ordinibus
954 2721 1081 2811 jndices
1096 2723 1300 2810 legerentur.-
1322 2725 1351 2789 id

290 2817 409 2888 mutari
423 2845 490 2886 non
507 2821 645 2909 placuit;
657 2820 775 2885 modus
788 2821 1001 2910 legendorum
1018 2825 1210 2890 immutatus
1220 2875 1232 2909 ,
1244 2827 1352 2894 latum·

290 2949 372 3015 que,
390 2937 426 2989 ut
437 2923 627 3012 amplissirw
642 2945 686 2984 ex
703 2944 797 2986 censu
814 2921 888 2990 lecti
905 2926 1279 3014 crenturit'sjudt'carertt
1294 2941 1351 2992 trr-

289 3029 374 3091 cerati
391 3026 562 3114 sexaginta
579 3025 652 3088 viri.
672 3023 898 3111 Paupertatem
915 3016 1078 3113 plerisque
1094 3026 1195 3092 fuisse
1216 3028 1261 3092 ad
1282 3031 1353 3094 aoci·

237 3151 240 3158 ⁴
289 3127 407 3216 pienda
427 3147 563 3189 munera
579 3139 770 3212 preteritum
787 3124 958 3208 videbant3
981 3125 1039 3192 sed
1057 3150 1118 3193 nec
1135 3129 1266 3194 fallebat
1285 3155 1351 3212 eos,

290 3252 357 3293 non
375 3229 444 3292 fore
460 3227 719 3306 innocentiores,
741 3227 798 3315 qui
822 3251 882 3315 per
903 3231 1021 3294 scelera
1046 3231 1089 3294 ad
1105 3231 1234 3298 divitias
1250 3257 1352 3323 perve-

290 3345 423 3394 nissent.

332 3430 452 3494 XXIV.
469 3428 533 3494 Sed
551 3429 584 3493 in
607 3451 643 3492 ea
663 3451 795 3492 morum
809 3429 953 3496 foeditate
972 3433 1055 3497 nihil
1072 3434 1159 3498 aliud
1175 3435 1245 3498 fieri
1263 3453 1351 3524 pote·

288 3547 356 3614 rat3
373 3531 501 3620 ipsique
514 3545 664 3595 auctores
680 3530 759 3619 Iegis
779 3531 858 3596 tales
873 3547 985 3614 etant,
1008 3549 1048 3598 ut
1070 3535 1190 3600 severis
1207 3537 1351 3602 incorru-

288 3635 415 3724 ptisque
423 3631 588 3713 jndicibus
600 3631 661 3694 sibi
675 3631 758 3696 nihil
769 3654 853 3719 opus
865 3655 934 3698 esse
947 3635 1175 3701 existimarent.
1185 3637 1256 3702 Nec
1269 3639 1349 3702 enim

287 3737 421 3801 crimina
434 3749 491 3798 aut
505 3748 707 3797 accusatores
723 3734 773 3798 vel
792 3734 913 3824 Magno
927 3735 1083 3823 Pompeio
1095 3737 1246 3822 deerant,
1261 3741 1289 3804 si
1300 3740 1350 3819 ju·

323 3965 339 4029 s
356 3963 429 4010 xxt.
448 3959 554 4024 Appitn.
574 3983 609 3994 -·
624 3957 689 4004 Vell.
702 3984 738 3994 —
751 3958 875 4007 Plutarch.
891 3961 918 4007 in
931 3963 987 4010 Cat.
1006 3987 1040 4000 ·-
1056 3960 1073 4028 s
1093 3964 1179 4012 xxtt.
1191 3963 1313 4014 Plutarch.
1324 3965 1348 4010 in

288 4051 375 4111 Pomp.
384 4057 408 4093 et
420 4045 515 4092 Crasso.
525 4069 559 4078 -
569 4040 677 4104 Appias.
691 4067 726 4077 —-
735 4042 798 4101 Dio,
816 4057 842 4106 p.
854 4045 897 4091 61.
908 4071 942 4080 -
953 4043 969 4108 s
980 4046 1076 4094 xxm.
1089 4046 1142 4095 Cic.
1153 4064 1201 4112 pro
1209 4048 1269 4098 eol.
1278 4065 1301 4095 e.
1311 4063 1346 4093 ro.

287 4159 322 4168 -
335 4132 426 4178 Iseon.
438 4128 462 4174 in
473 4125 521 4174 Pis.
534 4151 568 4162 -
578 4123 642 4172 Vell.
654 4125 691 4183 11,
705 4124 745 4184 76.
760 4151 795 4162 -
804 4125 929 4176 Plutarch.
939 4127 965 4176 in
975 4129 1062 4193 Pomp.
