2875 4900
290 344 360 442 576
466 319 906 411 tonantissimas
937 337 1179 407 supensus.

290 464 464 557 provineiae
475 478 599 547 essent;
613 477 855 549 moveruntque
865 474 1030 540 senatum,
1040 474 1080 523 ut
1086 459 1251 548 Hispanias
1263 457 1341 524 alteri

291 569 464 633 consulum
488 564 689 653 provinciam
716 563 882 626 lubentius
906 560 1115 643 decerneret,
1136 562 1342 651 Pompeioque

291 685 412 735 sortem
429 669 516 734 illam
533 667 703 731 obvenisse
716 665 890 729 letaretur.
907 664 967 728 His
981 664 1083 727 ferme
1096 665 1194 728 rebus
1204 664 1290 729 domi
1302 665 1344 727 lo·

287 775 400 863 risque
415 772 628 835 circumactus
642 788 748 831 annus
765 783 832 847 est,
847 787 915 854 quo
930 767 991 829 Cn.
1000 764 1195 854 Pompeius,
1206 766 1251 831 M.
1262 768 1343 829 Cras·

290 896 346 937 sus
369 872 519 936 consules
543 870 662 932 iterum
686 868 831 932 luerunt.
853 869 1000 955 Sequens
1018 866 1137 933 deinde
1158 870 1195 934 L.
1216 869 1344 933 Domitio

289 978 351 1040 Cn.
362 976 398 1038 F.
416 969 649 1050 Ahenobarbo,
665 967 871 1057 Ap.Claudio
885 968 989 1056 Apu.
998 968 1141 1033 Pulchro
1155 968 1343 1049 consulibus,

291 1096 423 1163 magnas
432 1071 649 1136 dissensiones
660 1071 695 1133 in
704 1071 881 1159 republica,
889 1092 1022 1159 magnas
1030 1072 1233 1137 exercituum
1241 1088 1344 1161 strage·

291 1178 326 1241 in
341 1174 514 1265 provinciis
533 1172 617 1237 tulit.
632 1174 672 1236 In
684 1172 774 1235 Urbe
787 1188 922 1261 propter
932 1172 1127 1255 Gabinium,
1139 1196 1159 1238 a
1170 1196 1237 1262 quo
1247 1188 1345 1237 contra

262 1306 265 1319 ,
291 1277 464 1367 religiones
485 1274 641 1339 reductus
659 1274 693 1336 in
717 1296 857 1363 regnum
874 1274 1068 1338 Ptolemaeus
1089 1274 1215 1356 suerat,
1232 1274 1346 1339 acribus

291 1379 405 1443 animis
419 1379 511 1441 inter’
521 1376 684 1466 principes
699 1375 894 1441 certabatur.

335 1480 453 1544 LXIII.
472 1480 514 1543 Et
531 1478 662 1542 Gabinii
678 1500 808 1541 causam
825 1479 887 1541 Cn.
901 1476 1040 1565 Magnus
1057 1476 1217 1541 hactenus
1229 1494 1344 1540 utcum-

291 1604 356 1669 que
374 1580 573 1645 sustinuerat
592 1595 689 1644 :tum
711 1595 841 1659 autern,
865 1578 1008 1666 duorum
1030 1579 1205 1643 consulum
1224 1576 1344 1643 inimicis

291 1682 465 1747 accedente
480 1680 690 1763 auctoritate,
704 1675 985 1769 coepit‘labasce‘re.
996 1679 1161 1746 Domitius
1173 1703 1297 1770 semper
1305 1677 1345 1741 ad·

290 1806 402 1849 versus
413 1782 614 1873 pompeianae
628 1783 761 1846 factioni
775 1784 881 1847 fuerat
895 1804 904 1847 r
919 1781 1080 1872 Appium,
1095 1800 1193 1846 antea
1209 1806 1274 1847 non
1286 1780 1345 1844 alie·

291 1908 390 1967 num,
408 1884 513 1948 studia
530 1884 634 1972 plebis
652 1884 841 1967 mutabant,
858 1899 891 1948 et
909 1906 983 1971 spes
1000 1884 1100 1965 lucri,
1116 1884 1346 1949 accumulatum

290 1984 474 2049 mercedem
499 1984 672 2073 patrocinii
688 1984 847 2068 Gabinio,
866 1986 894 2049 ei
915 1985 1006 2073 prius
1026 1985 1062 2049 in
1085 2008 1239 2075 magnam
1259 1982 1345 2049 addu-

291 2102 362 2151 ctus
379 2084 629 2175 trepidationem
651 2084 777 2150 fuisset.
802 2089 845 2151 At
865 2088 985 2169 Caesar,
1008 2086 1138 2151 obsides
1159 2111 1179 2151 a
1201 2086 1344 2153 Britannis

289 2185 407 2251 mIssos
425 2208 493 2249 non
515 2204 586 2249 esse
608 2203 776 2269 causatus,
792 2202 947 2252 caeterum
964 2188 1096 2271 insulae,
1113 2189 1140 2253 si
1155 2207 1281 2277 posset,
1297 2187 1344 2251 do·

289 2287 416 2379 mandae
429 2286 584 2377 cupidus,
598 2304 631 2352 et
639 2288 788 2377 quolibet
799 2305 958 2377 pretextu
970 2313 1096 2354 morem
1111 2309 1262 2380 gesturus
1274 2288 1345 2377 cupi·

209 2418 211 2423 ⁸
235 2465 245 2482 ⁶
290 2390 400 2472 ditati,
418 2411 477 2478 per
499 2390 643 2454 hiemem
667 2412 820 2479 magnam
843 2391 976 2456 navium
996 2391 1243 2457 multitudinem
1265 2409 1344 2479 opera

288 2493 488 2580 legatorum,
505 2512 588 2578 quos
606 2490 753 2556 hibernis
770 2509 1007 2582 praeposuerat,
1023 2491 1109 2558 effici
1121 2494 1236 2577 jussit,
1257 2493 1345 2556 forma

289 2591 493 2683 praescripta,
521 2613 619 2679 quam
639 2591 806 2672 judicabat
829 2616 898 2658 esse
920 2593 963 2657 ad
985 2593 1072 2657 illius
1094 2595 1193 2658 maris
1215 2609 1344 2658 naturam

289 2709 447 2760 consueta
464 2691 732 2758 commodiorem.

334 2796 449 2859 LXIV.
469 2797 560 2883 lpse,
585 2795 790 2859 Pirustarum
813 2817 999 2884 compressa
1022 2785 1174 2878 natione,
1195 2795 1343 2885 Illyricum

289 2896 546 2978 incursandum,
568 2913 602 2962 ct
622 2895 744 2961 deinde
768 2897 803 2959 in
826 2895 936 2962 Galliis
960 2899 1126 2962 concitore
1150 2897 1344 2962 'lberiromm

290 2998 534 3080 Indutiomaro,
555 3019 631 3061 cum
648 2995 833 3086 legionibus
855 2998 898 3062 ad
919 3015 1052 3087 portum
1075 2999 1178 3063 Itium
1199 2993 1345 3087 pervenit3

291 3099 385 3182 inde,
401 3099 499 3164 simul
516 3099 642 3187 patiens
658 3099 792 3162 navium
809 3099 958 3164 Oceanus
974 3102 1075 3181 foret,
1093 3101 1215 3164 iterum
1238 3099 1271 3162 in
1291 3091 1345 3160 Bn'·

291 3202 435 3265 tanniam
448 3200 651 3279 trajecturus.
662 3198 773 3264 ltium'
777 3200 926 3289 plerique
940 3199 1042 3265 luisse
1054 3215 1190 3288 putant,
1202 3199 1261 3265 ubi
1272 3215 1346 3262 nunc

291 3302 437 3364 Caletum
456 3317 504 3364 est
517 3302 718 3365 maritimum
733 3299 912 3389 oppidum;
926 3302 985 3366 sed
999 3303 1069 3366 baec
1084 3304 1276 3367 auctoritate
1286 3299 1346 3362 Pto·

290 3402 393 3466 lemaei
408 3403 566 3466 refellitur
577 3402 688 3492 opinio
707 3425 715 3466 :
732 3402 867 3490 propius
883 3401 981 3468 iidem
996 3419 1060 3486 est,
1073 3403 1165 3484 juxta
1180 3400 1344 3468 bononiam

292 3502 505 3590 quaerendum
522 3505 600 3568 huic
616 3504 743 3568 nomini
760 3503 870 3568 locum
888 3526 969 3569 esse.
985 3506 1074 3569 Dum
1091 3503 1137 3569 ibi
1151 3520 1285 3568 ventum
1299 3519 1344 3562 ex·

291 3619 414 3694 spectat
435 3605 560 3687 Caesar,
583 3605 769 3669 Dumnorix
791 3605 979 3670 AEduorum
1005 3607 1175 3695 princeps,
1203 3605 1259 3694 qni
1282 3619 1344 3665 cum

292 3704 459 3795 equitibus
473 3703 540 3768 suis
553 3704 593 3769 ad
606 3707 766 3770 Caesarem
775 3724 925 3790 venerut,
943 3731 1046 3797 quum
1062 3709 1236 3797 impetrare
1248 3698 1346 3789 nequi·

327 3927 343 3994 s
369 3929 449 3977 LXII·
475 3928 506 3976 U.
530 3927 560 3976 C.
580 3925 648 3988 6983
675 3926 705 3974 Α.
721 3928 750 3975 C.
770 3927 812 3983 54.
838 3955 875 3964 -
900 3927 917 3994 s
943 3931 1036 3978 Lxln.
1061 3930 1123 3978 Cu.
1144 3931 1176 3978 de
1202 3927 1268 3976 Bello
1290 3917 1345 3968 Gall.

289 4014 334 4061 lib.
347 4013 380 4062 V.
397 4041 431 4054 -
450 4012 513 4072 llio,
524 4012 568 4061 lib.
585 4012 631 4060 xl.
648 4037 684 4048 -
702 4011 822 4075 snm.
834 4013 921 4062 Cellas.
940 4015 1033 4078 Geogr.
1053 4014 1139 4079 Antiq.
1152 4014 1195 4062 lib.
1212 4013 1252 4065 11,
1268 4023 1314 4070 cap·
1324 4003 1345 4048 3·

292 4121 327 4132 -
343 4095 404 4144 Caes.
