2875 4900
201 433 205 444 .
294 380 343 452 66
473 383 543 451 JO.
570 377 1183 459 FREINSIIEMII‘SUPPBEM.

294 536 308 561 ι
317 519 474 593 potestate
482 523 619 591 corpora
626 517 743 582 vestra,
755 501 1001 589 conjugumque
1012 514 1046 563 et
1058 497 1239 562 liberorum
1249 501 1358 564 erunt!

294 635 307 662 ι
316 605 431 694 Neque
449 605 530 668 mihi
547 603 617 667 haec
637 603 804 691 ignorare,
819 614 878 666 aut
890 617 1103 665 contemnere
1116 600 1289 681 videmini,
1302 601 1361 665 sed

293 735 306 762 ιι
318 705 413 770 taedio
427 703 635 794 praesentium
651 702 811 790 quidlibet
826 702 942 766 malle:
959 700 1017 765 sed
1032 700 1099 766 hoc
1113 701 1203 789 parri
1218 700 1359 771 infirmi.

293 829 381 895 «que
408 807 507 870 animi
526 820 757 894 argumentum
781 819 850 887 est,
865 802 982 891 'neqm
1004 803 1090 866 ferre
1109 803 1264 885 talentu,
1285 827 1360 893 quoe

293 908 454 988 «adsunt,
474 926 581 994 neque
594 905 743 970 duraturi
759 905 793 968 in
808 906 866 986 iis,
883 925 956 992 quae
974 903 1116 992 elegerit.

339 1009 462 1073 XVIII.
484 1007 637 1090 «Quibus
660 1023 772 1071 autem
792 1007 875 1070 forte
895 1005 1064 1070 decretum
1088 1020 1139 1069 est
1164 1004 1274 1070 omnia
1298 1027 1360 1094 pro

294 1141 307 1166 ι
317 1110 419 1199 pania
432 1109 517 1198 pati,
530 1127 591 1197 pro
603 1108 667 1174 hac
681 1129 760 1196 opes
775 1108 990 1195 fortunaeque
1003 1126 1096 1186 suas,
1110 1127 1173 1194 pro
1190 1105 1251 1169 bac
1265 1106 1360 1194 spiri·

291 1243 304 1267 ι
314 1229 385 1276 turn
398 1227 495 1298 atque
508 1211 606 1275 vitam
626 1207 844 1299 profundere,
868 1209 989 1274 rectius
1010 1228 1114 1295 φιιιω
1129 1205 1172 1270 ad
1186 1206 1359 1272 utilitatem

293 1343 307 1370 ιι
317 1312 544 1400 praesentium,
561 1327 633 1376 tum
650 1310 691 1375 ad
709 1310 829 1375 famam
842 1308 1037 1398 posteritatis
1052 1307 1189 1390 sacient,
1205 1308 1233 1372 si
1248 1309 1359 1398 potius

293 1413 351 1478 «in
367 1412 489 1478 tuenda
501 1413 628 1478 civitate
643 1412 776 1502 dignam
791 1411 868 1476 viris
886 1424 1027 1474 mortem
1042 1409 1178 1491 obeant,
1195 1429 1294 1497 quam
1311 1411 1357 1490 si,

294 1545 307 1571 ι
317 1513 442 1579 deserta
457 1513 655 1601 traditaque,
671 1528 886 1602 tyrannorum
903 1511 1037 1576 arbitrio
1052 1526 1111 1574 aut
1123 1531 1199 1574 cum
1211 1512 1360 1576 cruciatu

292 1617 492 1699 «intereant,
516 1629 572 1678 aut
597 1636 673 1679 cum
694 1612 874 1702 Ignominia
893 1612 1013 1692 vivant.
1037 1610 1155 1699 Magus
1176 1612 1225 1674 ris
1244 1626 1295 1674 est
1314 1610 1359 1676 ad

293 1715 465 1780 «audenda
485 1715 654 1803 quaelibet,
672 1715 770 1780 etiam
792 1713 927 1802 singulis
946 1712 985 1776 et'
1000 1711 1195 1800 contemptis
1211 1711 1358 1777 bomini·

293 1817 395 1898 «bus,
413 1817 441 1880 si
464 1817 563 1881 semel
581 1814 792 1903 cupiditatem
816 1813 992 1892 abjecerint
1006 1811 1099 1875 vitae:
1116 1812 1238 1876 multos
1256 1828 1359 1900 atque

293 1945 306 1972 ιι
315 1916 460 2006 egregios
475 1916 580 1997 viros,
597 1914 717 2003 quibus
734 1937 772 1978 ea
786 1913 869 1977 ratio
884 1913 1058 2002 placuerit,
1070 1933 1115 1977 ne
1127 1912 1285 1978 destinata
1299 1935 1360 1978 ex·

295 2032 513 2105 «sequantur,
528 2015 582 2080 vix
600 2015 665 2078 ulla
678 2014 824 2102 potentia
841 2014 917 2078 satis
935 2029 1051 2078 arceat.

338 2119 429 2182 XIX.
447 2117 596 2182 «Omitto
615 2115 788 2196 Soaevolas,
809 2129 843 2179 et
864 2114 1021 2194 Coclites,
1038 2129 1072 2177 et
1094 2113 1242 2196 Curtios,
1259 2130 1293 2178 et
1308 2130 1361 2178 tot

292 2217 432 2282 «decora
455 2217 604 2297 uomina,
629 2237 703 2304 quae
722 2214 831 2280 liberis
851 2215 965 2278 vestris
986 2214 1150 2279 inculcare
1170 2215 1296 2295 soletis,
1318 2231 1361 2280 ut

294 2318 435 2381 «horum
463 2317 610 2404 exemplo
636 2337 744 2380 amare
767 2315 904 2404 patriam
930 2313 1055 2378 discant
1079 2339 1088 2378 ι
1114 2315 1360 2381 meminerimus

292 2439 448 2499 «eorum,
468 2439 541 2505 qua
558 2415 698 2481 vidimus
718 2415 796 2505 ipsi,
817 2416 934 2481 multas
953 2437 1037 2505 saepe
1057 2417 1173 2498 urbes,
1189 2439 1293 2505 quum
1316 2418 1362 2484 ad

294 2534 499 2583 «extremum
523 2519 720 2583 necessitatis
742 2519 924 2599 venissent,
946 2521 1127 2583 constantia
1147 2519 1360 2585 defensorum

295 2635 474 2703 «servatas3
497 2620 589 2696 alias,
606 2642 710 2707 quum
732 2620 852 2685 serrari
867 2618 1068 2708 potuissent,
1086 2620 1221 2685 mollitie
1239 2622 1363 2685 civium

294 2720 457 2802 «deditas,
471 2722 652 2787 tristissima
668 2733 807 2809 quaeque
822 2744 930 2809 passas
946 2745 1026 2787 esse.
1038 2722 1124 2786 Sunt
1139 2722 1234 2786 nobis
1251 2721 1363 2788 adhuc

294 2852 308 2877 ι
318 2822 458 2886 militum
470 2821 722 2885 fortissimorum
733 2820 1060 2912 fidelissimorumque
1068 2823 1158 2887 haud
1169 2824 1364 2911 spernendae

294 2923 437 3011 «copiae3
458 2938 508 2986 est
528 2922 643 2985 melior·
660 2923 747 3003 hoec,
771 2937 804 2985 et
820 2924 981 2988 amantior
1000 2925 1111 3012 patlise
1131 2946 1205 3012 pars
1224 2926 1364 3013 populi3

294 3046 405 3089 «anna
412 3023 660 3111 ,machinaeque
678 3039 871 3111 supersunt,
884 3024 971 3089 Urbs
984 3024 1152 3114 diligentia
1168 3025 1363 3102 consulum,

293 3074 427 3211 «quoad
441 3123 510 3189 lieri
527 3123 656 3212 potuit,
674 3124 801 3189 munita
815 3142 875 3190 est.

341 3225 416 3289 XX.
435 3225 517 3289 allis
540 3226 639 3291 rebus
660 3247 729 3289 non
753 3224 923 3341 desperem
940 3226 1066 3291 tamdiu
1086 3226 1192 3291 resisti
1209 3159 1366 3292 hostibus

296 3345 431 3413 «posse,
455 3325 561 3390 donec
577 3326 711 3391 fortuna
732 3328 853 3415 aperiat
870 3328 996 3393 meliori
1012 3328 1082 3415 spei
1102 3328 1221 3392 locum.
1238 3327 1365 3412 Multa,

296 3446 423 3511 «quum
445 3423 611 3514 desperata
633 3448 694 3515 pro
717 3427 949 3493 insanabilibus
970 3444 1095 3510 esseut,
1116 3428 1228 3493 subito
1248 3430 1366 3517 aliquo

295 3548 396 3591 «casu
413 3526 667 3592 commodiorem
691 3528 727 3591 in
749 3544 869 3592 statum
883 3528 1018 3594 reducta
1034 3543 1123 3593 sunt.
1141 3528 1260 3616 Aliqua
1275 3529 1368 3596 inter

297 3658 311 3683 ιι
320 3625 419 3692 doces
431 3627 579 3693 factionis
592 3628 708 3693 oborta
719 3629 878 3719 suspicio,
892 3652 943 3693 res
953 3629 1042 3718 apud
1051 3650 1169 3717 pravos
1181 3644 1216 3693 et
1225 3630 1366 3695 aemulos

173 3782 180 3798 .
296 3728 465 3818 «mrlgata,
483 3729 623 3795 mutabit
638 3730 769 3796 omnia:
784 3731 892 3819 ipsum
906 3731 1003 3796 Urbis
1017 3732 1197 3820 periculum
1211 3730 1369 3797 invitabit

293 3830 457 3913 «multos,
474 3846 514 3895 ut
531 3830 696 3912 misereri,
714 3848 748 3895 et
770 3854 961 3897 succurrere
977 3832 1078 3895 velint
1095 3854 1104 3896 t
1120 3845 1154 3894 et
1172 3846 1251 3894 aunt
1267 3853 1367 3921 egre

293 3932 367 4023 «gia
383 3954 486 4021 quum
503 3932 556 3995 alii
571 3932 703 4019 populi,
717 3947 790 3997 tum
804 3933 862 4021 qui
873 3933 1069 4022 Cisalpinam
1081 3931 1217 3997 Galliam
1230 3932 1367 4016 uolunt,

290 4064 304 4089 ι
314 4034 348 4097 in
365 4055 435 4097 rem
451 4054 620 4096 romanam
635 4031 716 4117 fide,
731 4056 946 4124 summusque
962 4050 1074 4099 noster
1090 4032 1201 4122 pudor
1214 4033 1318 4115 foret,
1335 4036 1368 4099 si
