2875 4900
226 384 281 453 ru
311 384 425 453 coc.
451 385 547 454 ma.
574 380 775 453 Lxxxvl
803 385 1018 455 arvum.
1086 366 1152 483 {69

105 524 174 564 num
187 502 301 565 sectari
313 524 482 568 necessum
497 502 627 585 habuit,
640 524 678 566 er
688 503 862 569 Alexandri
874 504 984 593 Magni
993 504 1077 571 duce
1089 530 1150 595 po·

103 602 310 665 tentissimum
327 602 407 665 Asin
422 626 553 693 regem;
569 626 587 667 a
603 621 670 690 quo
687 603 784 667 etiam
802 605 917 669 fuisset
930 606 1074 688 occisus,
1088 610 1151 673 nisi

101 704 168 791 fuga
183 719 338 767 seruasset
347 704 493 768 salutem.
509 705 729 769 somniaverat
739 705 990 795 Antigonus(res
1001 707 1089 771 enim
1102 726 1151 774 est

101 824 159 865 uon
175 802 309 891 indigna
323 802 438 889 relatu)
455 826 489 867 se
505 826 618 893 agrum
636 826 716 869 auro
726 826 912 887 comerere3
928 806 1148 873 Mithridatem

99 924 168 967 vero
181 902 367 968 demessum
385 926 501 969 aurum
514 920 678 994 asportare
688 907 723 970 in
734 906 888 971 Pontum.

137 1006 225 1069 XXI.
246 1004 384 1068 Laborat
397 1006 463 1070 hoc
478 1007 573 1070 etlam
591 1007 722 1071 insaniae
734 1029 851 1096 genere
863 1008 1046 1073 humanum
1057 1010 1150 1099 inge-

99 1104 199 1185 nium,
209 1122 249 1169 ιιι
260 1121 294 1170 et
308 1105 553 1193 pradictionum
562 1108 678 1171 harum
693 1124 794 1171 ratam
805 1130 874 1173 esse
882 1107 979 1173 fidem
991 1125 1100 1198 putet,
1116 1128 1149 1176 ct

98 1202 191 1266 nihilo
211 1204 318 1269 secius
337 1228 481 1295 pugnare
502 1228 578 1271 cum
596 1206 661 1271 fato
681 1223 828 1273 conetur.
846 1209 950 1297 Igitur
964 1211 1148 1300 Antigonus

97 1303 268 1368 tollendum
280 1305 322 1369 de
332 1306 440 1369 medio
448 1305 667 1371 Mithridatem
679 1322 782 1392 ratus,
791 1316 859 1371 iem
871 1323 972 1371 totam
981 1310 1155 1375 Demetrio·

96 1405 230 1489 aperuit,
246 1406 315 1470 filio
331 1430 401 1471 suo.
416 1408 520 1495 Atque
535 1408 589 1471 ille
606 1408 756 1472 misertus
768 1407 885 1471 sodalis
903 1424 937 1472 et
951 1408 1062 1491 amici,
1078 1433 1146 1474 non

96 1503 239 1590 equidem
248 1530 329 1571 voce
343 1508 490 1588 monuit,
507 1528 547 1571 ne
554 1506 782 1587 jusjurandum
793 1508 876 1595 patri
885 1506 997 1571 datum
1010 1509 1146 1591 falleret,

96 1604 160 1685 sed,
175 1604 231 1669 illo
251 1606 459 1693 inspiciente,
476 1606 510 1670 in
529 1628 625 1670 arena
649 1605 796 1694 depinxit
816 1606 921 1671 hastili
942 1606 1010 1672 duo
1032 1610 1145 1693 verba,

95 1700 198 1790 lugere
216 1704 338 1785 jubens
356 1706 586 1771 Mithridatem.
612 1709 721 1794 Atque
737 1707 790 1771 ille
807 1728 884 1772 cum
904 1730 960 1771 sex
982 1710 1145 1796 equitibus

95 1805 244 1894 profugit,
257 1824 481 1895 occupatoque
495 1808 634 1889 castello,
646 1807 699 1871 cui
710 1830 829 1872 nomen
838 1824 907 1873 erat
916 1806 1057 1891 Ciniata,
1070 1811 1146 1875 fun·

96 1902 276 1970 damentum
292 1907 369 1988 jecit
384 1908 451 1988 ejus
465 1908 570 1996 regni,
587 1905 677 1994 quod
692 1907 727 1970 in
740 1922 851 1971 octava
868 1905 1001 1971 demum
1014 1928 1144 1974 succes·

97 2004 177 2070 sione
191 2009 337 2072 romanis
352 2008 448 2072 armis
465 2008 672 2097 subjugatum
683 2024 742 2073 est.

132 2108 235 2173 ml.
260 2110 366 2197 Igitur
380 2123 412 2173 et
425 2108 600 2173 conditoris
618 2124 835 2198 cognomento
846 2107 1041 2188 celebratur,
1054 2108 1144 2194 quod

97 2204 155 2291 ipse
170 2210 315 2295 primum
339 2210 389 2273 sui
408 2209 488 2288 juris
512 2232 648 2299 regnum
669 2209 708 2273 iis
729 2208 808 2273 locis
828 2230 921 2272 orsus
940 2225 1006 2289 est,
1022 2209 1142 2295 quibus

96 2322 159 2369 aute
173 2309 407 2373 Ariobarzanes
417 2309 564 2398 Phrygiae
577 2325 719 2397 satrapa,
733 2325 767 2373 et
774 2308 975 2373 lllrodobatte
984 2308 1068 2373 filius
1078 2310 1143 2373 Mi-

96 2404 254 2492 thridates,
271 2411 328 2498 qui
344 2410 487 2476 Platonis
503 2410 675 2500 imaginem
693 2408 850 2474 dedicavit
862 2409 983 2490 Musis,
999 2410 1143 2496 precario

95 2529 146 2592 pro
160 2532 274 2600 regum
285 2513 482 2600 persicorum
497 2512 681 2601 purpuratis
694 2510 916 2598 praefectisque
927 2512 1140 2598 prefuerunt:

97 2628 159 2672 nam
172 2634 190 2674 a
202 2629 329 2700 septem
341 2613 445 2678 Persis
459 2611 606 2693 oriundi,
625 2610 731 2676 datam
741 2611 869 2675 aDario
880 2633 956 2699 rege
967 2611 1141 2690 majoribus

96 2707 151 2770 suis
162 2709 201 2774 ad
218 2712 385 2775 Euxinum
401 2713 544 2777 Pontum
562 2712 752 2800 surrupiam,
771 2727 927 2799 perpetua
939 2713 1143 2776 successione

96 2807 279 2874 tradiderant
291 2813 437 2898 posteris.
446 2813 596 2894 Quorum
608 2812 756 2876 omnium
767 2812 1009 2899 potentissimus
1020 2813 1144 2876 Mithri·
1243 2833 1247 2839 ’

96 2903 187 2990 dates,
204 2935 308 3000 quum
335 2929 368 2976 et
391 2914 550 2993 majorum
572 2913 826 3001 antiquissimam
847 2912 995 3006 gloriam,
1014 2928 1047 2975 et
1068 2927 1139 2975 tum

96 3009 208 3074 amissas
220 3035 338 3099 nuper,
352 3030 421 3077 tum
431 3013 619 3101 superstites
628 3011 736 3077 adhuc
747 3034 825 3100 opes
835 3013 945 3076 auimo
959 3027 1141 3098 reputaret,

98 3127 150 3170 non
162 3115 233 3177 satis
245 3114 366 3178 fractus
376 3137 444 3178 uno
456 3111 694 3196 bello,'romani
705 3112 818 3200 populi
829 3126 956 3174 vastum
967 3110 1142 3197 imperium

96 3207 193 3276 iterato
204 3215 342 3303 sumptis
352 3216 448 3280 armis
458 3237 645 3304 oppugnare
662 3213 813 3278 audebat.
1209 3207 1215 3214 ’

122 3393 212 3455 §XAL
221 3400 287 3450 Plut.
299 3401 405 3450 Demetr.
420 3417 475 3466 esp.
490 3402 515 3450 5.
528 3427 564 3439 -
576 3401 683 3466 Appiae.
698 3427 735 3438 -
747 3401 827 3453 Strab.
835 3399 879 3450 lib.
889 3402 955 3460 111,
965 3415 1021 3466 pag.
1035 3401 1094 3449 562.
1105 3429 1141 3438 -

96 3473 183 3529 Data.
192 3482 234 3534 tu.
248 3485 369 3549 xuap.
381 3483 643 3548 90.-niog.1.aea.
657 3483 683 3532 in
697 3483 760 3533 ata.
770 3511 803 3521 -
814 3484 881 3533 rior.
892 3484 947 3541 111,
962 3484 985 3532 s.
996 3511 1028 3521 -
1040 3484 1140 3532 auctas.

97 3555 116 3601 in
132 3561 232 3614 llacrob.
