2875 4900
310 430 361 497 nt
392 430 505 497 noc.
533 430 627 496 nie.
655 432 683 496 c
714 429 929 497 tivum.
1076 429 1155 526 389

137 551 218 613 XVI.
242 550 401 614 Adversus
415 549 491 635 'haec
509 548 681 628 Lucullus,
700 572 764 611 non
784 548 897 612 bellum
917 552 1083 636 Pompeio,
1103 554 1158 613 sed

99 652 254 736 imaginem
289 647 365 713 belli
392 650 597 738 umbramque
626 647 769 713 relictam
801 673 863 713 esse
884 650 1042 732 jactabat3
1065 652 1157 740 nique

100 749 201 836 oppilo
214 766 344 837 gratum
360 774 422 814 esse
438 751 574 830 ltomr’rti,
583 748 694 838 foedae
710 750 799 814 alitis
820 755 921 814 instar
938 752 980 813 ab
994 752 1066 815 aliis
1077 777 1156 841 pro·

99 862 189 913 strata
203 875 355 941 corpora,
374 866 406 915 et
415 852 564 941 reliquias
571 852 759 939 praeliorrem
766 878 781 931 ς
793 855 880 941 sequi
890 869 1046 928 consueto.
1058 856 1112 917 Sic
1125 859 1158 918 in

99 957 252 1017 sertoriani
269 952 360 1034 belli,
380 955 423 1017 sic
442 957 475 1017 in
495 952 652 1041 lapidarii,
668 968 826 1041 postremo
837 958 988 1043 spartaeii
998 956 1105 1019 titulos
1118 960 1160 1019 ir-

100 1055 209 1137 repsisse
216 1079 229 1134 ,·
241 1076 340 1143 quum
347 1056 489 1142 primum
501 1078 524 1116 a
537 1054 664 1117 Metello
678 1055 738 1117 Pto
748 1068 842 1135 esset,
859 1056 994 1120 alterum
1005 1081 1027 1119 a
1044 1056 1084 1143 Q.
1100 1058 1160 1121 Ca·

99 1153 172 1233 tulo,
184 1158 309 1219 tertium
321 1156 368 1219 M.
384 1156 490 1221 Crassi
500 1159 614 1219 virmte
625 1153 814 1243 corffectum.
832 1156 944 1244 Neque
956 1160 1068 1220 mirum
1079 1182 1141 1221 esse
1148 1208 1158 1237 ,

99 1256 124 1314 si
133 1258 328 1341 ponticarum
350 1260 622 1344 armeniorumque
645 1254 798 1319 bellorum
820 1255 991 1344 affectaret
1007 1262 1158 1339 tramine,

99 1359 148 1441 qui
166 1356 248 1421 nihil
267 1380 332 1421 nort
341 1357 479 1447 fixerit,
506 1372 542 1421 ut
564 1360 597 1419 in
620 1356 811 1445 asumptum
833 1358 873 1419 de
883 1356 1032 1446 fugitives
1054 1361 1160 1448 quovis

100 1456 184 1519 modo
201 1482 233 1521 se
250 1456 435 1522 intruderet.

138 1557 236 1623 XVII.
250 1558 585 1648 Posthaecprofectus
596 1574 692 1622 estex
704 1560 870 1647 provincia
882 1563 1053 1643 Lucullus;
1066 1565 1160 1628 Pom-

101 1658 264 1747 peiusque,
281 1660 466 1747 praemisso,
487 1660 543 1747 qui
563 1658 785 1724 Mithridatem
801 1660 841 1723 ad
856 1684 967 1750 pacem
985 1663 1159 1752 petendam

56 1774 58 1783 ’
102 1759 296 1842 hortaretur,
318 1760 553 1851 Metrophane,
577 1784 701 1849 quum,
726 1761 880 1825 classibus
902 1786 920 1826 a
938 1764 1103 1829 Phoenicia
1121 1766 1161 1831 ad

102 1863 271 1951 Bosporum
295 1886 401 1951 usque
420 1862 617 1945 distributis,
634 1878 742 1927 totum
765 1864 800 1925 in
820 1878 980 1952 potestate
999 1888 1088 1929 mare
1103 1869 1182 1938 ha·,

102 1959 201 2044 beret,
223 1978 339 2028 contra
356 1984 466 2051 regem
491 1984 607 2051 magna
632 1962 793 2026 celeritate
815 1963 994 2028 contendit.
1015 1968 1185 2058 Ducebat·

103 2084 201 2127 seeum
216 2064 313 2128 etiam
328 2065 503 2128 valerianas
520 2064 681 2153 legiones,
699 2088 773 2151 quae
788 2065 977 2129 missionem
994 2082 1163 2158 tantopere

103 2166 262 2251 expetitam
275 2180 451 2254 postquam
462 2165 706 2253 impetrassent,
721 2166 755 2227 in
766 2165 913 2254 Pompeii
927 2169 1059 2257 gratiam
1073 2193 1163 2258 spre-

103 2282 223 2331 verant:
236 2266 320 2331 adeo
334 2266 386 2331 ille
397 2266 438 2331 ad
450 2269 576 2330 animos
588 2266 728 2330 militum
742 2266 929 2339 alliciendos
938 2271 1164 2361 tenendosque

104 2382 153 2429 aut
166 2370 270 2456 aptior
286 2369 440 2452 Lucullo,
457 2384 514 2431 aut
530 2368 653 2431 felicior
669 2369 844 2458 imperator
860 2367 943 2433 fuit!
962 2370 1167 2437 Mithridates

106 2466 187 2533 initio
202 2493 259 2558 spe
274 2470 428 2559 parthicae
445 2470 606 2534 societatis
623 2469 816 2557 Pompeium
835 2489 1016 2558 spreveram
1037 2474 1094 2538 sed
1109 2496 1167 2539 au-

106 2567 165 2632 dito
181 2588 313 2660 postea,
330 2571 510 2650 Phraaten,
533 2584 684 2633 renovata
702 2593 773 2634 cum
791 2570 1167 2656 Ilootouisamieitra‚1'rs

106 2689 223 2758 reguum
247 2675 397 2762 Ήξναηίς
417 2675 582 2762 irrupisse,
604 2673 755 2754 territus,
771 2673 894 2764 legatos
917 2675 958 2739 ad
979 2677 1166 2743 Romanum

107 2769 141 2835 de
155 2797 230 2860 pace
250 2775 347 2840 misit.
1144 2827 1160 2846 a

145 2875 261 2942 XVIII.
287 2876 352 2942 Sed
372 2877 424 2940 ille
443 2893 518 2942 ante
531 2880 640 2943 omnia
655 2879 836 2967 transfugas
852 2878 1050 2966 reposcebat.
1069 2879 1146 2961 Quo

108 2971 159 3036 ubi
171 2975 203 3039 in
217 2977 331 3041 castris
344 2977 439 3065 regiis
456 2994 504 3042 est
516 2980 703 3069 cognitum,
723 2994 755 3042 et
769 3002 788 3043 a
802 2979 994 3067 transfugis,
1011 3001 1053 3042 ne
1069 2977 1170 3042 dede·

108 3093 228 3160 rentur,
243 3095 276 3142 et
289 3099 309 3140 a
321 3077 483 3160 Barbaris,
498 3101 539 3143 ne
554 3080 771 3167 spoliarentur
784 3079 905 3141 horum
919 3078 1040 3141 auxilio
1057 3078 1171 3164 (multi

108 3176 187 3241 euim
201 3195 234 3243 et
244 3202 347 3244 manu
361 3180 506 3268 prompti
520 3181 631 3268 erant)
649 3181 884 3244 tumultuatum
897 3195 944 3243 est
956 3181 1086 3262 acriter,
1104 3203 1171 3245 non

109 3276 171 3341 sine
188 3281 336 3368 periculo
353 3282 456 3370 regis,
478 3280 584 3345 donec
605 3303 796 3371 progressus
818 3280 853 3341 in
877 3279 1023 3343 medium
1036 3281 1172 3364 juravit,

109 3379 162 3442 sibi
174 3394 305 3470 propter
323 3383 492 3446 avaritiam
512 3382 728 3446 Romanorum
745 3382 935 3469 iteaprabz'l‘e
947 3405 1020 3446 curn
1032 3382 1095 3446 illo
1110 3385 1175 3448 bel·

110 3477 168 3542 lam
187 3505 271 3562 esse;
295 3506 394 3570 neque
417 3483 608 3548 traditumm
630 3486 673 3546 eis
695 3505 906 3572 quemquam
929 3506 1029 3572 aeque
1047 3488 1175 3549 omnino

102 3577 264 3664 facturum
275 3633 287 3664 ‚
308 3589 370 3647 nat
382 3585 472 3672 quod
491 3607 535 3648 ex
555 3585 689 3648 utilitate
707 3585 846 3646 omnuim
862 3598 947 3647 esset.
966 3585 1078 3672 Neque
1099 3609 1178 3649 vero

112 3687 208 3748 missos
221 3710 243 3749 a
262 3709 294 3749 se
309 3700 448 3750 oratores
461 3683 824 3774 pacispeteadaefursse
833 3732 844 3764 ,
867 3685 923 3746 sed
940 3699 977 3748 ut
993 3687 1049 3750 sub
1067 3686 1178 3751 habitu
1249 3743 1253 3754 ,

111 3781 280 3870 legatomm
296 3801 402 3851 eastra
417 3809 551 3851 romam
568 3785 813 3874 specularentur
831 3785 969 3849 Interim
987 3808 1060 3873 quae
1078 3787 1176 3852 Pom·

144 4017 241 4082 srvi.
255 4022 378 4073 erutuet.
397 4051 431 4062 -
448 4025 504 4073 nio.
525 4050 559 4060 -
579 4023 596 4089 s
614 4023 700 4068 xvu.
718 4021 776 4068 mo.
795 4044 830 4054 -
850 4016 975 4066 erueret.
990 4044 1024 4052 -
1042 4017 1095 4064 nv.
1112 3999 1178 4083 ‘epte

115 4127 143 4136 -
157 4105 263 4169 Appias.
278 4107 391 4157 uteret.
409 4135 443 4146 -
464 4108 526 4168 nto,
542 4107 585 4156 ut.
598 4105 697 4154 xxxv
712 4113 736 4151 a
750 4103 873 4150 xxxvi.
888 4126 923 4138 -
938 4099 955 4164 s
968 4101 1134 4154 xvnann.
1144 4131 1184 4144 ..

116 4186 215 4252 Appiffit.
363 4193 366 4200 ’
