<?xml version="1.0" encoding="UTF-8"?>
<!DOCTYPE html PUBLIC "-//W3C//DTD XHTML 1.0 Transitional//EN"
    "http://www.w3.org/TR/xhtml1/DTD/xhtml1-transitional.dtd">
<html xmlns="http://www.w3.org/1999/xhtml" xml:lang="en" lang="en">
 <head>
  <title>
</title>
<meta http-equiv="Content-Type" content="text/html;charset=utf-8" />
  <meta name='ocr-system' content='tesseract 3.04.00' />
  <meta name='ocr-capabilities' content='ocr_page ocr_carea ocr_par ocr_line ocrx_word'/>
</head>
<body>
  <div class='ocr_page' id='page_1' title='image "bibliothecaclas116lemagoog_0302.png"; bbox 0 0 2875 4900; ppageno 0'>
   <div class='ocr_carea' id='block_1_1' title="bbox 230 425 1352 3655">
    <p class='ocr_par' dir='ltr' id='par_1_1' title="bbox 309 425 1190 522">
     <span class='ocr_line' id='line_1_1' title="bbox 309 425 1190 522; baseline 0 -25"><span class='ocrx_word' id='word_1_1' title='bbox 309 451 378 522; x_wconf 80' lang='lat'>²9⁰</span> <span class='ocrx_word' id='word_1_2' title='bbox 479 429 546 496; x_wconf 82' lang='lat' dir='ltr'>JO.</span> <span class='ocrx_word' id='word_1_3' title='bbox 573 425 917 498; x_wconf 73' lang='lat' dir='ltr'><strong>FREINSHEMH</strong></span> <span class='ocrx_word' id='word_1_4' title='bbox 948 427 1190 497; x_wconf 84' lang='lat' dir='ltr'><strong>SUPPLEM.</strong></span> 
     </span>
    </p>

    <p class='ocr_par' dir='ltr' id='par_1_2' title="bbox 302 545 1352 835">
     <span class='ocr_line' id='line_1_2' title="bbox 302 545 1351 636; baseline -0.003 -23"><span class='ocrx_word' id='word_1_5' title='bbox 302 565 369 630; x_wconf 82' lang='lat' dir='ltr'>set,</span> <span class='ocrx_word' id='word_1_6' title='bbox 386 549 428 630; x_wconf 87' lang='lat' dir='ltr'>Q.</span> <span class='ocrx_word' id='word_1_7' title='bbox 443 547 536 610; x_wconf 75' lang='lat' dir='ltr'>Arrio</span> <span class='ocrx_word' id='word_1_8' title='bbox 550 546 680 634; x_wconf 74' lang='lat' dir='ltr'>praetori</span> <span class='ocrx_word' id='word_1_9' title='bbox 696 546 794 608; x_wconf 88' lang='lat' dir='ltr'>etiam</span> <span class='ocrx_word' id='word_1_10' title='bbox 809 545 890 610; x_wconf 79' lang='lat' dir='ltr'>dutae</span> <span class='ocrx_word' id='word_1_11' title='bbox 904 545 1004 634; x_wconf 83' lang='lat' dir='ltr'>copiae</span> <span class='ocrx_word' id='word_1_12' title='bbox 1023 562 1119 627; x_wconf 87' lang='lat' dir='ltr'>sunt,</span> <span class='ocrx_word' id='word_1_13' title='bbox 1131 547 1351 636; x_wconf 75' lang='lat' dir='ltr'>imperiumque</span> 
     </span>
     <span class='ocr_line' id='line_1_3' title="bbox 304 645 1352 726; baseline -0.002 -14"><span class='ocrx_word' id='word_1_14' title='bbox 304 650 332 712; x_wconf 85' lang='lat' dir='ltr'>is</span> <span class='ocrx_word' id='word_1_15' title='bbox 352 648 486 713; x_wconf 78' lang='lat' dir='ltr'>seorsim</span> <span class='ocrx_word' id='word_1_16' title='bbox 503 671 522 713; x_wconf 88' lang='lat' dir='ltr'>a</span> <span class='ocrx_word' id='word_1_17' title='bbox 537 645 727 712; x_wconf 78' lang='lat' dir='ltr'>concidibus</span> <span class='ocrx_word' id='word_1_18' title='bbox 747 645 867 710; x_wconf 90' lang='lat' dir='ltr'>habere</span> <span class='ocrx_word' id='word_1_19' title='bbox 879 646 1000 726; x_wconf 85' lang='lat' dir='ltr'>jussus.</span> <span class='ocrx_word' id='word_1_20' title='bbox 1017 647 1174 712; x_wconf 84' lang='lat' dir='ltr'>Consules</span> <span class='ocrx_word' id='word_1_21' title='bbox 1192 665 1352 714; x_wconf 80' lang='lat' dir='ltr'>tumerent</span> 
     </span>
     <span class='ocr_line' id='line_1_4' title="bbox 304 747 1300 835; baseline 0.001 -21"><span class='ocrx_word' id='word_1_22' title='bbox 304 753 339 814; x_wconf 85' lang='lat' dir='ltr'>L.</span> <span class='ocrx_word' id='word_1_23' title='bbox 357 749 480 813; x_wconf 78' lang='lat' dir='ltr'>Gellius</span> <span class='ocrx_word' id='word_1_24' title='bbox 497 747 678 835; x_wconf 90' lang='lat' dir='ltr'>Puplicola,</span> <span class='ocrx_word' id='word_1_25' title='bbox 693 749 754 812; x_wconf 88' lang='lat' dir='ltr'>Cn.</span> <span class='ocrx_word' id='word_1_26' title='bbox 770 748 940 811; x_wconf 89' lang='lat' dir='ltr'>Cornelius</span> <span class='ocrx_word' id='word_1_27' title='bbox 956 748 1112 813; x_wconf 76' lang='lat' dir='ltr'>Lentulus</span> <span class='ocrx_word' id='word_1_28' title='bbox 1126 751 1300 815; x_wconf 81' lang='lat' dir='ltr'>Clodianus.</span> 
     </span>
    </p>

    <p class='ocr_par' dir='ltr' id='par_1_3' title="bbox 303 845 1351 1743">
     <span class='ocr_line' id='line_1_5' title="bbox 347 845 1350 938; baseline -0.005 -22"><span class='ocrx_word' id='word_1_29' title='bbox 347 851 390 916; x_wconf 88' lang='lat' dir='ltr'>ll.</span> <span class='ocrx_word' id='word_1_30' title='bbox 408 849 506 914; x_wconf 78' lang='lat' dir='ltr'>Forte</span> <span class='ocrx_word' id='word_1_31' title='bbox 524 847 713 937; x_wconf 80' lang='lat' dir='ltr'>germanicae</span> <span class='ocrx_word' id='word_1_32' title='bbox 728 847 896 927; x_wconf 87' lang='lat' dir='ltr'>cohortes,</span> <span class='ocrx_word' id='word_1_33' title='bbox 913 845 996 914; x_wconf 90' lang='lat' dir='ltr'>duce</span> <span class='ocrx_word' id='word_1_34' title='bbox 1014 849 1126 930; x_wconf 82' lang='lat' dir='ltr'>Crixo,</span> <span class='ocrx_word' id='word_1_35' title='bbox 1142 873 1200 938; x_wconf 87' lang='lat' dir='ltr'>per</span> <span class='ocrx_word' id='word_1_36' title='bbox 1214 849 1350 914; x_wconf 80' lang='lat' dir='ltr'>ferociam</span> 
     </span>
     <span class='ocr_line' id='line_1_6' title="bbox 303 945 1350 1038; baseline -0.003 -23"><span class='ocrx_word' id='word_1_37' title='bbox 303 975 322 1016; x_wconf 87' lang='lat' dir='ltr'>a</span> <span class='ocrx_word' id='word_1_38' title='bbox 338 951 489 1038; x_wconf 81' lang='lat' dir='ltr'>Spartaco</span> <span class='ocrx_word' id='word_1_39' title='bbox 505 970 540 1014; x_wconf 82' lang='lat' dir='ltr'>ae</span> <span class='ocrx_word' id='word_1_40' title='bbox 553 945 769 1035; x_wconf 85' lang='lat' dir='ltr'>abruperant,</span> <span class='ocrx_word' id='word_1_41' title='bbox 787 963 820 1012; x_wconf 89' lang='lat' dir='ltr'>et</span> <span class='ocrx_word' id='word_1_42' title='bbox 833 948 917 1012; x_wconf 90' lang='lat' dir='ltr'>circa</span> <span class='ocrx_word' id='word_1_43' title='bbox 931 948 1117 1038; x_wconf 85' lang='lat' dir='ltr'>Garganum</span> <span class='ocrx_word' id='word_1_44' title='bbox 1135 967 1274 1016; x_wconf 88' lang='lat' dir='ltr'>montem</span> <span class='ocrx_word' id='word_1_45' title='bbox 1287 971 1350 1012; x_wconf 87' lang='lat' dir='ltr'>cum</span> 
     </span>
     <span class='ocr_line' id='line_1_7' title="bbox 304 1047 1351 1141; baseline -0.001 -27"><span class='ocrx_word' id='word_1_46' title='bbox 304 1052 434 1140; x_wconf 84' lang='lat' dir='ltr'>triginta</span> <span class='ocrx_word' id='word_1_47' title='bbox 450 1048 591 1112; x_wconf 86' lang='lat' dir='ltr'>millibus</span> <span class='ocrx_word' id='word_1_48' title='bbox 607 1065 806 1114; x_wconf 88' lang='lat' dir='ltr'>armatorum</span> <span class='ocrx_word' id='word_1_49' title='bbox 823 1047 945 1137; x_wconf 83' lang='lat' dir='ltr'>praedas</span> <span class='ocrx_word' id='word_1_50' title='bbox 964 1051 1080 1114; x_wconf 82' lang='lat' dir='ltr'>Crixus</span> <span class='ocrx_word' id='word_1_51' title='bbox 1098 1053 1220 1141; x_wconf 90' lang='lat' dir='ltr'>agebat.</span> <span class='ocrx_word' id='word_1_52' title='bbox 1240 1049 1351 1116; x_wconf 86' lang='lat' dir='ltr'><strong>Idcirco</strong></span> 
     </span>
     <span class='ocr_line' id='line_1_8' title="bbox 304 1149 1351 1239; baseline -0.007 -23"><span class='ocrx_word' id='word_1_53' title='bbox 304 1155 339 1216; x_wconf 85' lang='lat' dir='ltr'>L.</span> <span class='ocrx_word' id='word_1_54' title='bbox 363 1150 485 1216; x_wconf 78' lang='lat' dir='ltr'><strong>Gellius</strong></span> <span class='ocrx_word' id='word_1_55' title='bbox 515 1149 651 1230; x_wconf 80' lang='lat' dir='ltr'>consid,</span> <span class='ocrx_word' id='word_1_56' title='bbox 677 1171 753 1214; x_wconf 89' lang='lat' dir='ltr'>cum</span> <span class='ocrx_word' id='word_1_57' title='bbox 778 1165 917 1238; x_wconf 79' lang='lat' dir='ltr'>praetore</span> <span class='ocrx_word' id='word_1_58' title='bbox 942 1149 1035 1214; x_wconf 79' lang='lat' dir='ltr'>Arrio</span> <span class='ocrx_word' id='word_1_59' title='bbox 1064 1167 1197 1239; x_wconf 80' lang='lat' dir='ltr'>repente</span> <span class='ocrx_word' id='word_1_60' title='bbox 1220 1152 1351 1215; x_wconf 86' lang='lat' dir='ltr'>incautos</span> 
     </span>
     <span class='ocr_line' id='line_1_9' title="bbox 304 1249 1351 1340; baseline -0.009 -23"><span class='ocrx_word' id='word_1_61' title='bbox 304 1251 430 1331; x_wconf 89' lang='lat' dir='ltr'>adorti,</span> <span class='ocrx_word' id='word_1_62' title='bbox 453 1250 565 1340; x_wconf 84' lang='lat' dir='ltr'>viginti</span> <span class='ocrx_word' id='word_1_63' title='bbox 590 1249 763 1314; x_wconf 87' lang='lat' dir='ltr'>bominum</span> <span class='ocrx_word' id='word_1_64' title='bbox 788 1249 887 1314; x_wconf 89' lang='lat' dir='ltr'>millia</span> <span class='ocrx_word' id='word_1_65' title='bbox 912 1271 987 1314; x_wconf 88' lang='lat' dir='ltr'>curu</span> <span class='ocrx_word' id='word_1_66' title='bbox 1009 1249 1081 1337; x_wconf 88' lang='lat' dir='ltr'>ipso</span> <span class='ocrx_word' id='word_1_67' title='bbox 1097 1250 1197 1333; x_wconf 88' lang='lat' dir='ltr'>duce,</span> <span class='ocrx_word' id='word_1_68' title='bbox 1212 1249 1351 1315; x_wconf 78' lang='lat' dir='ltr'>acerrime</span> 
     </span>
     <span class='ocr_line' id='line_1_10' title="bbox 304 1349 1351 1441; baseline -0.01 -25"><span class='ocrx_word' id='word_1_69' title='bbox 304 1351 437 1441; x_wconf 90' lang='lat' dir='ltr'>quidem</span> <span class='ocrx_word' id='word_1_70' title='bbox 459 1365 662 1440; x_wconf 78' lang='lat' dir='ltr'>repugnante</span> <span class='ocrx_word' id='word_1_71' title='bbox 682 1351 760 1431; x_wconf 90' lang='lat' dir='ltr'>illo,</span> <span class='ocrx_word' id='word_1_72' title='bbox 784 1364 1054 1438; x_wconf 82' lang='lat' dir='ltr'>prostraverunt:</span> <span class='ocrx_word' id='word_1_73' title='bbox 1077 1373 1137 1415; x_wconf 89' lang='lat' dir='ltr'>nec</span> <span class='ocrx_word' id='word_1_74' title='bbox 1161 1351 1235 1415; x_wconf 93' lang='lat' dir='ltr'>ideo</span> <span class='ocrx_word' id='word_1_75' title='bbox 1256 1349 1351 1412; x_wconf 84' lang='lat' dir='ltr'>minor</span> 
     </span>
     <span class='ocr_line' id='line_1_11' title="bbox 303 1451 1349 1542; baseline -0.008 -24"><span class='ocrx_word' id='word_1_76' title='bbox 303 1453 454 1518; x_wconf 80' lang='lat' dir='ltr'>advertus</span> <span class='ocrx_word' id='word_1_77' title='bbox 470 1453 657 1540; x_wconf 75' lang='lat' dir='ltr'>Spartacum</span> <span class='ocrx_word' id='word_1_78' title='bbox 673 1451 775 1516; x_wconf 87' lang='lat' dir='ltr'>moles</span> <span class='ocrx_word' id='word_1_79' title='bbox 787 1465 977 1542; x_wconf 80' lang='lat' dir='ltr'>-supererat3</span> <span class='ocrx_word' id='word_1_80' title='bbox 993 1451 1052 1537; x_wconf 93' lang='lat' dir='ltr'>qui</span> <span class='ocrx_word' id='word_1_81' title='bbox 1067 1451 1201 1515; x_wconf 85' lang='lat' dir='ltr'>cavendi</span> <span class='ocrx_word' id='word_1_82' title='bbox 1216 1468 1349 1538; x_wconf 89' lang='lat' dir='ltr'>pugnan-</span> 
     </span>
     <span class='ocr_line' id='line_1_12' title="bbox 303 1551 1348 1642; baseline -0.008 -25"><span class='ocrx_word' id='word_1_83' title='bbox 303 1552 402 1642; x_wconf 88' lang='lat' dir='ltr'>dique</span> <span class='ocrx_word' id='word_1_84' title='bbox 414 1552 561 1641; x_wconf 87' lang='lat' dir='ltr'>egregius</span> <span class='ocrx_word' id='word_1_85' title='bbox 571 1551 702 1631; x_wconf 84' lang='lat' dir='ltr'>artifex,</span> <span class='ocrx_word' id='word_1_86' title='bbox 716 1551 901 1615; x_wconf 81' lang='lat' dir='ltr'>occasiones</span> <span class='ocrx_word' id='word_1_87' title='bbox 914 1565 946 1614; x_wconf 89' lang='lat' dir='ltr'>et</span> <span class='ocrx_word' id='word_1_88' title='bbox 959 1566 1094 1616; x_wconf 82' lang='lat' dir='ltr'>eventus</span> <span class='ocrx_word' id='word_1_89' title='bbox 1106 1565 1219 1616; x_wconf 89' lang='lat' dir='ltr'>omnes</span> <span class='ocrx_word' id='word_1_90' title='bbox 1232 1565 1348 1638; x_wconf 80' lang='lat' dir='ltr'>prorsus</span> 
     </span>
     <span class='ocr_line' id='line_1_13' title="bbox 303 1649 1233 1743; baseline -0.002 -25"><span class='ocrx_word' id='word_1_91' title='bbox 303 1653 510 1743; x_wconf 87' lang='lat' dir='ltr'>imperatorio</span> <span class='ocrx_word' id='word_1_92' title='bbox 527 1652 664 1718; x_wconf 87' lang='lat' dir='ltr'>consilio</span> <span class='ocrx_word' id='word_1_93' title='bbox 680 1651 722 1716; x_wconf 85' lang='lat' dir='ltr'>ad</span> <span class='ocrx_word' id='word_1_94' title='bbox 737 1673 834 1716; x_wconf 90' lang='lat' dir='ltr'>suum</span> <span class='ocrx_word' id='word_1_95' title='bbox 850 1649 1062 1716; x_wconf 86' lang='lat' dir='ltr'>commodum</span> <span class='ocrx_word' id='word_1_96' title='bbox 1078 1650 1233 1716; x_wconf 89' lang='lat' dir='ltr'>trahebat.</span> 
     </span>
    </p>

    <p class='ocr_par' dir='ltr' id='par_1_4' title="bbox 230 1745 1350 3254">
     <span class='ocr_line' id='line_1_14' title="bbox 347 1745 1350 1842; baseline -0.013 -22"><span class='ocrx_word' id='word_1_97' title='bbox 347 1757 407 1820; x_wconf 89' lang='lat'>111.</span> <span class='ocrx_word' id='word_1_98' title='bbox 423 1755 487 1819; x_wconf 88' lang='lat' dir='ltr'>Sed</span> <span class='ocrx_word' id='word_1_99' title='bbox 501 1755 546 1817; x_wconf 92' lang='lat' dir='ltr'>illi</span> <span class='ocrx_word' id='word_1_100' title='bbox 557 1776 616 1842; x_wconf 88' lang='lat' dir='ltr'>per</span> <span class='ocrx_word' id='word_1_101' title='bbox 628 1754 837 1841; x_wconf 82' lang='lat' dir='ltr'>Apenninum</span> <span class='ocrx_word' id='word_1_102' title='bbox 851 1751 893 1816; x_wconf 89' lang='lat' dir='ltr'>ad</span> <span class='ocrx_word' id='word_1_103' title='bbox 905 1753 1001 1840; x_wconf 81' lang='lat' dir='ltr'>Alpes</span> <span class='ocrx_word' id='word_1_104' title='bbox 1016 1750 1161 1817; x_wconf 85' lang='lat' dir='ltr'>tendenti</span> <span class='ocrx_word' id='word_1_105' title='bbox 1173 1800 1182 1833; x_wconf 93' lang='lat'>,</span> <span class='ocrx_word' id='word_1_106' title='bbox 1195 1768 1233 1816; x_wconf 94' lang='lat' dir='ltr'>ut</span> <span class='ocrx_word' id='word_1_107' title='bbox 1244 1751 1275 1814; x_wconf 93' lang='lat' dir='ltr'>in</span> <span class='ocrx_word' id='word_1_108' title='bbox 1291 1745 1350 1810; x_wconf 88' lang='lat' dir='ltr'>Gal·</span> 
     </span>
     <span class='ocr_line' id='line_1_15' title="bbox 303 1853 1349 1938; baseline -0.006 -18"><span class='ocrx_word' id='word_1_109' title='bbox 303 1857 377 1920; x_wconf 87' lang='lat' dir='ltr'>liam</span> <span class='ocrx_word' id='word_1_110' title='bbox 394 1855 561 1936; x_wconf 83' lang='lat' dir='ltr'>evaderet,</span> <span class='ocrx_word' id='word_1_111' title='bbox 577 1855 735 1919; x_wconf 86' lang='lat' dir='ltr'>Lentulus</span> <span class='ocrx_word' id='word_1_112' title='bbox 751 1853 866 1918; x_wconf 87' lang='lat' dir='ltr'>consul</span> <span class='ocrx_word' id='word_1_113' title='bbox 879 1876 914 1919; x_wconf 85' lang='lat' dir='ltr'>se</span> <span class='ocrx_word' id='word_1_114' title='bbox 926 1853 1063 1935; x_wconf 79' lang='lat' dir='ltr'>objecit3</span> <span class='ocrx_word' id='word_1_115' title='bbox 1079 1853 1231 1918; x_wconf 88' lang='lat' dir='ltr'>eumdem</span> <span class='ocrx_word' id='word_1_116' title='bbox 1241 1876 1259 1916; x_wconf 89' lang='lat' dir='ltr'>a</span> <span class='ocrx_word' id='word_1_117' title='bbox 1271 1867 1349 1938; x_wconf 87' lang='lat' dir='ltr'>tergo</span> 
     </span>
     <span class='ocr_line' id='line_1_16' title="bbox 292 1954 1348 2022; baseline -0.009 0"><span class='ocrx_word' id='word_1_118' title='bbox 292 1959 336 2022; x_wconf 81' lang='lat' dir='ltr'>l..</span> <span class='ocrx_word' id='word_1_119' title='bbox 363 1956 485 2020; x_wconf 83' lang='lat' dir='ltr'>Gellius</span> <span class='ocrx_word' id='word_1_120' title='bbox 510 1954 679 2020; x_wconf 84' lang='lat' dir='ltr'>conclusit.</span> <span class='ocrx_word' id='word_1_121' title='bbox 704 1955 762 2018; x_wconf 93' lang='lat' dir='ltr'>llle</span> <span class='ocrx_word' id='word_1_122' title='bbox 782 1954 921 2019; x_wconf 87' lang='lat' dir='ltr'>vicissim</span> <span class='ocrx_word' id='word_1_123' title='bbox 944 1977 1019 2020; x_wconf 89' lang='lat' dir='ltr'>curu</span> <span class='ocrx_word' id='word_1_124' title='bbox 1042 1955 1202 2020; x_wconf 86' lang='lat' dir='ltr'>ambobus</span> <span class='ocrx_word' id='word_1_125' title='bbox 1218 1965 1348 2020; x_wconf 86' lang='lat' dir='ltr'>conserta</span> 
     </span>
     <span class='ocr_line' id='line_1_17' title="bbox 303 2054 1348 2144; baseline -0.008 -22"><span class='ocrx_word' id='word_1_126' title='bbox 303 2081 418 2140; x_wconf 89' lang='lat' dir='ltr'>manu,</span> <span class='ocrx_word' id='word_1_127' title='bbox 432 2072 610 2143; x_wconf 89' lang='lat' dir='ltr'>utrumque</span> <span class='ocrx_word' id='word_1_128' title='bbox 622 2056 748 2144; x_wconf 86' lang='lat' dir='ltr'>magnis</span> <span class='ocrx_word' id='word_1_129' title='bbox 764 2072 798 2119; x_wconf 88' lang='lat' dir='ltr'>et</span> <span class='ocrx_word' id='word_1_130' title='bbox 811 2054 972 2143; x_wconf 90' lang='lat' dir='ltr'>pudendis</span> <span class='ocrx_word' id='word_1_131' title='bbox 988 2055 1133 2120; x_wconf 87' lang='lat' dir='ltr'>cladibus</span> <span class='ocrx_word' id='word_1_132' title='bbox 1149 2055 1271 2134; x_wconf 82' lang='lat' dir='ltr'>affecit,</span> <span class='ocrx_word' id='word_1_133' title='bbox 1285 2069 1348 2115; x_wconf 87' lang='lat' dir='ltr'>cum</span> 
     </span>
     <span class='ocr_line' id='line_1_18' title="bbox 301 2153 1347 2246; baseline -0.01 -22"><span class='ocrx_word' id='word_1_134' title='bbox 301 2158 432 2224; x_wconf 86' lang='lat' dir='ltr'>duobus</span> <span class='ocrx_word' id='word_1_135' title='bbox 450 2156 641 2222; x_wconf 85' lang='lat' dir='ltr'>consulibus</span> <span class='ocrx_word' id='word_1_136' title='bbox 663 2171 867 2244; x_wconf 83' lang='lat' dir='ltr'>comparatus</span> <span class='ocrx_word' id='word_1_137' title='bbox 883 2178 969 2220; x_wconf 89' lang='lat' dir='ltr'>unus</span> <span class='ocrx_word' id='word_1_138' title='bbox 986 2154 1159 2246; x_wconf 80' lang='lat' dir='ltr'>gladiator:</span> <span class='ocrx_word' id='word_1_139' title='bbox 1175 2173 1208 2222; x_wconf 88' lang='lat' dir='ltr'>et</span> <span class='ocrx_word' id='word_1_140' title='bbox 1222 2153 1347 2244; x_wconf 85' lang='lat' dir='ltr'>priorem</span> 
     </span>
     <span class='ocr_line' id='line_1_19' title="bbox 230 2247 1348 2346; baseline -0.009 -21"><span class='ocrx_word' id='word_1_141' title='bbox 230 2331 241 2342; x_wconf 28' lang='lat'>⁸</span> <span class='ocrx_word' id='word_1_142' title='bbox 300 2259 432 2346; x_wconf 89' lang='lat' dir='ltr'>quidem</span> <span class='ocrx_word' id='word_1_143' title='bbox 448 2258 624 2322; x_wconf 89' lang='lat' dir='ltr'>Lentulum</span> <span class='ocrx_word' id='word_1_144' title='bbox 640 2256 763 2346; x_wconf 83' lang='lat' dir='ltr'>abegit,</span> <span class='ocrx_word' id='word_1_145' title='bbox 782 2279 922 2344; x_wconf 87' lang='lat' dir='ltr'>eumque</span> <span class='ocrx_word' id='word_1_146' title='bbox 943 2259 1053 2322; x_wconf 85' lang='lat' dir='ltr'>castris</span> <span class='ocrx_word' id='word_1_147' title='bbox 1071 2273 1104 2321; x_wconf 87' lang='lat' dir='ltr'>et</span> <span class='ocrx_word' id='word_1_148' title='bbox 1122 2247 1348 2346; x_wconf 84' lang='lat' dir='ltr'>impedimentis</span> 
     </span>
     <span class='ocr_line' id='line_1_20' title="bbox 301 2357 1347 2446; baseline -0.01 -22"><span class='ocrx_word' id='word_1_149' title='bbox 301 2360 454 2424; x_wconf 85' lang='lat' dir='ltr'>omnibus</span> <span class='ocrx_word' id='word_1_150' title='bbox 475 2358 565 2423; x_wconf 87' lang='lat' dir='ltr'>exuit</span> <span class='ocrx_word' id='word_1_151' title='bbox 585 2359 619 2421; x_wconf 93' lang='lat' dir='ltr'>in</span> <span class='ocrx_word' id='word_1_152' title='bbox 643 2359 839 2446; x_wconf 82' lang='lat' dir='ltr'>Apennin03</span> <span class='ocrx_word' id='word_1_153' title='bbox 862 2357 980 2423; x_wconf 83' lang='lat' dir='ltr'>deinde</span> <span class='ocrx_word' id='word_1_154' title='bbox 1002 2381 1114 2424; x_wconf 83' lang='lat' dir='ltr'>versus</span> <span class='ocrx_word' id='word_1_155' title='bbox 1138 2360 1172 2421; x_wconf 93' lang='lat' dir='ltr'>in</span> <span class='ocrx_word' id='word_1_156' title='bbox 1199 2357 1347 2426; x_wconf 85' lang='lat' dir='ltr'>Gellium,</span> 
     </span>
     <span class='ocr_line' id='line_1_21' title="bbox 302 2460 1348 2548; baseline -0.002 -25"><span class='ocrx_word' id='word_1_157' title='bbox 302 2482 489 2548; x_wconf 80' lang='lat' dir='ltr'>quanqum</span> <span class='ocrx_word' id='word_1_158' title='bbox 513 2482 589 2524; x_wconf 91' lang='lat' dir='ltr'>cum</span> <span class='ocrx_word' id='word_1_159' title='bbox 613 2482 654 2523; x_wconf 91' lang='lat' dir='ltr'>eo</span> <span class='ocrx_word' id='word_1_160' title='bbox 673 2481 709 2523; x_wconf 86' lang='lat' dir='ltr'>se</span> <span class='ocrx_word' id='word_1_161' title='bbox 733 2460 775 2540; x_wconf 89' lang='lat' dir='ltr'>Q.</span> <span class='ocrx_word' id='word_1_162' title='bbox 794 2460 904 2523; x_wconf 79' lang='lat' dir='ltr'>Arrius</span> <span class='ocrx_word' id='word_1_163' title='bbox 929 2460 1160 2542; x_wconf 84' lang='lat' dir='ltr'>conjunxerat,</span> <span class='ocrx_word' id='word_1_164' title='bbox 1187 2471 1348 2540; x_wconf 78' lang='lat' dir='ltr'>utrumque</span> 
     </span>
     <span class='ocr_line' id='line_1_22' title="bbox 299 2560 1349 2649; baseline -0.011 -24"><span class='ocrx_word' id='word_1_165' title='bbox 299 2561 464 2625; x_wconf 84' lang='lat' dir='ltr'>collatis</span> <span class='ocrx_word' id='word_1_166' title='bbox 438 2562 538 2649; x_wconf 78' lang='lat' dir='ltr'>signis</span> <span class='ocrx_word' id='word_1_167' title='bbox 553 2561 638 2625; x_wconf 79' lang='lat' dir='ltr'>vicit.</span> <span class='ocrx_word' id='word_1_168' title='bbox 658 2560 738 2624; x_wconf 87' lang='lat' dir='ltr'>Post</span> <span class='ocrx_word' id='word_1_169' title='bbox 753 2561 871 2624; x_wconf 88' lang='lat' dir='ltr'>horum</span> <span class='ocrx_word' id='word_1_170' title='bbox 888 2562 1016 2648; x_wconf 82' lang='lat' dir='ltr'>lugam,</span> <span class='ocrx_word' id='word_1_171' title='bbox 1030 2576 1069 2625; x_wconf 90' lang='lat' dir='ltr'>ut</span> <span class='ocrx_word' id='word_1_172' title='bbox 1084 2560 1238 2625; x_wconf 86' lang='lat' dir='ltr'>Romanis</span> <span class='ocrx_word' id='word_1_173' title='bbox 1255 2571 1349 2619; x_wconf 84' lang='lat' dir='ltr'>osten·</span> 
     </span>
     <span class='ocr_line' id='line_1_23' title="bbox 298 2650 1347 2749; baseline -0.005 -25"><span class='ocrx_word' id='word_1_174' title='bbox 298 2660 405 2742; x_wconf 86' lang='lat' dir='ltr'>deret,</span> <span class='ocrx_word' id='word_1_175' title='bbox 417 2659 523 2725; x_wconf 88' lang='lat' dir='ltr'>eidem</span> <span class='ocrx_word' id='word_1_176' title='bbox 536 2659 677 2723; x_wconf 85' lang='lat' dir='ltr'>ludibrio</span> <span class='ocrx_word' id='word_1_177' title='bbox 689 2674 723 2723; x_wconf 91' lang='lat' dir='ltr'>et</span> <span class='ocrx_word' id='word_1_178' title='bbox 733 2660 818 2747; x_wconf 88' lang='lat' dir='ltr'>ipsos</span> <span class='ocrx_word' id='word_1_179' title='bbox 830 2660 989 2724; x_wconf 83' lang='lat' dir='ltr'>obnoxios</span> <span class='ocrx_word' id='word_1_180' title='bbox 1001 2682 1070 2725; x_wconf 84' lang='lat' dir='ltr'>esse</span> <span class='ocrx_word' id='word_1_181' title='bbox 1081 2682 1192 2749; x_wconf 85' lang='lat' dir='ltr'>posse,</span> <span class='ocrx_word' id='word_1_182' title='bbox 1204 2682 1261 2749; x_wconf 86' lang='lat' dir='ltr'>per</span> <span class='ocrx_word' id='word_1_183' title='bbox 1270 2650 1347 2744; x_wconf 90' lang='lat' dir='ltr'>quod</span> 
     </span>
     <span class='ocr_line' id='line_1_24' title="bbox 297 2759 1347 2849; baseline -0.01 -24"><span class='ocrx_word' id='word_1_184' title='bbox 297 2762 434 2825; x_wconf 86' lang='lat' dir='ltr'>aliorum</span> <span class='ocrx_word' id='word_1_185' title='bbox 460 2759 633 2824; x_wconf 90' lang='lat' dir='ltr'>bominum</span> <span class='ocrx_word' id='word_1_186' title='bbox 658 2761 814 2849; x_wconf 87' lang='lat' dir='ltr'>sanguiue</span> <span class='ocrx_word' id='word_1_187' title='bbox 839 2776 905 2823; x_wconf 90' lang='lat' dir='ltr'>tam</span> <span class='ocrx_word' id='word_1_188' title='bbox 928 2761 1113 2825; x_wconf 88' lang='lat' dir='ltr'>immaniter</span> <span class='ocrx_word' id='word_1_189' title='bbox 1129 2761 1347 2829; x_wconf 84' lang='lat' dir='ltr'>abuterentur,</span> 
     </span>
     <span class='ocr_line' id='line_1_25' title="bbox 296 2858 1347 2951; baseline -0.007 -26"><span class='ocrx_word' id='word_1_190' title='bbox 296 2884 355 2951; x_wconf 87' lang='lat' dir='ltr'>per</span> <span class='ocrx_word' id='word_1_191' title='bbox 371 2884 500 2925; x_wconf 77' lang='lat' dir='ltr'>musam</span> <span class='ocrx_word' id='word_1_192' title='bbox 523 2858 754 2948; x_wconf 90' lang='lat' dir='ltr'>placandorum</span> <span class='ocrx_word' id='word_1_193' title='bbox 779 2862 865 2925; x_wconf 85' lang='lat' dir='ltr'>Crixi</span> <span class='ocrx_word' id='word_1_194' title='bbox 887 2862 1051 2943; x_wconf 90' lang='lat' dir='ltr'>manium,</span> <span class='ocrx_word' id='word_1_195' title='bbox 1076 2863 1174 2927; x_wconf 91' lang='lat' dir='ltr'>simul</span> <span class='ocrx_word' id='word_1_196' title='bbox 1193 2858 1347 2945; x_wconf 87' lang='lat' dir='ltr'>cujusdam</span> 
     </span>
     <span class='ocr_line' id='line_1_26' title="bbox 297 2962 1348 3053; baseline -0.004 -26"><span class='ocrx_word' id='word_1_197' title='bbox 297 2980 452 3043; x_wconf 75' lang='lat' dir='ltr'>matrone</span> <span class='ocrx_word' id='word_1_198' title='bbox 468 2963 607 3053; x_wconf 85' lang='lat' dir='ltr'>nobilis,</span> <span class='ocrx_word' id='word_1_199' title='bbox 623 2986 697 3049; x_wconf 83' lang='lat' dir='ltr'>quae</span> <span class='ocrx_word' id='word_1_200' title='bbox 712 2986 730 3025; x_wconf 92' lang='lat' dir='ltr'>a</span> <span class='ocrx_word' id='word_1_201' title='bbox 747 2962 888 3050; x_wconf 79' lang='lat' dir='ltr'>fugitivis</span> <span class='ocrx_word' id='word_1_202' title='bbox 906 2964 1041 3051; x_wconf 77' lang='lat' dir='ltr'>pervim</span> <span class='ocrx_word' id='word_1_203' title='bbox 1055 2980 1201 3051; x_wconf 85' lang='lat' dir='ltr'>stuprata</span> <span class='ocrx_word' id='word_1_204' title='bbox 1217 2962 1276 3027; x_wconf 89' lang='lat' dir='ltr'>sibi</span> <span class='ocrx_word' id='word_1_205' title='bbox 1291 2979 1348 3023; x_wconf 83' lang='lat' dir='ltr'>ma·</span> 
     </span>
     <span class='ocr_line' id='line_1_27' title="bbox 296 3058 1347 3155; baseline -0.004 -29"><span class='ocrx_word' id='word_1_206' title='bbox 296 3086 358 3127; x_wconf 83' lang='lat' dir='ltr'>nus</span> <span class='ocrx_word' id='word_1_207' title='bbox 374 3065 547 3143; x_wconf 84' lang='lat' dir='ltr'>intulerat,</span> <span class='ocrx_word' id='word_1_208' title='bbox 564 3079 725 3128; x_wconf 86' lang='lat' dir='ltr'>trecentos</span> <span class='ocrx_word' id='word_1_209' title='bbox 747 3078 804 3127; x_wconf 87' lang='lat' dir='ltr'>aut</span> <span class='ocrx_word' id='word_1_210' title='bbox 821 3064 1076 3155; x_wconf 83' lang='lat' dir='ltr'>quadringentos</span> <span class='ocrx_word' id='word_1_211' title='bbox 1093 3088 1134 3129; x_wconf 85' lang='lat' dir='ltr'>ex</span> <span class='ocrx_word' id='word_1_212' title='bbox 1149 3065 1281 3155; x_wconf 79' lang='lat' dir='ltr'>captivis</span> <span class='ocrx_word' id='word_1_213' title='bbox 1298 3058 1347 3122; x_wconf 82' lang='lat' dir='ltr'>dc·</span> 
     </span>
     <span class='ocr_line' id='line_1_28' title="bbox 295 3164 1068 3254; baseline 0.003 -26"><span class='ocrx_word' id='word_1_214' title='bbox 295 3165 396 3230; x_wconf 86' lang='lat' dir='ltr'>lectos</span> <span class='ocrx_word' id='word_1_215' title='bbox 413 3167 496 3229; x_wconf 78' lang='lat' dir='ltr'>ciros</span> <span class='ocrx_word' id='word_1_216' title='bbox 515 3188 631 3253; x_wconf 89' lang='lat' dir='ltr'>rogum</span> <span class='ocrx_word' id='word_1_217' title='bbox 648 3165 745 3244; x_wconf 84' lang='lat' dir='ltr'>jussit</span> <span class='ocrx_word' id='word_1_218' title='bbox 760 3166 857 3228; x_wconf 89' lang='lat' dir='ltr'>armis</span> <span class='ocrx_word' id='word_1_219' title='bbox 873 3164 1068 3254; x_wconf 85' lang='lat' dir='ltr'>depugnare.</span> 
     </span>
    </p>

    <p class='ocr_par' dir='ltr' id='par_1_5' title="bbox 294 3264 1348 3655">
     <span class='ocr_line' id='line_1_29' title="bbox 336 3264 1344 3354; baseline -0.006 -26"><span class='ocrx_word' id='word_1_220' title='bbox 336 3266 392 3328; x_wconf 86' lang='lat' dir='ltr'>IV.</span> <span class='ocrx_word' id='word_1_221' title='bbox 415 3266 555 3329; x_wconf 73' lang='lat' dir='ltr'>Caeteros</span> <span class='ocrx_word' id='word_1_222' title='bbox 578 3264 620 3328; x_wconf 90' lang='lat' dir='ltr'>ad</span> <span class='ocrx_word' id='word_1_223' title='bbox 640 3288 744 3329; x_wconf 90' lang='lat' dir='ltr'>unum</span> <span class='ocrx_word' id='word_1_224' title='bbox 768 3288 882 3331; x_wconf 83' lang='lat' dir='ltr'>omnes</span> <span class='ocrx_word' id='word_1_225' title='bbox 904 3266 1085 3348; x_wconf 87' lang='lat' dir='ltr'>interfecit;</span> <span class='ocrx_word' id='word_1_226' title='bbox 1104 3266 1344 3354; x_wconf 85' lang='lat' dir='ltr'>impedimenta,</span> 
     </span>
     <span class='ocr_line' id='line_1_30' title="bbox 294 3365 1347 3457; baseline -0.005 -30"><span class='ocrx_word' id='word_1_227' title='bbox 294 3382 410 3452; x_wconf 79' lang='lat' dir='ltr'>praeter</span> <span class='ocrx_word' id='word_1_228' title='bbox 427 3366 603 3429; x_wconf 88' lang='lat' dir='ltr'>necessaria</span> <span class='ocrx_word' id='word_1_229' title='bbox 621 3388 739 3452; x_wconf 86' lang='lat' dir='ltr'>pauca,</span> <span class='ocrx_word' id='word_1_230' title='bbox 759 3365 890 3430; x_wconf 89' lang='lat' dir='ltr'>subdito</span> <span class='ocrx_word' id='word_1_231' title='bbox 907 3367 981 3457; x_wconf 85' lang='lat' dir='ltr'>igne</span> <span class='ocrx_word' id='word_1_232' title='bbox 997 3368 1149 3431; x_wconf 86' lang='lat' dir='ltr'>cremavit</span> <span class='ocrx_word' id='word_1_233' title='bbox 1160 3388 1256 3453; x_wconf 89' lang='lat' dir='ltr'>‚quo</span> <span class='ocrx_word' id='word_1_234' title='bbox 1274 3372 1347 3425; x_wconf 86' lang='lat' dir='ltr'>essct</span> 
     </span>
     <span class='ocr_line' id='line_1_31' title="bbox 294 3464 1347 3556; baseline -0.002 -27"><span class='ocrx_word' id='word_1_235' title='bbox 294 3464 336 3529; x_wconf 88' lang='lat' dir='ltr'>ad</span> <span class='ocrx_word' id='word_1_236' title='bbox 352 3464 508 3529; x_wconf 78' lang='lat' dir='ltr'>destinata</span> <span class='ocrx_word' id='word_1_237' title='bbox 524 3466 727 3553; x_wconf 84' lang='lat' dir='ltr'>expeditior.</span> <span class='ocrx_word' id='word_1_238' title='bbox 748 3490 823 3531; x_wconf 88' lang='lat' dir='ltr'>nam</span> <span class='ocrx_word' id='word_1_239' title='bbox 841 3490 883 3531; x_wconf 90' lang='lat' dir='ltr'>ne</span> <span class='ocrx_word' id='word_1_240' title='bbox 901 3468 981 3555; x_wconf 93' lang='lat' dir='ltr'>quid</span> <span class='ocrx_word' id='word_1_241' title='bbox 997 3468 1197 3556; x_wconf 87' lang='lat' dir='ltr'>indignitatis</span> <span class='ocrx_word' id='word_1_242' title='bbox 1212 3467 1347 3535; x_wconf 84' lang='lat' dir='ltr'>abesset,</span> 
     </span>
     <span class='ocr_line' id='line_1_32' title="bbox 294 3558 1348 3655; baseline -0.004 -24"><span class='ocrx_word' id='word_1_243' title='bbox 294 3566 362 3631; x_wconf 90' lang='lat' dir='ltr'>de</span> <span class='ocrx_word' id='word_1_244' title='bbox 353 3587 422 3653; x_wconf 78' lang='lat' dir='ltr'>ipsa</span> <span class='ocrx_word' id='word_1_245' title='bbox 438 3566 520 3631; x_wconf 86' lang='lat' dir='ltr'>urbe</span> <span class='ocrx_word' id='word_1_246' title='bbox 535 3567 640 3631; x_wconf 78' lang='lat' dir='ltr'>Roma</span> <span class='ocrx_word' id='word_1_247' title='bbox 657 3566 838 3633; x_wconf 80' lang='lat' dir='ltr'>invadenda</span> <span class='ocrx_word' id='word_1_248' title='bbox 856 3566 1062 3634; x_wconf 85' lang='lat' dir='ltr'>deliberabat.</span> <span class='ocrx_word' id='word_1_249' title='bbox 1080 3569 1195 3655; x_wconf 88' lang='lat' dir='ltr'>Neque</span> <span class='ocrx_word' id='word_1_250' title='bbox 1211 3568 1279 3632; x_wconf 86' lang='lat' dir='ltr'>leve</span> <span class='ocrx_word' id='word_1_251' title='bbox 1292 3558 1348 3627; x_wconf 78' lang='lat' dir='ltr'>dis·</span> 
     </span>
    </p>
   </div>
   <div class='ocr_carea' id='block_1_2' title="bbox 294 3665 1346 3758">
    <p class='ocr_par' dir='ltr' id='par_1_6' title="bbox 294 3665 1346 3758">
     <span class='ocr_line' id='line_1_33' title="bbox 294 3665 1346 3758; baseline 0 -30"><span class='ocrx_word' id='word_1_252' title='bbox 294 3665 418 3728; x_wconf 88' lang='lat' dir='ltr'>crimen</span> <span class='ocrx_word' id='word_1_253' title='bbox 432 3680 500 3729; x_wconf 85' lang='lat' dir='ltr'>erat</span> <span class='ocrx_word' id='word_1_254' title='bbox 506 3688 631 3752; x_wconf 86' lang='lat' dir='ltr'>,quum</span> <span class='ocrx_word' id='word_1_255' title='bbox 646 3690 763 3754; x_wconf 89' lang='lat' dir='ltr'>agmen</span> <span class='ocrx_word' id='word_1_256' title='bbox 778 3684 911 3731; x_wconf 90' lang='lat' dir='ltr'>centum</span> <span class='ocrx_word' id='word_1_257' title='bbox 921 3669 1035 3758; x_wconf 82' lang='lat' dir='ltr'>viginti</span> <span class='ocrx_word' id='word_1_258' title='bbox 1049 3670 1186 3733; x_wconf 87' lang='lat' dir='ltr'>millium</span> <span class='ocrx_word' id='word_1_259' title='bbox 1200 3667 1346 3739; x_wconf 69' lang='lat' dir='ltr'>traherea</span> 
     </span>
    </p>
   </div>
   <div class='ocr_carea' id='block_1_3' title="bbox 295 3756 1347 3859">
    <p class='ocr_par' dir='ltr' id='par_1_7' title="bbox 295 3756 1347 3859">
     <span class='ocr_line' id='line_1_34' title="bbox 295 3756 1347 3859; baseline -0.015 -21"><span class='ocrx_word' id='word_1_260' title='bbox 295 3788 481 3854; x_wconf 71' lang='lat' dir='ltr'>thnqttaut</span> <span class='ocrx_word' id='word_1_261' title='bbox 509 3766 607 3855; x_wconf 80' lang='lat' dir='ltr'>vulgo</span> <span class='ocrx_word' id='word_1_262' title='bbox 633 3767 804 3855; x_wconf 87' lang='lat' dir='ltr'>repudiare</span> <span class='ocrx_word' id='word_1_263' title='bbox 830 3769 981 3857; x_wconf 83' lang='lat' dir='ltr'>fugitivos</span> <span class='ocrx_word' id='word_1_264' title='bbox 1000 3770 1114 3835; x_wconf 82' lang='lat' dir='ltr'>solitus</span> <span class='ocrx_word' id='word_1_265' title='bbox 1126 3786 1293 3859; x_wconf 88' lang='lat' dir='ltr'>q‚uorum</span> <span class='ocrx_word' id='word_1_266' title='bbox 1310 3756 1347 3825; x_wconf 91' lang='lat' dir='ltr'>ad</span> 
     </span>
    </p>
   </div>
   <div class='ocr_carea' id='block_1_4' title="bbox 294 3988 1345 4227">
    <p class='ocr_par' dir='ltr' id='par_1_8' title="bbox 294 3988 1345 4227">
     <span class='ocr_line' id='line_1_35' title="bbox 297 3988 1345 4075; baseline 0 -38"><span class='ocrx_word' id='word_1_267' title='bbox 297 4028 301 4037; x_wconf 91' lang='lat'>.</span> <span class='ocrx_word' id='word_1_268' title='bbox 329 3988 959 4059; x_wconf 71' lang='lat' dir='ltr'>§1.uc.⁶to;a.c.72.-tuuop.1u.vt.</span> <span class='ocrx_word' id='word_1_269' title='bbox 979 4020 1014 4033; x_wconf 90' lang='lat'><em>-</em></span> <span class='ocrx_word' id='word_1_270' title='bbox 1030 3996 1139 4075; x_wconf 56' lang='lat' dir='ltr'>dppian.</span> <span class='ocrx_word' id='word_1_271' title='bbox 1149 3995 1222 4049; x_wconf 68' lang='lat' dir='ltr'>card.</span> <span class='ocrx_word' id='word_1_272' title='bbox 1230 3992 1274 4041; x_wconf 89' lang='lat' dir='ltr'>bb.</span> <span class='ocrx_word' id='word_1_273' title='bbox 1286 3992 1304 4037; x_wconf 89' lang='lat'>1.</span> <span class='ocrx_word' id='word_1_274' title='bbox 1315 4010 1345 4023; x_wconf 89' lang='lat'>-·</span> 
     </span>
     <span class='ocr_line' id='line_1_36' title="bbox 297 4075 1344 4145; baseline -0.001 -24"><span class='ocrx_word' id='word_1_275' title='bbox 297 4075 360 4127; x_wconf 75' lang='lat' dir='ltr'>Plnt.</span> <span class='ocrx_word' id='word_1_276' title='bbox 372 4076 399 4123; x_wconf 90' lang='lat' dir='ltr'>in</span> <span class='ocrx_word' id='word_1_277' title='bbox 410 4075 507 4125; x_wconf 71' lang='lat' dir='ltr'>Cnseo.</span> <span class='ocrx_word' id='word_1_278' title='bbox 516 4101 551 4113; x_wconf 91' lang='lat'>-</span> <span class='ocrx_word' id='word_1_279' title='bbox 563 4076 676 4132; x_wconf 50' lang='lat' dir='ltr'>otuu,</span> <span class='ocrx_word' id='word_1_280' title='bbox 689 4084 731 4131; x_wconf 73' lang='lat' dir='ltr'>at.</span> <span class='ocrx_word' id='word_1_281' title='bbox 746 4104 781 4113; x_wconf 92' lang='lat'><em>-</em></span> <span class='ocrx_word' id='word_1_282' title='bbox 799 4078 906 4143; x_wconf 75' lang='lat' dir='ltr'>Appiau.</span> <span class='ocrx_word' id='word_1_283' title='bbox 925 4106 960 4115; x_wconf 97' lang='lat'>-</span> <span class='ocrx_word' id='word_1_284' title='bbox 976 4078 1028 4127; x_wconf 80' lang='lat' dir='ltr'>Liv.</span> <span class='ocrx_word' id='word_1_285' title='bbox 1042 4080 1108 4145; x_wconf 80' lang='lat' dir='ltr'>Epir.</span> <span class='ocrx_word' id='word_1_286' title='bbox 1121 4108 1156 4117; x_wconf 90' lang='lat'>—</span> <span class='ocrx_word' id='word_1_287' title='bbox 1169 4078 1185 4143; x_wconf 73' lang='lat' dir='ltr'>s</span> <span class='ocrx_word' id='word_1_288' title='bbox 1198 4080 1231 4125; x_wconf 90' lang='lat' dir='ltr'>ll.</span> <span class='ocrx_word' id='word_1_289' title='bbox 1245 4076 1304 4123; x_wconf 80' lang='lat' dir='ltr'>l’lut.</span> <span class='ocrx_word' id='word_1_290' title='bbox 1315 4092 1344 4105; x_wconf 81' lang='lat'>-</span> 
     </span>
     <span class='ocr_line' id='line_1_37' title="bbox 294 4158 1247 4227; baseline 0.001 -22"><span class='ocrx_word' id='word_1_291' title='bbox 294 4160 366 4205; x_wconf 81' lang='lat' dir='ltr'>Oros.</span> <span class='ocrx_word' id='word_1_292' title='bbox 381 4185 416 4195; x_wconf 90' lang='lat'>-</span> <span class='ocrx_word' id='word_1_293' title='bbox 429 4158 483 4208; x_wconf 80' lang='lat' dir='ltr'>Liv.</span> <span class='ocrx_word' id='word_1_294' title='bbox 496 4160 562 4223; x_wconf 74' lang='lat' dir='ltr'>Epir.</span> <span class='ocrx_word' id='word_1_295' title='bbox 575 4186 610 4197; x_wconf 91' lang='lat'><em>-</em></span> <span class='ocrx_word' id='word_1_296' title='bbox 623 4158 639 4225; x_wconf 75' lang='lat' dir='ltr'>S</span> <span class='ocrx_word' id='word_1_297' title='bbox 656 4160 700 4207; x_wconf 83' lang='lat'>111.</span> <span class='ocrx_word' id='word_1_298' title='bbox 714 4159 780 4207; x_wconf 75' lang='lat' dir='ltr'>Flor.</span> <span class='ocrx_word' id='word_1_299' title='bbox 790 4162 841 4217; x_wconf 85' lang='lat' dir='ltr'>lll,</span> <span class='ocrx_word' id='word_1_300' title='bbox 852 4176 893 4208; x_wconf 86' lang='lat' dir='ltr'>ao.</span> <span class='ocrx_word' id='word_1_301' title='bbox 908 4190 944 4198; x_wconf 94' lang='lat'><em>-</em></span> <span class='ocrx_word' id='word_1_302' title='bbox 956 4162 1008 4209; x_wconf 83' lang='lat' dir='ltr'>Lir.</span> <span class='ocrx_word' id='word_1_303' title='bbox 1021 4164 1086 4227; x_wconf 86' lang='lat' dir='ltr'>Epit.</span> <span class='ocrx_word' id='word_1_304' title='bbox 1098 4190 1132 4200; x_wconf 92' lang='lat'>—</span> <span class='ocrx_word' id='word_1_305' title='bbox 1141 4162 1247 4226; x_wconf 80' lang='lat' dir='ltr'>Appian.</span> 
     </span>
    </p>
   </div>
   <div class='ocr_carea' id='block_1_5' title="bbox 0 0 1442 4900">
    <p class='ocr_par' dir='ltr' id='par_1_9' title="bbox 0 0 1442 4900">
     <span class='ocr_line' id='line_1_38' title="bbox 0 0 1442 4900; baseline 0 3"><span class='ocrx_word' id='word_1_306' title='bbox 0 0 1442 4900; x_wconf 95' lang='lat' dir='ltr'> </span> 
     </span>
    </p>
   </div>
  </div>
 </body>
</html>
