2875 4900
291 383 344 452 IN
374 383 489 452 LOC.
515 383 609 451 LIB.
637 385 726 453 cxl
754 384 968 452 LIVIANI.
1093 385 1155 480 731

97 507 142 571 lia
156 506 256 586 fama,
273 505 391 592 quibus
407 505 589 592 superiores
604 506 723 568 Iuliani
739 507 883 570 fuerunt.
905 505 995 569 Inter
1009 506 1079 570 brec
1096 509 1165 571 Cte-

98 631 170 689 sar,
188 607 279 695 plura
295 626 429 694 quoque
446 605 598 670 tentanda
614 623 719 686 ratus,
738 606 874 669 Fusium
888 606 1043 669 Calenum
1058 605 1163 687 misit,
1200 595 1205 606 ¹

99 709 175 796 qui,
191 709 301 772 Cassio
323 722 356 771 et
375 706 494 772 Sabino
507 707 684 789 adjunctis,
702 705 830 794 longius
843 705 1103 794 progrederetur.
1118 708 1164 770 ls-

99 833 188 898 quc,
208 807 358 874 Phocidis
375 823 407 872 et
423 808 550 873 Boeotiae
568 806 761 898 quibusdem
779 807 915 870 urbibus
930 807 1097 871 voluntate
1113 806 1164 870 in·

98 910 278 974 colentium
308 909 466 997 receptis,
492 908 686 996 quibusdam
716 908 926 998 expugnatis,
951 908 985 970 in
1012 907 1164 971 Achaiam

99 1025 227 1090 tamen,
243 1011 369 1074 Isthmo
380 1033 398 1074 a
411 1009 616 1096 Pompeianis
627 1010 773 1092 munito,
786 1025 954 1096 penetrare
966 1031 1034 1072 non
1045 1009 1162 1095 potuit.

99 1109 241 1174 Ilutilius
258 1111 369 1197 Lupus
390 1125 461 1172 turn
478 1109 647 1174 obtinebat
661 1110 833 1191 Achaiam,
849 1131 1015 1176 successor
1031 1132 1048 1172 a
1065 1109 1165 1172 Pom·

99 1212 175 1299 peio
199 1212 316 1276 missus
339 1211 445 1299 Appio
470 1210 623 1288 Claudio,
646 1213 702 1298 qui
724 1233 847 1298 nuper,
870 1212 992 1276 oraculi
1009 1211 1163 1297 deceptus

99 1314 255 1402 mubsge,
280 1335 383 1401 quum
409 1313 469 1378 sibi
492 1314 561 1376 laeta
586 1333 725 1399 quasque
747 1311 972 1399 polliceretur,
996 1313 1063 1375 fato
1084 1323 1164 1375 con·

102 1429 250 1479 cesserat.

145 1515 264 1578 XLIII.
289 1515 418 1602 Quippe
438 1515 559 1594 homo,
583 1513 835 1602 psychomantite
856 1528 890 1576 ct
909 1515 1052 1601 auguriis
1072 1512 1164 1578 dedi·

101 1633 172 1696 tus,
194 1617 286 1696 cujus
303 1617 334 1678 in
350 1615 497 1680 vanitatis
513 1615 621 1679 studio
636 1616 775 1678 multum
793 1637 898 1702 operae
909 1631 1078 1701 posuerat3
1098 1638 1164 1702 quo

101 1715 224 1779 scilicet
241 1716 375 1778 certiore
387 1713 594 1802 praedictIone
604 1715 715 1780 futura
726 1715 877 1795 disceret,
896 1715 1034 1778 desitum
1049 1716 1164 1779 amul·

102 1817 142 1879 tis
155 1816 248 1879 annis
264 1809 390 1880 consuli
408 1816 574 1879 oraculum
588 1816 722 1904 Delphis
733 1816 925 1880 sollicitarat.
944 1815 994 1877 Ibi
1011 1837 1166 1902 responsa

102 1917 281 2004 antiquitus
293 1937 351 2004 per
361 1916 519 2004 virginem
532 1916 769 1998 reddebantur,
781 1939 871 2005 qua,
882 1931 1013 2004 recepto
1024 1917 1178 2004 maligno·

101 2017 237 2104 spiritu,
255 2040 373 2106 magno
391 2018 464 2080 vitae
478 2018 621 2104 periculo
633 2019 744 2097 jactari
756 2018 842 2081 inter
856 2018 918 2081 fato
931 2014 1075 2080 canenda
1087 2039 1166 2079 con-

102 2133 260 2183 sueverat.
282 2119 385 2206 Igitur
407 2133 439 2180 et
462 2118 598 2182 Phoebas
619 2117 686 2206 (sic
707 2118 867 2182 vocabant
888 2116 1050 2182 fatidicam
1070 2117 1167 2204 virgi-

102 2218 201 2306 nem)
219 2219 261 2284 ad
279 2217 421 2307 tripodas
437 2217 525 2282 adire
538 2235 706 2300 metuens,
728 2221 892 2284 simulavit
905 2241 1117 2306 responsum3
1133 2235 1167 2282 et

101 2321 249 2408 Appius,
271 2341 380 2384 rerum
403 2320 538 2383 istarum
561 2321 694 2384 minime
717 2320 824 2402 rudis,
848 2323 980 2410 agnovit
998 2319 1165 2402 fraudem,

101 2421 304 2510 imperioque
330 2420 471 2485 inhibito
498 2422 604 2511 coegit
628 2422 661 2485 in
688 2445 823 2511 specum
845 2422 1051 2489 descendere.
1079 2422 1165 2486 tum

101 2542 179 2587 vero
196 2544 388 2610 responsum
405 2544 422 2585 a
441 2523 569 2586 furente
582 2522 749 2588 redditur:
765 2556 778 2581 «
789 2525 879 2590 Nihil
896 2525 937 2589 ad
954 2543 987 2589 te
1001 2525 1082 2605 hoc,
1100 2526 1167 2588 Ro-

101 2646 235 2707 «mane,
254 2624 394 2687 bellum:
413 2623 542 2687 Euboeae
557 2625 641 2688 Caela
660 2625 855 2691 obtinebis».
874 2626 927 2693 Sic
943 2643 1014 2689 tunt
1032 2624 1168 2713 appella·

102 2726 198 2789 batur
217 2726 309 2789 sinus
331 2724 515 2806 Euboicus,
534 2740 694 2813 quatenus
713 2728 790 2792 hinc
803 2728 843 2792 ad
856 2729 1097 2792 Rhamnuntem
1109 2727 1166 2790 At-

102 2827 189 2907 ticae,
203 2826 280 2891 inde
296 2828 466 2915 Carystum
480 2827 609 2891 Euboeae
621 2829 780 2916 oppidum
792 2831 942 2917 pertinet.

145 2928 259 2991 XLIV.
283 2929 375 2991 lIano
394 2927 428 2989 in
446 2928 610 3015 regionem
630 2952 734 3017 quum
754 2953 788 2994 sc
805 2930 1004 2994 condidisset
1024 2929 1166 3017 Appius,

100 3025 192 3090 aliter
211 3044 308 3114 atque
329 3027 583 3110 existimaverat,
609 3032 727 3096 inorbo
746 3032 874 3096 solutus
896 3032 972 3095 belli
991 3030 1164 3095 diserinten

101 3126 210 3191 evasit.
235 3128 323 3190 Dum
347 3128 407 3191 ista
429 3128 529 3209 liunt,
552 3152 668 3218 resque
689 3133 783 3197 variis
802 3134 882 3197 locis
903 3134 1001 3196 armis
1022 3133 1164 3220 geritur,

102 3232 207 3292 Caesar
225 3250 430 3315 nequaquam
447 3231 581 3295 consilia
597 3233 682 3319 pacis
698 3234 834 3298 omnino
852 3234 1064 3322 deposuerat,
1084 3234 1166 3321 quin

101 3330 214 3394 saltem
230 3330 271 3394 ad
289 3330 367 3393 alios
384 3346 533 3418 potentes
547 3333 635 3397 viros
651 3336 810 3417 mitteret,
825 3352 984 3423 quatenus
998 3332 1039 3397 de
1052 3336 1169 3399 volun·

102 3441 165 3495 tate
182 3432 328 3520 Pompeii
346 3432 579 3519 desperaverat.
592 3435 777 3523 Scipionem
791 3436 923 3525 quidem
940 3458 998 3523 per
1014 3432 1166 3500 Clodium

102 3533 271 3621 utriusque
289 3534 473 3598 firmiliarem
497 3536 647 3615 tentavit3
665 3538 841 3602 Lentulum
859 3537 975 3626 prioris
993 3537 1070 3599 anni
1086 3559 1167 3601 eon·

102 3633 220 3716 sulem,
237 3658 296 3722 per
311 3636 499 3699 Cornelium
518 3636 670 3717 Balbum,
686 3640 743 3725 qui
759 3662 885 3703 summa
901 3639 1034 3703 audacia
1050 3639 1166 3725 saepius

103 3752 203 3799 castra
229 3737 374 3824 Pompeii
399 3750 448 3800 est
468 3737 653 3827 ingressus,
678 3754 717 3803 ut
741 3762 906 3803 sermones
928 3762 1003 3803 curn
1028 3738 1166 3802 Lentulo

103 3837 281 3917 conferret,
299 3838 495 3918 certissimo,
509 3840 536 3901 si
549 3838 865 3927 deprehenderetur,
882 3840 989 3904 exitio.
1006 3836 1070 3903 Sed
1084 3860 1166 3901 nen·

137 4062 152 4126 §
163 4064 241 4109 XLII.
253 4062 308 4109 oto.
320 4089 352 4099 -
361 4064 422 4113 Cres.
433 4089 467 4097 *-
480 4060 496 4127 5
507 4060 597 4111 xtttt.
611 4062 663 4109 Cic.
675 4062 706 4109 ds
719 4062 804 4109 Dicin.
817 4063 840 4116 1,
855 4060 901 4117 st,
911 4073 935 4109 et
949 4061 979 4109 de
991 4064 1061 4126 legg.
1072 4064 1108 4119 ll,
1122 4062 1161 4109 13.

103 4174 136 4184 -
146 4146 734 4207 vat.ttax.1‚s.-0ms.tx,15.-anan.
753 4170 788 4181 —-
804 4144 856 4192 Lis.
866 4146 969 4200 titt,
982 4153 1024 4203 47.
