2875 4900
283 373 355 459 334
449 377 520 442 10.
548 377 895 446 FREthHEMll
928 377 1173 448 SUPPLEM.

326 497 451 562 XXIII.
473 497 616 561 Heroem
635 498 828 586 Autolycum
848 499 1046 588 Sinopenses
1071 499 1238 579 colebant,
1262 497 1339 586 quod

282 597 487 682 sicelasonis
498 599 532 661 in
547 597 755 686 expeditione
775 600 937 682 colchica,
953 601 1021 665 sive
1035 599 1185 664 Herculis
1202 597 1340 663 adversus

283 702 464 762 Amazonas
481 700 620 787 proIecti
636 699 762 780 socius,
782 724 886 788 quum
900 703 986 766 forte
1001 701 1206 791 naufragium
1221 701 1258 763 iis
1270 700 1340 762 locis

158 832 164 854 ι
283 801 427 880 fecisset,
445 800 590 887 Sinopen
602 822 679 863 eum
691 801 759 864 suis
770 820 978 889 pervenerat,
995 827 1134 892 eamque
1146 803 1257 866 urbem
1268 801 1341 890 prio

283 903 375 966 ribus
391 902 524 982 incolis,
544 924 564 964 a
581 901 682 989 Syro,
701 925 802 989 quem
818 905 968 992 Apolline
985 922 1019 968 et
1034 903 1136 992 Asopi
1154 903 1215 966 filia
1232 902 1340 988 Sinope

282 1004 431 1094 genitum
451 1003 615 1082 ferebant,
632 1003 677 1067 ibi
696 1005 878 1086 collocatis,
899 1006 1083 1095 ademptam
1101 1003 1341 1070 obtinueratEa

283 1129 335 1170 res
347 1105 521 1169 admonuit
531 1103 706 1168 Lucullum
718 1107 1052 1188 commentariorum,
1066 1131 1152 1195 quos
1164 1109 1194 1171 ei
1206 1107 1289 1172 Sulla
1300 1105 1342 1166 in·

283 1210 469 1296 scripserat,
492 1207 742 1295 inserueratque
764 1210 945 1290 monitum,
968 1225 1006 1274 ut
1018 1233 1081 1298 per
1098 1212 1233 1298 quietem
1247 1206 1343 1270 obdita

275 1304 672 1398 praecipuoefirnu'tudinis
690 1311 877 1374 existnnare
898 1314 1093 1376 masinissae.
1111 1313 1195 1393 Quae
1216 1313 1298 1374 fatua
1317 1321 1343 1369 et

284 1411 415 1500 puerilis
439 1408 612 1473 hominum
637 1409 830 1492 credulitas,
847 1411 928 1499 quid
950 1411 1057 1494 aliud,
1074 1435 1174 1500 quarn
1195 1411 1343 1474 theatrum

284 1529 343 1594 est,
349 1513 384 1575 in
394 1535 461 1600 quo
472 1511 598 1576 fabulas
607 1534 683 1576 suas
693 1511 886 1601 deceptores
897 1513 983 1603 genii
994 1536 1055 1601 pro
1067 1513 1177 1577 lubitu
1185 1513 1342 1588 instruant,

284 1636 476 1701 erroresque
496 1635 629 1697 ornnes,
650 1613 685 1676 in
703 1636 788 1700 quos
804 1613 993 1704 demergere
1009 1615 1161 1680 miseram
1182 1611 1342 1678 mortalita·

285 1735 352 1780 tem
370 1715 523 1794 student,
538 1715 630 1778 nullo
647 1715 782 1806 negotio
797 1716 961 1780 stabiliant
969 1715 989 1782 Ρ,

329 1819 453 1882 XXIV.
473 1819 566 1881 Hanc
581 1817 682 1905 igitur
700 1832 841 1880 statuam
858 1817 1015 1882 Lucullus
1027 1817 1182 1898 abstulit,
1203 1833 1343 1880 unacum

282 1920 390 1985 Billari
413 1919 558 2008 sphaera3
580 1917 703 1982 caeteris
726 1919 928 1984 ornamentis
953 1918 1066 2008 oppidi
1090 1917 1248 1982 abstinuit
1272 1912 1344 1992 inju-

283 2023 379 2088 riam:
392 2021 514 2109 Sinope
526 2035 672 2108 recepta,
687 2020 770 2084 nihil
782 2021 849 2100 jam
866 2021 905 2084 iis
923 2021 1113 2110 regionibus
1126 2019 1262 2098 hostile,
1279 2036 1345 2104 pre·

283 2143 332 2190 ter
349 2124 528 2205 Amasiam,
546 2139 725 2210 supererat.
742 2122 806 2186 Sed
820 2123 889 2210 ipsa
905 2144 1040 2210 quoque
1056 2121 1243 2210 paulopost
1257 2119 1288 2181 in
1302 2115 1344 2178 di-

283 2227 407 2292 tionem
423 2222 538 2313 populi
554 2223 683 2286 romani
700 2223 872 2288 concessit.
890 2225 967 2287 Haec
981 2223 1088 2314 agenti
1106 2223 1245 2287 Lucullo
1261 2215 1344 2308 legati

283 2353 302 2393 a
318 2351 394 2418 rege
409 2328 597 2414 bosporano
610 2323 833 2408 advenerunt,
847 2347 1002 2390 eoronam
1022 2347 1155 2388 auream
1173 2324 1261 2389 dono
1275 2319 1344 2384 affe·

283 2449 392 2496 rentes
406 2452 414 2495 ι
428 2427 550 2517 quibus
561 2427 615 2491 ille
625 2425 767 2517 benigne
781 2427 941 2515 exceptis,
957 2426 1142 2491 Macharent
1160 2425 1289 2490 illorum
1301 2443 1344 2483 re·

283 2556 357 2625 gem
371 2532 497 2597 socium
508 2530 717 2616 amicumque
730 2529 844 2617 populi
856 2530 984 2593 romani
996 2528 1251 2618 appellavit.llis
1260 2524 1344 2589 rebus

285 2635 561 2724 patratis„quum
582 2630 682 2695 finem
700 2630 896 2719 imposuisse
915 2631 1050 2719 pontico
1067 2629 1154 2694 bello
1175 2629 1344 2701 videretur,

284 2761 360 2827 rege
371 2737 500 2827 fugato,
513 2734 644 2798 nemine
655 2748 806 2821 praeterea
821 2749 969 2796 morante
979 2732 1155 2811 victorem,
1170 2728 1344 2796 Sornatium

285 2864 361 2903 euru
376 2860 433 2903 sex
448 2836 592 2901 millibus
607 2835 749 2898 militum
766 2832 916 2923 praesidio
929 2831 1062 2919 reliquit
1075 2831 1270 2919 provinciae3
1287 2828 1346 2914 ipse

283 2966 361 3007 eum
385 2938 518 3027 reliquis
540 2936 717 3003 duodecim
737 2936 881 3001 millibus
904 2933 1071 3022 peditum,
1095 2932 1245 3021 equiturn
1268 2922 1345 2993 haud

285 3046 362 3109 totis
373 3044 479 3109 tribus
492 3040 652 3121 millibus,
667 3039 800 3129 Tigrani
812 3038 935 3103 bellum
949 3036 1112 3115 illaturus,
1128 3052 1232 3099 castra
1246 3028 1345 3095 morit

329 3146 434 3211 XXV.
453 3144 609 3233 Tigranes
625 3142 732 3224 enim,
755 3155 928 3228 postquam
949 3160 1149 3226 perannum
1172 3138 1345 3225 integrum,

285 3264 427 3335 octoque
442 3262 597 3334 praeterea
607 3265 737 3307 menses
751 3242 786 3305 in
804 3263 906 3331 regno
919 3263 981 3304 suo
996 3240 1114 3303 versari
1134 3234 1345 3303 Mithridatem

214 3405 219 3411 .
284 3371 415 3439 passus,
429 3370 498 3412 non
511 3345 694 3411 admisisset
707 3345 743 3407 in
761 3358 992 3431 conspectum,
1008 3341 1065 3405 scd
1083 3340 1233 3405 custodia
1245 3354 1347 3425 corpo·

284 3452 329 3517 ris
340 3450 511 3525 attributa,
527 3448 563 3511 in
576 3445 802 3516 remotissimis
819 3445 914 3521 locis,
928 3444 1030 3534 magis
1046 3444 1179 3533 captivi,
1196 3462 1292 3529 quam
1304 3456 1347 3499 re·

285 3555 350 3643 gis,
369 3550 470 3616 modo
491 3550 677 3630 habuisset3
696 3548 763 3611 sive
781 3545 1002 3610 misericordia
1023 3544 1161 3625 duetus,
1183 3545 1250 3608 sive
1267 3552 1347 3605 metu

286 3656 529 3733 Romanorum,
547 3668 580 3715 et
596 3649 759 3739 legatione
779 3648 922 3712 irritatus
939 3646 1054 3736 Appii,
1071 3668 1231 3734 perquam
1249 3644 1347 3707 hono·

286 3754 376 3821 riIice
389 3754 556 3819 acciverat.
569 3749 731 3815 Triduum
749 3749 836 3813 inter
849 3772 883 3812 se
898 3750 1022 3813 areanis
1042 3748 1249 3812 sermonibus
1260 3760 1349 3809 trane

165 3866 169 3876 ’
287 3857 472 3937 duxerunt,
491 3852 726 3939 conciliataque
749 3850 934 3940 plenissime
954 3852 1073 3942 gratia,
1096 3850 1187 3939 quod
1208 3872 1248 3913 ex
1267 3842 1348 3910 factis

323 4070 340 4135 s
360 4070 459 4117 XXIII.
474 4067 540 4117 Plut.
558 4093 594 4103 -
611 4063 692 4113 Strab.
707 4064 751 4115 lib.
769 4066 828 4113 XIl.
845 4090 879 4103 --
900 4064 1009 4131 Appian.
1028 4090 1063 4101 -
1080 4060 1096 4128 s
1112 4063 1209 4111 XXIV.
1226 4057 1303 4109 Strab.
1317 4076 1348 4091 ·-·

287 4156 415 4203 Memnon.
425 4179 459 4189 -
471 4151 578 4215 Appiau.
589 4178 623 4187 -
632 4149 686 4197 Lir.
699 4148 757 4213 Epir
766 4174 801 4186 -
811 4147 875 4197 Plut.
