2875 4900
271 372 342 443 620
439 376 507 442 10.
534 375 876 444 FREINSIIEMII
906 376 1154 444 SUPPLEM.

269 493 395 559 rialinm
412 492 529 577 millia3
545 494 627 559 adeo
642 516 767 559 novum
780 517 847 557 non
862 512 931 576 est,
948 511 987 559 ut
999 495 1107 583 plures
1119 520 1256 563 summes
1270 500 1339 565 for·

269 611 356 659 tunae
373 595 513 683 speciem
528 594 657 676 alienis,
674 618 772 683 quam
785 596 867 679 suis,
884 597 1089 661 sacriltatibus
1102 598 1296 689 sustineant.

312 698 429 761 XLIII.
447 697 526 761 Post
541 697 697 761 Milonem
713 698 760 763 M.
777 698 925 762 Saufeius
943 700 990 764 M.
1010 700 1048 765 F.
1069 702 1254 789 postulatus
1274 720 1339 785 est,

268 799 326 887 qui
341 798 408 863 dux
427 797 650 887 expugnandae
672 798 760 887 apud
775 799 912 863 Bovillas
929 800 1086 882 tabernae,
1102 800 1340 891 occidendique

269 899 375 965 Clodii
392 901 507 964 fuerat.
529 899 587 963 Ille
602 894 726 982 tamen,
742 900 819 965 lieet
831 900 923 989 peJ'or
938 900 1007 982 ejus
1024 924 1136 985 causa,
1154 926 1258 991 quam
1278 905 1340 969 Mi-

268 1002 369 1084 lonis,
384 1017 485 1081 esset,
498 999 548 1063 bis
562 997 724 1065 adductus
737 1000 771 1064 in
780 1000 957 1084 judicium,
970 1003 1069 1068 semel
1081 1004 1151 1093 lege
1166 1006 1340 1093 Pompeia,

268 1105 387 1169 iterum
406 1102 530 1166 Plautia
547 1099 589 1167 de
604 1102 651 1183 vi,
669 1124 767 1189 qaum
784 1119 857 1167 tum
874 1105 1087 1192 quaestionem
1104 1105 1149 1171 M.
1164 1106 1341 1172 Considius

268 1204 453 1283 exercebat,
477 1201 644 1267 absolutus
665 1221 725 1268 est.
749 1204 968 1269 Damnatione
988 1206 1118 1270 Milonis
1138 1208 1341 1273 satisfactum

268 1319 336 1368 erat
352 1303 490 1392 publicae
505 1302 741 1394 indignationi3
758 1306 918 1394 locusque
932 1306 1050 1370 iterum
1069 1324 1202 1395 apertus
1218 1310 1344 1374 invete-

268 1420 337 1469 rato
359 1405 534 1471 hominum
558 1405 593 1469 in
619 1406 800 1471 clodianam
821 1408 1062 1496 improbitatem
1088 1410 1211 1475 animo.
1237 1411 1343 1500 Igitur

268 1524 301 1572 et
316 1508 387 1573 Sex.
412 1507 566 1590 Clodius,
589 1509 646 1596 qui
665 1525 780 1573 auctor
800 1510 962 1574 inferendi
984 1510 1158 1575 incuriam
1176 1510 1343 1577 cadaveris

268 1611 391 1690 fuerat,
410 1632 529 1699 magno
545 1632 707 1674 consensu
731 1607 902 1680 damnatus
916 1627 975 1677 est.
996 1610 1059 1675 Alii
1073 1628 1229 1699 praeterea
1245 1613 1343 1677 multi

267 1712 372 1775 causis
388 1711 522 1775 diversis
539 1709 685 1775 eamdem
703 1727 825 1775 sortem
842 1712 1031 1793 subierum3
1050 1733 1090 1775 ex
1103 1711 1225 1800 quibus
1243 1714 1343 1777 maxi·

267 1835 320 1875 rna
336 1834 409 1900 pars
430 1811 662 1877 Clodianorum
683 1814 746 1875 lirit
766 1830 901 1903 propter
917 1812 1106 1879 incendium
1126 1816 1225 1878 curie
1245 1837 1253 1879 :
1271 1838 1343 1902 qno

267 1914 402 1979 crimine
418 1914 556 1979 Plancus
571 1914 668 1978 etiam
682 1914 874 2002 Rufusque,
888 1914 983 1979 simul
999 1929 1157 2003 potestate
1170 1914 1341 1993 abierunt,

267 2013 475 2080 condemnati
494 2030 581 2078 sunt.

311 2117 427 2181 XLIV.
445 2116 568 2179 Rufum
587 2116 667 2179 alius
683 2116 790 2179 Rufus
808 2114 991 2198 damnavit,
1007 2116 1053 2181 M.
1070 2118 1190 2185 Coelius
1203 2132 1343 2181 orator:

267 2217 424 2281 Plancum
443 2216 584 2281 nobilior
601 2215 709 2280 adhuc
728 2232 857 2298 orator,
880 2216 926 2281 M.
944 2218 1081 2299 Cicero,
1101 2218 1217 2299 iratus,
1238 2218 1283 2281 ab
1301 2242 1344 2283 eo

268 2340 302 2381 se
324 2318 525 2406 oppugnari,
550 2340 648 2406 quem
669 2316 869 2382 defenderat.
890 2318 954 2383 Sed
974 2318 1009 2383 id
1026 2318 1160 2406 quidem
1175 2318 1343 2398 judicium

267 2419 403 2484 omnino
425 2418 594 2508 singularis
617 2420 755 2508 exempli
778 2420 862 2486 fuit:
882 2420 1003 2510 quippe
1021 2419 1194 2511 Pompeius
1208 2419 1344 2509 legum,

267 2543 347 2610 quas
363 2520 432 2610 ipse
448 2521 583 2603 tulerat,
600 2521 792 2604 subversor,
812 2538 851 2585 ut
869 2522 1007 2609 eriperet
1022 2544 1133 2604 reum,
1153 2519 1344 2586 incredibili

266 2623 477 2687 contentione
490 2623 693 2689 incubuerat.
709 2623 773 2688 Sed
788 2624 981 2687 accusatoris
1002 2621 1186 2711 diligentia,
1204 2637 1237 2685 et
1252 2645 1344 2687 con·

267 2726 382 2790 stantia
395 2725 560 2809 judicum,
578 2725 728 2813 superior
743 2724 960 2813 potentissimi
973 2724 1034 2789 viri
1047 2724 1161 2788 studiis
1176 2724 1249 2787 fuit.
1264 2723 1344 2788 sam

266 2827 408 2915 primum
428 2827 473 2892 M.
492 2829 589 2909 Cato,
609 2850 712 2915 quum
729 2827 825 2892 missa
843 2851 862 2890 a
877 2830 937 2892 Cn.
954 2827 1112 2915 Pompeio
1127 2825 1271 2890 laudatio
1291 2829 1343 2891 le·

268 2943 416 3017 geretur,
442 2927 601 2992 obturatis
622 2929 771 3010 auribus,
793 2929 921 2993 recitari
939 2929 1126 3018 probibuit,
1142 2927 1344 3017 indignans,

266 3030 372 3120 legem
391 3043 455 3094 tam
479 3047 663 3111 recentem,
685 3047 717 3094 et
733 3030 774 3094 ab
794 3031 867 3118 ipso
882 3045 1014 3094 auctore
1029 3030 1152 3096 violari.
1171 3031 1212 3094 Et
1230 3052 1345 3118 qtran-
1417 3050 1418 3071 ¹

267 3154 365 3220 quam
381 3131 519 3211 rejectus
540 3155 651 3213 areo,
669 3130 856 3219 prejudicio
877 3129 1030 3213 laedebat3
1049 3131 1140 3219 quod
1157 3131 1264 3194 virum
1280 3133 1341 3212 ju·

267 3233 444 3297 stissimum
466 3255 563 3297 nemo
585 3234 784 3316 rejecturus,
809 3233 871 3297 nisi
892 3255 1014 3296 nocens
1034 3231 1206 3296 videbatur
1225 3255 1234 3296 :
1254 3254 1342 3319 pue·

266 3351 369 3415 terea,
394 3335 469 3422 quia
487 3334 554 3428 jam
572 3334 723 3401 demuma
742 3337 776 3398 in
798 3337 835 3400 C.
855 3336 943 3400 Rufo
963 3333 1076 3399 eadem
1098 3357 1193 3401 eausa
1212 3334 1340 3418 fuerat,

264 3434 409 3518 judices,
431 3459 473 3500 ne
495 3437 578 3500 servi
604 3459 672 3501 esse
693 3437 841 3525 Pompeii
867 3436 1070 3517 dicerentur,
1093 3452 1207 3499 contra
1230 3452 1339 3501 tanus

267 3560 345 3626 opes
361 3537 450 3620 ejus,
467 3561 486 3602 a
503 3561 571 3627 quo
587 3539 649 3628 ipsi
665 3539 739 3604 lecti
757 3555 866 3620 erant,
884 3561 977 3603 reum
996 3537 1268 3602 condemnarunt.

310 3639 407 3706 XLV.
419 3642 457 3704 In
468 3641 609 3705 ambitus
623 3664 756 3730 quoque
765 3639 894 3720 judiciis
903 3657 1015 3704 notata
1023 3639 1170 3728 Pompeii
1182 3639 1338 3728 iniquitas

266 3757 299 3805 et
314 3741 531 3807 inconstantia
546 3742 619 3808 fuit.
633 3742 708 3807 Duo
724 3743 952 3831 competitores
968 3741 1101 3806 Milonis
1113 3742 1171 3830 qui
1186 3743 1337 3822 fuerant,

299 3963 315 4028 5
328 3965 407 4012 xm.
418 3965 510 4011 Asson.
523 3991 558 4000 —
574 3965 632 4012 Dio.
641 3991 676 4001 -
684 3965 747 4012 Plio.
759 3966 887 4024 xxxvl,
904 3965 944 4012 15.
954 3992 989 4003 -
1002 3963 1019 4028 S
1028 3967 1120 4014 mu.
1127 3967 1220 4013 Areon.
1232 3993 1267 4002 -
1276 3967 1337 4014 Dio.

264 4074 300 4084 -
310 4045 326 4112 s
336 4049 426 4096 xuv.
439 4049 492 4096 Val.
507 4049 575 4097 Max.
586 4049 631 4107 1v,
642 4063 671 4108 n,
684 4065 707 4110 7.
719 4076 755 4084 -
771 4048 826 4097 Cic.
835 4048 865 4098 sd
878 4048 962 4098 cauit
971 4050 1069 4108 vt1,2.
1087 4075 1120 4085 -
1129 4049 1188 4096 Tac.
1200 4051 1267 4097 Anu.
1279 4050 1339 4107 111,

265 4129 307 4177 at.
318 4157 352 4167 -
366 4131 423 4176 Dio.
434 4158 466 4168 -
476 4132 540 4181 rtur.
551 4130 579 4180 in
590 4135 678 4197 Pomp.
689 4143 713 4180 et
725 4134 779 4181 cu.
