2875 4900
352 367 406 436 IN
439 365 552 434 LOC.
580 367 678 435 Lllt
704 365 771 433 CX
799 366 1010 436 LIV-lunt.
1147 362 1219 462 697

146 489 211 570 sis,
230 507 314 575 quos
331 486 400 575 ipse
416 484 595 566 adduxerat
617 485 757 575 presidii
775 508 892 568 causa,
911 502 960 568 et,
979 501 1018 550 ut
1037 485 1146 574 plures
1168 486 1219 550 di,

146 602 292 664 suerent,
310 609 408 674 quam
423 586 598 652 immotum
615 587 770 654 adversus
786 587 948 668 ejusmodi
964 603 1104 652 terrores
1121 587 1221 676 irnpe-

146 707 288 756 ratorem
304 687 480 770 haberent,
493 689 537 752 ita
550 689 765 756 drcumfusos
777 689 896 754 allatus
909 703 979 752 est:
996 718 1011 744 κ
1021 687 1103 769 Quis
1115 711 1219 754 novus

146 827 159 851 ι
170 797 224 860 hic
238 794 369 860 incessit
380 794 496 860 animis
507 795 621 860 vestris
632 795 742 877 furor,
753 810 795 870 ,ut
806 794 1125 859 omnibushisbellis
1136 811 1221 860 tran·

148 903 264 990 «quilli
290 917 324 964 et
346 901 584 988 obsequentes,
608 901 672 966 hoc
694 901 835 965 maxime
857 916 1004 989 tempore
1025 899 1219 965 seditionem

146 1003 325 1092 «captetis,
349 1024 416 1090 quo
437 1023 516 1090 ego,
534 1001 599 1066 fine
612 1001 678 1081 jaro
701 1003 843 1066 instante
862 1002 1001 1082 laboris,
1023 1000 1065 1066 de
1080 1003 1219 1091 praemiis

148 1104 284 1170 urestris
301 1103 511 1168 attentissime
531 1102 739 1192 cogitabam?
757 1125 830 1190 qua·
848 1125 907 1168 vos
927 1103 1038 1167 omnia
1056 1103 1220 1168 vecordis·

148 1235 161 1262 ι
172 1207 253 1272 sima
273 1203 406 1270 audacia
429 1204 653 1292 corrumpitis:
671 1203 781 1292 priora
804 1205 919 1267 merita
935 1204 1133 1268 obliteratist
1150 1225 1220 1285 nie,

148 1329 272 1395 «wem
293 1329 421 1394 semper
445 1305 545 1370 vestri
567 1303 815 1393 cupidissimum
838 1305 915 1370 estis
936 1305 1077 1393 experti,
1098 1327 1138 1368 ex
1157 1305 1220 1368 im-

149 1439 162 1464 ·
172 1423 321 1496 peratore
330 1423 437 1472 vestro
448 1406 617 1470 inimicum
629 1421 726 1494 atque
736 1405 866 1470 hostem
876 1404 1055 1494 redegistis.
1067 1413 1121 1470 An
1132 1406 1220 1470 enim

150 1508 306 1576 tstolidas
328 1509 396 1572 illas
415 1508 536 1590 minas,
559 1524 592 1572 et
616 1507 801 1572 temerarias
821 1530 918 1572 voces
939 1523 1081 1590 vestras,
1099 1523 1223 1572 terrore

149 1611 301 1698 upotius,
318 1631 417 1696 quam
440 1611 505 1690 ira,
523 1625 636 1698 pectus
659 1609 724 1673 hoc
746 1609 923 1696 repleturas
945 1608 1137 1695 putavistis?
1154 1609 1223 1673 sci·

149 1710 265 1795 «licet,
282 1711 340 1799 qui
357 1709 572 1776 Barbarorum
588 1711 807 1774 ferocissimos
823 1708 957 1790 domui,
974 1709 1094 1788 eiviurp
1109 1726 1224 1798 poten·

149 1839 162 1864 ι
173 1811 316 1875 tissimus
325 1812 416 1897 coegi
426 1811 462 1874 in
471 1810 641 1892 ordinem,
657 1834 726 1876 non
736 1811 833 1875 timui
844 1809 1115 1897 Pompeios,non
1126 1812 1221 1875 timui

149 1911 359 2000 «Scipiones,
380 1911 520 1976 militum
535 1935 684 1978 meorum
701 1935 818 1994 voces,
835 1911 975 1976 militum
990 1933 1141 1975 meorum
1155 1936 1223 1976 ma·

148 2043 161 2065 ·
173 2035 236 2076 nus
250 2013 408 2076 timeam?

194 2115 311 2178 XLIII.
328 2143 341 2170 a
352 2114 402 2179 En
419 2112 535 2178 adsum
551 2116 588 2178 C.
604 2117 725 2196 Caesar3
742 2112 938 2202 nudumque
949 2129 1065 2202 pectus
1080 2129 1114 2177 et
1128 2136 1222 2202 para·

148 2245 161 2268 ⁸
173 2232 244 2280 tuin
266 2215 468 2303 percttssuris
490 2216 621 2280 oflero:
647 2216 789 2306 peragite
808 2216 934 2296 scelus,
959 2230 1013 2297 et,
1032 2214 1125 2294 cujus
1146 2233 1222 2280 ante

150 2347 163 2370 ι
175 2315 259 2380 lianc
278 2318 445 2382 lonunarn
470 2317 607 2403 imperio
628 2338 755 2405 semper
774 2316 942 2405 paruistis,
963 2336 1054 2379 nunc
1070 2315 1221 2378 onmium

151 2417 235 2481 «late
251 2417 427 2499 victorem,
447 2417 475 2481 si
495 2417 640 2499 audetis,
659 2418 879 2483 contemnite!
897 2416 999 2500 Quod
1014 2415 1042 2483 si
1057 2439 1154 2500 vero,
1171 2417 1222 2481 uti

149 2548 162 2571 a
173 2540 224 2581 res
239 2516 351 2599 docet,
368 2534 497 2583 tanturn
513 2519 698 2583 animorum
717 2542 786 2586 non
805 2535 871 2601 est,
888 2535 926 2583 ut
942 2520 994 2583 vel
1009 2536 1221 2609 conspectum

151 2648 164 2673 ι
175 2640 285 2683 meunt
302 2620 387 2683 ferre
402 2619 550 2707 possitis;
572 2637 694 2708 quanto
711 2621 879 2686 intervallo
899 2642 1003 2685 meam
1018 2638 1224 2708 vestramque

149 2719 395 2785 «conditionem
418 2722 483 2785 fata
503 2720 732 2803 discreverint,
749 2720 872 2786 discite.
896 2720 1084 2785 Missionem
1106 2738 1222 2809 postu·

151 2820 263 2901 «laris,
279 2836 433 2908 tanquam
451 2842 560 2885 carere
579 2822 671 2886 vobis
692 2823 757 2887 hoc
777 2838 925 2910 tempore
946 2844 1118 2909 nequeam.
1137 2823 1222 2887 Eece

150 2936 282 2985 «autem
304 2920 365 3003 do,
385 2920 475 3009 quod
497 2923 623 3010 petitis,
641 2946 766 3011 vosque
785 2948 805 2989 a
828 2924 929 3014 signis
952 2925 1033 2987 meis
1055 2922 1221 2989 discedere

151 3052 163 3079 ι
172 3022 281 3101 jubeo.
297 3025 349 3089 An
369 3023 456 3087 enim
474 3024 679 3106 existimatis,
695 3026 722 3089 si
738 3049 756 3089 a
773 3025 866 3090 vobis
882 3026 1033 3107 deseror,
1051 3024 1220 3093 defuturas

149 3122 253 3187 «mihi
275 3146 409 3206 manus,
433 3125 552 3213 quibus
573 3149 691 3215 paucas
714 3128 773 3191 has
794 3127 955 3193 bellorum
975 3129 1127 3216 reliquias
1143 3152 1222 3225 pro-

149 3256 163 3281 ι
173 3224 302 3314 lligam?
317 3229 427 3291 Bonus
442 3242 475 3291 et
487 3226 565 3291 felix
579 3228 755 3318 imperator
770 3229 875 3295 ubivis
891 3230 1013 3318 reperit
1023 3231 1159 3313 milites,
1172 3248 1225 3314 et,

149 3326 199 3391 ·si
217 3327 297 3391 nulli
312 3350 449 3417 usquam
464 3344 590 3412 essent,
606 3329 802 3395 abducerem
815 3331 868 3395 vel
882 3354 922 3396 ex
937 3332 1083 3397 hostium
1097 3334 1225 3412 eastris,

149 3428 290 3493 «Utrum
301 3451 362 3519 ego
371 3429 481 3511 vobis,
493 3453 534 3493 an
543 3454 622 3495 vero
632 3455 690 3496 vos
700 3455 753 3495 me
763 3433 865 3522 magis
875 3433 1065 3523 indigeatis,
1075 3435 1225 3501 haeotatn

148 3558 161 3581 «
172 3530 322 3612 recentia,
332 3546 398 3595 tam
406 3530 693 3597 certadooumenta
700 3533 938 3600 admonerevos
946 3559 1012 3600 non
1021 3540 1226 3627 potuerunt?

192 3630 306 3694 XLIV.
330 3660 344 3685 r
360 3630 473 3719 Nuper
499 3646 626 3697 tanturn
651 3633 773 3698 bellurn
799 3658 875 3699 curn
898 3636 1009 3724 paucis
1028 3639 1219 3706 cohortibus
1299 3624 1304 3639 ⁹

147 3752 283 3812 uorsus,
300 3731 386 3795 intra
407 3732 596 3801 vicesimum
620 3734 706 3799 diem
724 3758 822 3824 supra
837 3755 980 3825 quatuor
995 3738 1140 3827 legiones
1156 3741 1218 3803 lto·

147 3831 269 3895 «stium
286 3854 372 3897 rneas
387 3834 468 3897 leci:
485 3849 582 3923 atque
599 3836 645 3901 illi
663 3837 779 3903 milites
797 3838 860 3901 laeti
879 3838 1094 3926 lubentesque
1112 3830 1217 3928 impe·

182 4044 199 4109 S
218 4046 366 4127 XL11.Dio.
383 4074 418 4084 —
439 4048 598 4113 Appian—
617 4052 974 4117 §1L111.Iasotn.v,3ro.
999 4081 1036 4092 -
1055 4056 1157 4106 Straton.
1181 4084 1216 4096 -

150 4130 260 4178 nontin.
271 4156 306 4167 —
320 4158 354 4169 —
368 4132 476 4198 Appinn.
492 4160 527 4170 -
541 4134 598 4181 Dio.
