2875 4900
288 375 347 445 IN
378 374 495 444 LOC.
521 376 617 445 LIB.
644 374 784 445 CVIII
816 376 1045 445 LIVIANI.
1126 371 1197 459 645

126 496 223 584 cepit.
239 494 326 559 Hinc
341 494 383 559 ad
399 493 557 582 oppidum
574 494 879 572 Eleutherocilicum
893 493 1123 560 Pindenissum
1141 494 1198 559 ad·

127 610 220 659 moto
242 595 405 677 exercitu,
430 594 540 659 locum
564 595 838 673 munitissimum,
861 596 1051 687 aggeribus,
1075 598 1197 678 vineis,

125 695 275 761 turribus
287 696 503 786 oppugnavit,
516 696 600 761 vallo
610 712 643 760 et
654 696 741 761 fossa
750 696 868 779 cinxit,
879 720 1064 787 magnoque
1075 697 1197 779 labore,

124 812 203 885 post
218 798 392 886 septimum
405 812 503 884 atque
517 796 825 886 quinquagesimum
839 796 944 879 dlem,
957 797 992 861 in
1004 813 1197 887 potestatem

125 898 263 989 redegit.
279 898 361 964 Inde
379 899 558 963 Tibareuos
578 899 688 987 petiit,
712 898 770 986 qui
793 897 924 962 finitimi
938 894 1196 964 Pindenissensi·

125 999 209 1081 bus,
228 998 376 1064 similiter
394 1016 583 1088 receperant
605 999 776 1089 fugitivos,
796 999 1061 1088 Parthorumque
1074 999 1197 1065 adven·

128 1115 202 1165 tum
216 1100 453 1190 exspectabant.

170 1202 285 1267 XLIV.
297 1201 360 1267 Sed
370 1202 405 1266 hi
417 1200 546 1267 obsides
558 1200 651 1283 dare,
664 1224 763 1289 quam
772 1200 895 1266 bellum
904 1201 987 1290 pati,
999 1204 1195 1269 maluerunt.

122 1303 186 1367 IIis
197 1302 295 1368 rebus
309 1303 423 1393 gestis,
437 1325 497 1391 per
509 1303 580 1367 loca
593 1302 692 1368 dubia
707 1318 764 1367 aut
775 1325 889 1368 recens
902 1320 1013 1393 pacata
1026 1304 1073 1369 Μ.
1082 1305 1195 1371 Cicero

121 1404 302 1469 exercitum
321 1404 505 1487 distribuit,
528 1404 757 1491 Quintumque
774 1404 906 1468 fratrem
920 1406 1064 1493 praefecit
1079 1406 1194 1470 hiber·

123 1505 195 1590 nis;
211 1506 280 1594 ipse
291 1506 333 1571 ad
344 1522 525 1571 conventus
541 1504 684 1595 agendos
695 1505 730 1568 in
743 1505 943 1593 provinciam
957 1508 1124 1594 profectus
1137 1522 1195 1572 est.

121 1608 195 1672 Jam
211 1622 302 1671 erant
315 1606 357 1672 ad
370 1607 494 1671 Urbem
506 1608 717 1695 imperatores
732 1604 819 1688 duo,
834 1606 892 1694 qui
906 1628 944 1670 ex
958 1604 1072 1671 eadem
1085 1607 1195 1671 Cilicia

121 1708 326 1797 triumphare
341 1724 517 1797 cuperent,
533 1708 659 1797 Appius
677 1706 851 1788 Claudius,
867 1707 922 1770 cui
938 1706 1053 1771 Cicero
1068 1729 1195 1773 succes·

120 1826 225 1891 serat,
239 1826 273 1875 et
287 1809 322 1876 Ρ.
332 1809 508 1886 Lentulus,
524 1808 582 1896 qui
597 1807 798 1897 provinciam
817 1822 892 1870 ante
910 1804 1084 1871 Claudium
1101 1807 1191 1871 obti-

120 1926 248 1977 nuerat.
269 1912 296 1974 Α
309 1910 419 1975 multis
436 1910 524 1974 enim
537 1909 630 1973 annis
646 1908 801 1997 inquietae
815 1908 860 1971 ibi
879 1930 936 1972 res
947 1906 1096 1989 fuerant,
1112 1908 1191 1973 vici·

121 2012 225 2077 nitate
248 2012 461 2096 Parthorum,
482 2026 515 2075 et
536 2009 701 2075 ferocibus
718 2010 857 2075 Cilicum
874 2010 1123 2096 sucularumque
1138 2010 1191 2074 iu-

120 2112 235 2203 geniis.
246 2112 288 2176 Et
296 2111 471 2194 Lentulus,
483 2112 581 2175 rebus
593 2111 677 2176 bene
691 2111 807 2200 gestis,
817 2134 922 2199 quum
934 2126 1008 2176 ante
1019 2111 1190 2176 biennium

38 2216 41 2221 ’
120 2212 329 2295 decessisset,
352 2211 404 2275 his
420 2211 610 2277 consulibus
630 2212 851 2300 triumpharit.
870 2211 936 2278 Sed
949 2212 1074 2301 Appius
1091 2212 1190 2294 maje-

119 2315 212 2379 statis
224 2334 300 2379 reus
312 2336 330 2377 a
343 2312 381 2378 P.
391 2312 556 2377 Dolabella
571 2311 690 2393 factus,
707 2311 830 2393 abjecta
842 2315 1061 2403 postulatione
1074 2314 1191 2379 tn'um·

117 2414 327 2506 phi,Urbem
337 2414 501 2504 ingressus
512 2427 569 2480 est.
580 2414 718 2478 Causam
727 2436 788 2505 pro
797 2437 838 2480 eo
848 2415 1002 2481 dixerunt
1012 2416 1058 2481 Μ.
1069 2419 1188 2482 brutus

90 2559 92 2564 ,
117 2515 217 2606 Appii
233 2539 349 2606 gener,
366 2516 455 2599 etQ.
470 2515 683 2598 Hortensius,
706 2517 760 2581 ille
776 2517 984 2600 adolescens,
1000 2519 1054 2583 hic
1070 2535 1188 2608 quarto

117 2635 154 2682 et
167 2617 363 2708 sexagesimo
376 2616 477 2682 aetatis
488 2638 594 2701 anuo,
609 2618 720 2705 paucis
731 2635 808 2683 ante
823 2637 964 2685 mortem
979 2619 1105 2684 diebus.
1119 2619 1151 2684 N
1152 2642 1189 2684 ee

116 2719 175 2784 illo
201 2720 307 2784 solum
325 2717 469 2800 judicio,
493 2715 551 2782 sed
575 2717 671 2782 etiam
696 2718 839 2784 ambitus
861 2738 974 2808 postea
998 2720 1187 2801 absolutus,

116 2843 290 2885 censuram
308 2819 415 2910 petiit,
435 2841 615 2908 censorque
628 2819 817 2912 designatus
831 2837 890 2887 est.

152 3033 274 3100 §XLII
283 3032 335 3083 Cic.
349 3026 381 3082 ad
392 3032 505 3091 Atticv,
520 3047 563 3092 ar,
573 3042 599 3082 et
609 3031 641 3081 ad
653 3032 737 3082 Famil.
750 3034 802 3091 111,
814 3047 858 3092 to,
869 3047 911 3090 11,
927 3048 971 3090 υς
985 3032 1105 3092 vu1,s;
1117 3029 1185 3082 idem

112 3119 143 3170 tn
156 3117 248 3178 nmio,
259 3133 314 3184 cap.
322 3123 365 3182 94.
378 3144 414 3156 -
423 3116 507 3183 Sigon.
517 3115 544 3165 in
557 3119 621 3166 Fut.
632 3116 739 3183 Capitol.
749 3143 784 3156 -
793 3115 864 3182 Piqb.
875 3117 942 3167 Anu.
