2875 4900
265 324 335 396 360
437 329 876 398 Jo.rnstnsauu11
907 323 1153 416 suessan.

263 469 385 536 nosque
398 449 474 512 alias
490 471 588 536 super
600 450 674 514 alias
691 449 882 514 excitabant.
897 448 997 514 Erant
1006 447 1071 527 jam
1084 448 1125 511 ab
1136 447 1233 512 initio
1250 449 1340 514 male

262 571 338 636 erga
351 549 524 614 Lucullum
538 551 646 614 affecti
661 551 800 633 milites,
818 549 908 638 quod
918 571 976 639 per
986 547 1065 612 duas
1082 549 1255 613 continuas
1267 550 1341 614 hie·

263 670 351 730 mes,
366 647 410 713 ad
426 651 580 738 Cyzicum
599 653 706 739 prius,
727 651 846 716 deinde
869 651 911 716 ad
927 650 1095 730 Amisum,
1113 651 1176 714 sub
1193 651 1339 739 pellibus

262 772 318 814 eos
340 751 523 816 attinuerat.
546 753 610 816 Sed
629 770 663 817 et
678 766 825 817 caeteram
850 751 996 816 militiam
1019 751 1066 814 sic
1080 767 1284 838 exegerant,
1300 766 1340 814 ut

263 867 319 914 aut
331 851 417 914 inter
429 853 539 916 hostes
551 869 635 916 esset
646 852 902 934 hibernandum,
915 867 973 916 aut
984 849 1047 914 sub
1060 849 1115 915 dio
1130 849 1337 916 tendendum

264 952 353 1040 apud
364 955 470 1018 socios
482 978 490 1018 ι
501 977 576 1018 nam
588 956 622 1018 in
637 953 795 1043 oppidum
806 977 946 1043 gtaecum
961 969 993 1017 et
1004 967 1151 1040 pacatum
1162 973 1338 1040 nunquam

265 1053 432 1120 hiemandi
447 1079 542 1120 causa
558 1057 736 1120 intulerant
753 1056 882 1144 pedem.

310 1155 443 1224 xcvlt.
467 1155 518 1221 Ad
534 1157 603 1221 haec
619 1157 721 1245 ipsius
737 1157 881 1238 Luculli,
896 1157 980 1220 inter
996 1154 1149 1218 maximas
1163 1155 1224 1218 viti
1238 1155 1340 1220 virtu·

264 1271 329 1329 tes,
346 1255 590 1322 desiderabatur
603 1259 754 1340 comitas,
770 1257 853 1323 adeo
875 1278 943 1320 non
962 1271 1071 1343 parata
1089 1255 1203 1344 vulgo,
1221 1272 1262 1320 ut
1277 1277 1340 1320 uec

265 1357 335 1443 pari
356 1357 490 1443 quidem
513 1357 668 1447 dignitate
688 1361 765 1424 vitis
786 1359 1012 1439 exhiberetur,
1031 1379 1115 1445 quos
1136 1355 1339 1444 despiciebat

265 1477 331 1542 prae
347 1480 400 1538 se,
416 1473 514 1545 atque
531 1460 769 1526 contemnebat.
786 1459 854 1524 Neo
873 1475 941 1523 erat
954 1458 1090 1524 omnino
1108 1459 1147 1522 ab
1160 1459 1291 1546 imperii
1306 1473 1339 1522 et

265 1558 410 1644 pecuniae
424 1559 599 1648 cupiditate
616 1561 781 1625 immunis.
802 1562 877 1624 Haec
892 1560 988 1624 etiam
1006 1559 1040 1622 in
1057 1559 1146 1622 Urbe
1162 1581 1181 1620 a
1194 1559 1339 1622 tribunis

266 1657 387 1744 plebis,
406 1676 438 1726 et
453 1662 489 1725 L.
508 1662 645 1742 Quintio
659 1678 814 1750 praetore,
831 1660 888 1748 qui
909 1676 941 1724 et
961 1659 1077 1748 ipsein
1094 1658 1266 1722 tribunatu
1282 1657 1338 1721 ad-

267 1777 411 1826 versatus
436 1763 573 1827 Lucullo
598 1766 722 1843 luerat,
747 1761 948 1826 taxabantur.
974 1761 1009 1824 A.
1033 1757 1190 1822 Gabinius
1213 1757 1254 1822 ad
1279 1781 1338 1822 au·

267 1861 406 1948 gendam
423 1863 595 1945 invidiam,
616 1865 723 1928 villam
738 1863 864 1926 Luculli
880 1861 999 1951 pictam
1013 1859 1191 1949 explicabat
1205 1859 1241 1922 in
1257 1883 1338 1924 con-

266 1962 436 2046 cionibus,
455 1967 523 2055 ipse
548 1987 624 2028 mox
645 1963 860 2028 aedificaturus
884 1965 981 2053 longe
1004 1962 1252 2052 pulchriorem:
1278 1984 1339 2025 neo

266 2080 342 2128 ante
358 2065 545 2147 desierunt,
561 2088 660 2155 quam
676 2067 805 2154 imperii
822 2065 1028 2130 diuturnitati
1045 2062 1181 2128 modum
1196 2078 1340 2126 statuen-

267 2166 348 2230 dum
369 2191 439 2233 esse
452 2170 576 2258 populo
579 2170 841 2272 persuasissent,
859 2168 993 2256 ejusque
1014 2167 1093 2230 scito
1105 2165 1277 2228 valerianae
1291 2167 1337 2229 le-

267 2267 399 2354 giones,
413 2270 505 2359 quod
514 2271 581 2351 jam
593 2270 762 2359 completis
776 2268 944 2358 stipendiis
961 2283 1086 2347 essent,
1107 2263 1229 2329 dimitti
1240 2265 1338 2347 jube·

268 2382 391 2437 rentur.
411 2371 474 2435 Sed
496 2373 577 2436 nihil
597 2394 690 2460 aeque
710 2371 828 2435 milites
848 2369 1001 2434 adversus
1019 2369 1248 2456 imperatorem
1270 2368 1339 2432 ani·

269 2470 384 2551 mavit,
401 2495 498 2559 quam
512 2473 548 2539 P.
563 2472 668 2537 Clodii
681 2496 864 2554 sermones,
876 2472 988 2551 jamin
1003 2470 1166 2535 Nisibenis
1178 2470 1337 2535 hibernis.

313 2570 459 2637 XCVIII.
488 2575 520 2636 Is
544 2575 653 2637 uxoris
677 2575 802 2638 Luculli
829 2576 927 2637 freter
947 2588 1034 2653 erat,
1059 2570 1203 2659 perditus
1226 2571 1338 2635 adole·

171 2743 176 2754 ι
268 2691 379 2754 scens,
406 2690 439 2736 et
461 2690 576 2761 praeter
597 2691 710 2738 caetera
737 2673 855 2763 flagitia
878 2675 1004 2738 incestu
1024 2694 1174 2737 sororum
1196 2672 1338 2737 infamis.

270 2770 397 2837 Idcirco
420 2774 489 2839 aliis
513 2799 547 2839 se
567 2776 721 2864 postponi
745 2776 906 2855 sentiens,
926 2796 1030 2862 quum
1052 2788 1135 2837 esset
1155 2774 1253 2860 primi
1276 2773 1338 2837 loci

271 2874 520 2962 cupidissimus,
544 2878 679 2958 milites,
702 2876 879 2965 praesertim
899 2873 1087 2939 fimbrianos
1103 2872 1192 2954 illos,
1204 2872 1338 2937 seditio·

268 2976 312 3039 sis
331 2978 466 3043 vocibus
488 2980 677 3069 instigabat,
693 2979 824 3041 illorum
844 2976 1008 3041 fortunam
1025 2998 1101 3039 cum
1115 2975 1183 3056 his,
1202 2976 1261 3063 qui
1277 2976 1337 3041 sub

269 3077 427 3166 Pompeio
441 3082 645 3163 militassent,
662 3082 854 3145 conferens:
871 3102 922 3143 eos
939 3077 1065 3144 Luculli
1075 3081 1189 3166 stipare
1203 3078 1336 3141 cainelos

269 3195 303 3244 et
317 3180 468 3269 phustra
479 3231 489 3264 ,
518 3187 640 3249 auratis
663 3184 888 3271 gemmatisque
916 3194 1028 3245 onusta
1049 3177 1200 3267 poculis3
1227 3194 1336 3243 cotnra

269 3280 477 3370 Pomptinum
492 3286 580 3348 domi
590 3307 663 3347 cum
679 3282 832 3351 uxoribus
848 3293 880 3345 et
894 3280 996 3345 liberis
1011 3282 1168 3369 copiosum
1183 3278 1336 3367 tranquil·

270 3379 397 3471 hasque
418 3389 519 3449 auam
540 3408 633 3475 ogere
644 3433 654 3465 ‚
666 3382 779 3471 finili
799 3406 880 3469 agro
906 3382 1062 3460 donatos,
1088 3378 1338 3467 quanquomalli

268 3508 368 3574 neque
379 3488 616 3568 Mithridatem,
629 3510 727 3576 neque
741 3486 910 3571 Tigranem
922 3487 955 3547 in
966 3480 1146 3548 solitudines
1156 3482 1258 3545 titulat
1270 3504 1338 3545 exe·

264 3592 382 3677 gt'ssent
391 3616 405 3671 ‚·
418 3592 475 3653 sed
489 3594 521 3655 in
538 3592 690 3678 Hispania
705 3610 779 3653 cum
797 3586 978 3663 exsulibus,
996 3588 1030 3648 in
1047 3582 1146 3648 Italia
1159 3604 1232 3647 curn
1248 3606 1336 3647 man·

271 3694 357 3782 ciniis
365 3692 545 3757 habuissent
557 3693 721 3779 nogentum.

303 3919 319 3984 s
330 3920 420 3969 xcvi.
430 3921 488 3969 nio.
499 3947 534 3956 —
545 3918 610 3967 rtur.
624 3945 660 3954 -
671 3917 688 3981 S
698 3918 804 3968 xcvu.
812 3916 877 3965 Vell.
887 3918 924 3977 II,
936 3916 976 3964 33.
984 3940 1019 3952 -
1028 3916 1080 3963 Cic.
1093 3928 1140 3979 pto
1154 3912 1246 3971 Sexto,
1257 3928 1279 3959 c.
1293 3912 1331 3967 tir

269 4015 295 4052 at
308 4004 420 4069 prolege
436 4002 525 4053 tuntt.
539 4018 562 4051 c.
581 4016 607 4063 9.
621 4027 656 4039 -
669 3999 737 4052 Plut.
755 4028 789 4037 -·
806 4000 864 4051 Dio.
879 4026 913 4037 -
929 3998 945 4063 s
960 3998 1078 4049 xcvnt.
1093 3996 1152 4047 Dio.
1174 4022 1210 4033 -
1227 3993 1292 4045 rtur.
1304 4020 1335 4033 -·

268 4086 322 4136 Cic.
330 4084 366 4133 'de
377 4087 484 4162 Hmsp
494 4088 569 4161 Καρ.
578 4101 601 4135 c.
612 4100 654 4143 ao,
