2875 4900
282 417 351 495 ab‘o
454 424 520 497 JO.
545 414 882 496 uufflusnurm
914 418 1159 493 SUPPLEM.

281 560 345 609 tem
359 565 564 637 occupasset,
583 569 602 611 a
615 546 803 611 Mithridate
818 546 948 635 pulsus,
964 566 1023 632 per
1036 544 1134 607 multa
1151 558 1338 607 transoensu

280 646 422 712 diflicilia
443 666 533 738 septa
554 648 793 712 chalcedonem
814 666 898 737 aegre
918 644 1056 734 refugit3
1079 642 1189 707 multis
1212 644 1247 706 in
1271 643 1338 731 ipsa

280 764 393 834 porta,
409 748 489 813 dum
502 748 638 813 conferti
652 762 887 839 perrumpunt,
901 746 973 811 telis
989 744 1202 808 Bar-berorum
1220 744 1339 807 onden-

282 848 379 913 tibus.
397 850 489 913 Metu
507 846 625 913 deiude
641 842 759 913 clausis
772 849 893 937 portis,
911 844 1028 911 Nudus
1045 844 1142 909 etalii
1157 844 1278 908 ducum
1293 845 1342 907 iu-

282 949 379 1012 nibus
393 948 546 1012 subducti
561 958 655 1028 sunt,
673 948 835 1037 reliquum
850 948 967 1037 tulgus
981 966 1083 1035 quum
1098 946 1176 1009 hinc
1189 944 1230 1009 ad
1245 968 1342 1027 suos,

281 1043 413 1112 indeed
428 1048 555 1112 hostem
573 1048 733 1139 supplices
753 1066 868 1114 manus
887 1046 1055 1130 tenderet,
1078 1068 1141 1111 nec
1160 1046 1249 1135 apud
1270 1046 1343 1111 illos

280 1146 416 1223 auxilio,
438 1170 499 1245 nep
515 1148 603 1236 apud
625 1148 715 1213 hunc
734 1146 952 1223 misericordia
972 1146 1123 1230 inventa,
1143 1146 1341 1212 trucidatum

282 1265 341 1313 est
362 1248 462 1313 lllillia
474 1250 620 1337 quinque
634 1266 815 1332 trecentos,
831 1248 909 1313 etin
923 1248 975 1313 his
988 1250 1024 1313 L.
1038 1248 1194 1313 Manlium
1212 1263 1344 1311 senato·

281 1370 367 1429 rem,
381 1370 418 1412 ea
430 1347 535 1413 clades
548 1350 743 1438 absumpsit}
759 1350 800 1416 de
811 1348 988 1415 victoribus
997 1390 1007 1430 ,
1016 1350 1254 1429 basternarum,
1264 1370 1346 1436 quo·

281 1466 354 1511 rum
373 1450 541 1539 singularis
560 1472 600 1515 eo
619 1432 731 1539 proelio
752 1453 854 1515 virtus
877 1450 958 1533 fuit,
979 1450 1129 1539 trigiam
1151 1464 1343 1513 ooeoerorum

281 1548 555 1639 ard-septingentos
568 1552 764 1616 ceciderunt.
1096 1552 1099 1557 ’

324 1649 459 1717 ΧΧἮῙ.
481 1646 684 1716 Mithridates
710 1644 871 1716 utendum
897 1648 1052 1729 fortuna,
1080 1650 1185 1714 donec
1204 1649 1344 1738 propitia

281 1766 382 1832 esset,
399 1766 508 1834 ratus,
536 1752 652 1817 eodem
672 1752 725 1816 die
750 1754 882 1817 classem
908 1752 949 1817 ad
973 1768 1104 1841 portum
1129 1750 1346 1815 Chalcedonis

281 1850 434 1933 adduxit,
449 1866 668 1942 perruptaque
685 1868 797 1918 catena
811 1854 929 1935 ferrea,
943 1876 1041 1942 quam
1058 1854 1171 1917 consul
1188 1852 1346 1941 praetendi

279 1954 439 2035 jusserat,
455 1954 599 2042 praelium
626 1954 737 2018 natale
761 1954 943 2037 commisit,
962 1974 1002 2018 eo
1023 1974 1191 2033 successu,
1207 1968 1264 2033 ut,
1283 1952 1346 2016 ho-

283 2055 381 2117 stium
396 2070 472 2118 octo
489 2053 556 2117 fere
570 2052 713 2118 millibus
725 2054 926 2143 interemptis
939 2100 948 2137 ,
962 2070 1103 2143 quatuor
1115 2072 1211 2117 nares
1224 2053 1347 2133 injecto

284 2155 360 2242 igne
374 2170 597 2235 consumeret,
611 2156 750 2243 reliquas
765 2156 945 2247 sexaginta,
959 2176 1033 2221 cum
1045 2157 1189 2219 virorum
1202 2170 1349 2243 quatuor

284 2255 428 2319 millibus
447 2256 632 2344 quingentis
657 2270 785 2345 captes,
807 2258 952 2322 remulco
970 2256 1110 2321 traheret
1126 2254 1167 2319 ad
1185 2276 1243 2318 sua
1259 2278 1348 2343 prae·

284 2356 386 2436 sidia;
410 2378 516 2444 neque
535 2356 635 2422 Nudo
653 2358 757 2440 ultra,
776 2378 882 2445 neque
905 2358 1000 2422 Cotta
1018 2348 1271 2437 obsistentibus,
1287 2358 1349 2445 qui

284 2453 386 2522 muris
403 2457 516 2547 oppidi
532 2479 567 2523 se
581 2459 790 2525 incluserant.
812 2461 888 2524 llaec
902 2457 1022 2549 duplex
1036 2471 1121 2522 terra
1137 2457 1284 2545 marique
1299 2461 1352 2523 vi-

283 2559 401 2642 ctoria,
414 2559 624 2624 vehementer
635 2577 669 2625 et
682 2583 761 2649 opes
775 2559 988 2641 Mithridatis,
1005 2570 1038 2623 et
1051 2577 1170 2623 nomen
1183 2558 1283 2622 auxit.
1296 2559 1351 2623 Eo

284 2677 431 2746 tempore
446 2659 529 2724 circa
548 2661 737 2749 Sangarium
756 2682 885 2725 amnem
901 2673 1002 2724 castra
1021 2657 1175 2724 Lucullus
1194 2655 1351 2724 habehat.

284 2761 316 2823 ls
331 2759 446 2848 igitur,
462 2759 593 2849 cognita
609 2758 738 2849 collegae
754 2761 949 2840 calamitate,
964 2759 1148 2848 perculsum
1169 2760 1352 2824 exercitum

284 2859 490 2940 cohortams,
505 2860 654 2946 protinus
669 2881 781 2924 versus
796 2859 1032 2924 Chalcedonem
1047 2873 1150 2924 (astla
1166 2859 1279 2924 movit.

327 2958 482 3024 xxvm.
505 2958 583 3024 Erat
602 2960 689 3048 apud
707 2983 784 3026 eunt
805 2959 997 3043 Archelaus,
1013 2959 1070 3049 qui
1091 2979 1198 3048 nuper
1212 2959 1252 3024 ad
1268 2959 1354 3025 Mu·

286 3080 405 3124 raenam
422 3083 442 3124 a
461 3059 648 3126 Mithridate
663 3063 895 3151 transfugerat,
911 3059 1148 3148 monebatque,
1166 3069 1219 3140 ut,
1236 3063 1356 3126 omisso

226 3242 231 3250 .
286 3183 374 3246 rege,
386 3161 531 3248 protinus
541 3163 575 3224 in
584 3163 721 3227 Pontum
732 3164 914 3250 irrumperet
917 3185 931 3242 ;
942 3161 990 3224 od
998 3173 1192 3250 conspectum
1202 3161 1268 3250 q'us
1281 3183 1356 3226 om-

286 3264 341 3324 nio
357 3259 528 3343 ddeeturo.
549 3261 588 3324 ln
604 3263 689 3327 hanc
703 3263 894 3327 sententiam
913 3261 1008 3352 proni
1023 3261 1140 3326 milites
1153 3277 1265 3344 erant,
1284 3287 1357 3327 non

285 3363 412 3424 erectori
421 3371 545 3425 matun
552 3362 866 3451 peritommfuisse
882 3362 981 3429 cone
994 3365 1194 3427 temptarem
1206 3362 1358 3430 fremen-

288 3479 355 3542 tes,
365 3461 615 3551 sedsibiquoque
625 3463 903 3553 detnirzeotosore,
921 3467 949 3529 si
959 3463 1090 3544 omisso,
1107 3463 1361 3552 quamfiirtuno

282 3557 498 3652 patefecisset,
515 3577 677 3628 tantorum
692 3585 795 3630 rerum
812 3569 992 3646 occasione,
1016 3565 1064 3629 ad
1082 3565 1173 3630 illum
1192 3567 1362 3633 obsidione

288 3649 485 3726 liberandum
506 3678 606 3728 eatur.
626 3665 731 3752 Igitur
753 3687 813 3755 pro
835 3667 992 3730 concione
1011 3669 1180 3754 praefatus,
1201 3689 1362 3734 uniones

288 3783 408 3828 servare
427 3766 522 3826 civem
541 3763 638 3827 molle
645 3811 655 3844 ,
673 3787 772 3852 quom
790 3767 930 3831 omnibus
945 3766 1080 3831 hostium
1080 3765 1228 3854 fortunis
1232 3772 1345 3856 potiri
1348 3817 1360 3850 ,

323 3990 340 4057 s
358 3964 454 4041 rivi.
471 3985 594 4041 eluunt.
613 4017 648 4030 -
665 3993 774 4058 appan.
790 4023 824 4034 .-
840 3987 966 4044 hemma
984 4021 1020 4034 -
1035 3989 1051 4060 ς
1066 3995 1177 4044 xxvu.
1192 3993 1308 4060 appan
1324 4027 1364 4037 -

290 4075 416 4124 Memnon.
434 4103 471 4114 -
488 4079 541 4128 cic.
555 4093 603 4142 pro
615 4079 742 4138 limena,
756 4095 811 4143 cap.
827 4079 865 4130 ri.
879 4105 914 4117 -
927 4079 1051 4131 Plutetolt.
1066 4107 1100 4119 -
1116 4079 1214 4130 &llus
1226 4080 1296 4129 nin.
1311 4083 1365 4140 w.

288 4151 316 4210 ln
329 4160 401 4228 epist·
409 4159 522 4212 Miseria.
535 4185 570 4198 ——
578 4161 632 4208 liv.
642 4162 707 4233 Epir.
