2875 4900
323 373 375 440 IN
407 371 517 439 LOC.
545 372 639 438 LIB.
668 371 736 439 CX
767 372 982 440 LIVIANI.
1120 373 1191 472 687

162 489 252 558 XXI.
273 491 331 556 His
351 490 393 555 ad
414 490 554 556 Ilerdam
578 491 755 574 nuntiatis,
774 491 833 555 ubi
847 491 914 570 jam
930 506 1067 579 pontem
1088 495 1196 561 Caesar

115 595 286 677 effecerat,
309 593 419 657 omnia
441 610 576 683 repente
599 609 791 658 mutantur:
814 593 926 657 hostes
942 615 983 656 ex
998 596 1137 660 maxima
1154 598 1195 662 fi-

114 696 212 762 ducia
232 696 465 759 inmaximum
488 711 613 760 metum
635 696 791 776 veniunt,
814 695 945 760 Caesaris
970 718 1022 760 res
1038 700 1194 764 omnibus

115 798 224 863 modis
241 798 326 862 fiunt
342 799 535 886 superiores.
552 798 658 887 Igitur
676 798 802 886 aliquot
822 798 1043 886 Hispanorum
1060 803 1195 890 populi,

115 903 174 990 qui
198 900 466 990 pompeianarum
488 899 631 988 partium
653 889 782 988 semper
803 898 950 979 fuerant,
974 897 1016 964 ad
1036 902 1195 967 Caesarem

115 999 318 1066 defecerunt.
334 1002 510 1081 Oscenses,
530 999 630 1064 ethis
649 999 831 1065 contributi
846 1000 1096 1089 Calagurritani,
1113 1006 1195 1068 Tar-

114 1124 331 1184 raconenses,
352 1101 512 1182 Iacetani,
534 1103 708 1182 Ausetani,
728 1102 1029 1192 Illurgavonenses,
1046 1105 1196 1193 quinque

115 1227 242 1293 magnae
259 1204 413 1268 civitates.
431 1203 483 1268 Ab
503 1203 554 1268 his
577 1205 747 1268 frumento
767 1204 896 1285 adjutus
914 1207 1035 1286 Caesar,
1055 1205 1197 1272 difficul-

115 1323 199 1370 tates
225 1328 340 1370 omnes
361 1306 498 1394 pulchre
522 1306 685 1394 explicat:
709 1306 829 1394 quibus
857 1307 956 1372 rebus
981 1311 1122 1398 permoti
1143 1309 1198 1376 alii

113 1407 233 1495 populi
248 1407 379 1496 longius
398 1407 594 1488 colentium,
617 1421 649 1470 et
670 1407 748 1496 quia
770 1407 887 1472 falsum
912 1409 1012 1474 fuisse
1029 1434 1197 1476 rumorem

114 1507 312 1598 apparebat,
328 1508 524 1597 Pompeium
540 1531 616 1572 cum
629 1508 813 1598 legionibus
830 1531 890 1596 per
903 1509 1130 1576 Mauritaniam
1143 1534 1198 1576 ve·

115 1611 209 1694 nire,
222 1611 264 1676 ad
276 1612 410 1676 Caesaris
425 1611 599 1676 amicitiam
611 1633 646 1674 se
661 1610 905 1676 transtuIerunt
923 1609 1107 1676 Perterritis
1119 1613 1199 1679 binc

114 1711 307 1776 adversariis
325 1727 364 1776 ut
379 1712 484 1776 acrius
505 1712 640 1776 instaret
660 1712 784 1793 Caesar,
799 1711 902 1775 fossas
921 1711 1043 1799 pedum
1064 1713 1197 1803 triginta

114 1811 239 1876 ducere
263 1811 423 1894 instituit,
446 1812 567 1901 quibus
589 1835 664 1902 pars
684 1813 792 1902 aliqua
813 1809 958 1876 fluminis
976 1831 1197 1900 averteretur3

114 1936 186 2002 quo
201 1912 286 1978 vado
305 1914 433 1978 transiri
451 1928 577 2002 posset,
601 1935 709 2002 neque
724 1913 825 2002 longo
841 1913 1016 1978 circumitu
1033 1937 1093 2004 per
1110 1939 1198 2005 pon·

116 2031 185 2080 tem
204 2014 446 2080 transmittendi
465 2016 591 2104 equites
607 2017 726 2079 forent.

162 2117 272 2182 XXII.
295 2119 368 2182 Hoc
390 2137 489 2206 opere
509 2138 612 2205 prope
638 2116 810 2197 confecto,
828 2115 979 2182 Afranius
998 2133 1031 2181 et
1049 2118 1196 2184 Petreius

115 2219 292 2301 timentes,
311 2241 353 2282 ne
369 2217 542 2308 praevalido
564 2218 698 2282 Caesaris
718 2220 867 2306 equitatu
882 2221 1013 2308 penitus
1030 2221 1197 2286 frumento

114 2319 307 2408 pabuloque
323 2317 637 2398 intercluderentur,
655 2319 778 2384 bellum
794 2317 835 2384 ad
856 2319 990 2384 Iberum
1007 2318 1143 2384 fluvium
1160 2321 1196 2384 iu

116 2422 327 2489 Celtiberiam
344 2421 518 2487 transferre
531 2436 689 2486 statuunt.
705 2420 811 2512 Igitur
824 2419 866 2485 ad
880 2422 1090 2511 Octogesam,
1105 2420 1198 2511 quod

115 2524 161 2591 ad
174 2526 307 2589 Iberum
323 2522 564 2613 estoppidum,
577 2539 712 2612 pontem
726 2523 795 2587 fieri
807 2524 986 2612 imperant3
999 2524 1197 2614 legionibus·

115 2650 185 2716 que
201 2626 330 2691 duabus
346 2626 483 2691 Sicorim
505 2624 721 2707 transductis,
737 2642 840 2689 castra
861 2626 1027 2690 muniunt.
1045 2626 1122 2690 Haec
1138 2626 1197 2689 ubi

116 2743 198 2793 sunt
211 2728 327 2793 Caesari
341 2750 400 2816 per
413 2728 631 2821 exploratores
647 2726 797 2815 cognita,
810 2743 924 2791 noctes
939 2726 1072 2815 diesque
1084 2727 1196 2793 labore

93 2864 97 2871 ·
115 2829 313 2895 continuato
325 2849 364 2893 eo
380 2851 450 2892 rem
466 2828 616 2911 deducit,
633 2844 670 2893 ut
682 2828 768 2911 jam,
784 2829 859 2893 licet
877 2850 982 2918 tegre,
997 2844 1132 2917 possent
1147 2844 1197 2893 ta-

115 2950 195 2993 men
218 2946 316 3018 atque
342 2928 500 2993 auderent
527 2930 652 3017 equites
676 2930 746 3010 ejus
772 2928 896 2994 llumen
921 2930 1068 2994 transire.
1090 2931 1197 3019 Igitur

115 3032 249 3109 hostes,
265 3030 488 3096 festinandum
504 3032 581 3113 rati,
598 3030 749 3121 praesidio
766 3030 880 3095 Ilerdae
897 3030 1071 3119 imposito,
1088 3032 1196 3095 omni·

115 3134 182 3197 bus
196 3133 296 3223 copiis
313 3134 450 3199 Sicorim
467 3148 654 3213 transeunt,
673 3148 706 3197 et
724 3155 759 3196 se
775 3155 852 3197 cum
868 3132 1041 3221 praemissis
1055 3132 1194 3222 legoni-

115 3237 181 3300 bus
189 3236 406 3325 conjungunt.
415 3234 672 3323 Caesarlegiones
681 3228 933 3299 immittereuon
943 3248 1194 3321 poterat,amne

116 3338 330 3426 interposit03
347 3353 379 3401 et
398 3338 425 3401 si
447 3358 506 3425 per
520 3351 657 3426 pontem
678 3334 830 3416 duceret,
854 3335 977 3397 interea
992 3332 1103 3397 hostes
1121 3355 1195 3398 eva·

116 3438 260 3520 debant,
287 3462 354 3503 non
378 3438 517 3526 amplius
542 3436 656 3526 viginti
682 3458 839 3525 passuum
866 3434 1010 3499 millibus
1033 3433 1193 3517 distante,

117 3560 221 3628 quam
237 3539 410 3628 petebant,
430 3539 605 3627 Octogesa,
623 3560 695 3626 quae
718 3534 835 3601 confici
855 3536 897 3601 ab
917 3537 1061 3605 exercitu
1077 3536 1193 3601 eodem

117 3640 173 3706 die
187 3656 348 3729 poterant.

163 3742 289 3807 XXIII.
302 3742 425 3832 Igitur,
440 3740 531 3829 quod
543 3741 651 3807 solum
667 3756 735 3805 erat
750 3740 933 3829 reliquum,
948 3741 1075 3829 equites
1090 3756 1195 3804 trans·

118 3846 185 3925 ire,
201 3861 235 3910 et
249 3846 368 3911 morari
384 3867 500 3936 agmen
515 3846 619 3927 jubet.
640 3846 701 3927 Hi,
721 3844 910 3909 transmisso
929 3842 1081 3924 flumine,
1100 3864 1193 3906 com·

156 4063 172 4130 s
189 4066 262 4113 XXI.
276 4065 335 4114 Dio.
352 4092 388 4105 -
405 4066 499 4113 Lucan.
515 4066 559 4114 1v.
581 4090 614 4101 -
631 4064 741 4129 Appian.
759 4090 796 4099 -
813 4062 877 4109 Flor.
898 4088 932 4099 ·-
952 4060 1078 4109 Plutarch.
1092 4059 1118 4107 in
1132 4062 1194 4109 eas.

119 4178 156 4187 -
165 4151 238 4200 Oros.
247 4176 282 4187 -
292 4150 346 4198 Iit.
358 4148 424 4214 Epit.
