2875 4900
288 391 336 482 qd
465 388 534 455 JO.
563 388 905 457 FREINSHEMII
936 390 1185 460 SUPPLEM.

291 511 523 589 devastantem,
536 508 646 571 multis
659 507 875 571 Barbarorum
888 510 1027 590 necatis,
1039 512 1271 576 sauciaverunt.
1284 512 1363 577 Inde

290 635 393 700 quum
422 610 564 675 maximo
591 610 735 673 exercitu
763 609 975 675 circumsessa
1000 628 1255 701 oppugnataque
1284 614 1364 677 urbs

288 734 405 776 eorum
419 734 438 775 a
451 709 677 774 mithridaticis
693 711 888 799 praetoribus
904 728 1004 793 esset,
1022 735 1150 777 summa
1165 714 1288 779 virtute
1304 714 1363 779 de·

288 816 379 878 sensa
395 828 454 877 est.
954 890 957 895 ‚

332 916 449 980 XLIX.
472 916 511 977 ln
531 912 669 977 Thracia
691 928 790 999 atque
812 913 1005 979 Macedonia
1027 916 1232 1004 prosperiora
1252 919 1363 981 omnia

287 1018 384 1105 regiis
402 1030 503 1079 erant.
519 1013 677 1094 Thraces,
695 1012 895 1078 Mithridatis
908 1032 1015 1103 partes
1030 1018 1179 1103 sequuti,
1196 1017 1280 1082 duce
1294 1020 1363 1083 lilio

288 1119 372 1207 regis
386 1116 554 1196 Arcathia,
569 1113 687 1179 deinde
703 1116 924 1181 Dromichaete
938 1118 1018 1205 regii
1034 1119 1203 1207 sanguinis
1217 1121 1362 1203 Thrace,

287 1234 379 1307 capta
390 1218 594 1307 Amphipoli,
608 1218 794 1280 numerosis
804 1218 990 1307 agminibus
1001 1218 1227 1285 Macedoniam
1239 1239 1273 1286 et
1284 1246 1364 1311 pro-

288 1320 427 1408 pinquas
442 1318 488 1383 llli
505 1318 654 1407 regiones
672 1319 867 1383 invaserant.
882 1321 1010 1383 Horum
1026 1320 1271 1387 incursionibus
1282 1326 1364 1413 Epi·

288 1443 345 1484 rus
366 1420 540 1507 etreliqua
561 1418 736 1483 Dodonam
758 1440 865 1509 usque
886 1419 1003 1485 afflicta
1022 1440 1117 1505 sunt;
1143 1425 1251 1511 ipsum
1272 1427 1363 1491 Jovis

287 1521 447 1586 Dodonaei
458 1522 617 1609 templum
632 1520 801 1609 sacrilegas
814 1545 928 1587 eorum
942 1546 1058 1588 manus
1071 1548 1137 1588 non
1153 1527 1277 1616 effugit.
1288 1530 1365 1593 Del·

288 1622 422 1711 phicum
445 1643 579 1709 quoque
603 1622 796 1703 delubrum,
819 1637 995 1711 postquam
1012 1626 1253 1713 antiquioribus
1275 1646 1363 1695 tem·

286 1726 422 1811 poribus
447 1725 497 1789 bis
523 1726 696 1789 incensum
722 1726 856 1807 fuisset,
881 1742 952 1789 tum
980 1729 1112 1791 tertium
1138 1730 1362 1795 a'llrracibus

287 1824 523 1890 inflammatum
541 1842 600 1889 est.

330 1929 365 1993 L.
384 1929 426 1991 lis
444 1944 519 2017 post
538 1928 696 1991 Arcathiae
716 1944 858 1991 mortem
873 1929 999 1993 Taxiles
1017 1954 1095 1995 cum
1118 1933 1255 2019 imperio
1274 1957 1362 2022 prae·

285 2046 370 2111 erat,
389 2031 464 2117 qui,
482 2029 733 2093 Atheniensium
753 2028 926 2093 obsidione
941 2029 1069 2113 audita,
1093 2056 1198 2120 quum
1213 2035 1361 2099 Elateam

286 2131 438 2196 Phocidis
454 2131 571 2194 urbem
593 2128 855 2210 circumsideret,
873 2131 983 2217 copias
999 2132 1033 2195 in
1053 2135 1192 2197 Atticam
1205 2136 1362 2199 transdu-

285 2256 359 2299 cere
373 2234 525 2297 instituit.
544 2231 692 2296 Habebat
710 2246 819 2294 autem
840 2231 903 2295 sub
922 2232 1022 2319 signis
1042 2251 1175 2299 centum
1191 2235 1362 2323 peditum,

285 2335 398 2401 decem
414 2335 563 2421 equitum
573 2334 689 2413 millia,
704 2356 780 2395 cum
793 2334 972 2421 nonaginta
983 2335 1135 2400 curribus
1145 2337 1287 2416 falcatis;
1302 2361 1364 2427 per

284 2461 319 2502 se
337 2436 456 2501 validas
478 2435 519 2500 ad
542 2435 713 2524 quodlibet
735 2435 857 2498 bellum
877 2436 979 2512 vires,
1004 2435 1127 2500 nedum
1150 2438 1177 2501 si
1199 2440 1363 2505 Archelao

282 2540 486 2628 jungeretur.
503 2539 580 2620 Quo
598 2539 708 2601 minus
722 2536 996 2602 committendum
1010 2538 1099 2604 Sulla
1112 2557 1216 2622 ratus,
1231 2559 1270 2606 ut
1283 2561 1362 2630 post
1381 2534 1384 2543 ’

283 2656 409 2729 captam
424 2640 560 2718 urbem,
574 2637 615 2704 ad
629 2639 770 2726 reliquas
784 2638 985 2702 munitiones
999 2655 1128 2728 tempus
1144 2659 1281 2723 tereret,
1299 2643 1363 2707 ob·

283 2741 402 2806 sidioni
419 2741 500 2804 arcis
514 2740 690 2804 Curionem
710 2740 875 2828 praefecit:
899 2739 1057 2805 Piraeeum
1079 2744 1215 2807 summis
1231 2745 1362 2810 viribus

282 2844 500 2934 oppugnavit3
519 2865 626 2929 neque
640 2842 730 2930 prius
747 2841 889 2922 destitit,
905 2863 1024 2928 quarn,
1041 2846 1177 2932 repulsis
1195 2848 1362 2911 continuo

282 2948 423 3011 telorum
449 2944 553 3008 imbre
580 2945 901 3032 propugnatoribus,
927 2945 1013 3008 muri
1040 2948 1179 3010 recentis
1209 2948 1359 3014 lunatam

280 3063 407 3135 partem
421 3045 627 3109 convelleret.
1201 3112 1204 3116 A

273 3149 276 3154 “
325 3149 377 3213 Ll.
392 3147 456 3212 Sed
473 3169 548 3211 cum
564 3161 676 3235 optato
692 3147 812 3210 laboris
826 3165 962 3226 eventu,
978 3170 1045 3210 non
1060 3149 1169 3212 statim
1182 3152 1360 3236 praernium

202 3317 206 3320 ,
280 3252 378 3314 etiam
390 3266 555 3338 speratum
566 3248 671 3312 afluit.
689 3249 820 3338 Quippe
834 3249 1022 3313 interiorem
1034 3271 1167 3312 murum
1179 3250 1362 3318 Archelaus

280 3366 459 3431 struxerat3
474 3366 522 3430 et,
538 3351 630 3436 quasi
648 3350 732 3412 nihil
751 3349 832 3414 dum
850 3367 959 3414 actum
977 3351 1079 3431 foret,
1098 3351 1271 3416 subeunda
1288 3375 1362 3420 erat

279 3455 404 3540 integra
422 3452 677 3539 oppugnationis
694 3451 782 3514 alea:
798 3474 906 3539 neque
924 3452 988 3516 hoc
1004 3453 1104 3516 semel
1117 3470 1216 3540 atque
1233 3454 1361 3521 iterum

279 3555 400 3619 factum
420 3573 490 3616 esse
511 3550 649 3634 dicitur,
667 3551 726 3616 sed
743 3574 781 3614 ea
798 3553 899 3616 fuisse
915 3554 1064 3640 utrisque
1082 3552 1281 3618 defendendi
1298 3580 1362 3620 ex-

278 3651 512 3744 pugnandique
527 3651 748 3733 contumacia,
767 3669 804 3716 ut
817 3675 873 3718 sex
889 3655 1078 3742 etamplius
1097 3657 1184 3720 muri
1201 3679 1362 3744 perrum-

200 3801 207 3813 .
277 3753 378 3844 pendi
392 3751 547 3816 Romanis
563 3767 638 3816 ante
653 3753 784 3842 plenam
799 3755 967 3820 victoriam
983 3755 1117 3820 fuerint.

312 3913 329 3980 ς
351 3913 468 3962 xtv111.
494 3915 595 3961 Pausau.
618 3913 661 3962 lib.
683 3916 703 3961 1.
723 3943 760 3951 -
777 3917 830 3964 le.
855 3917 921 3980 Epir.
942 3943 978 3952 -·
993 3919 1053 3964 Tac.
1076 3917 1166 3964 Annal.
1187 3920 1238 3976 111,
1258 3921 1303 3966 62.
1320 3947 1363 3958 —

277 4000 406 4048 Memnon.
422 4022 456 4032 -
472 3996 521 4044 Dio
538 3997 604 4061 apud
621 3998 703 4046 Vales.
725 4027 760 4035 -
780 4001 904 4047 Plutarch.
922 4028 957 4036 —
975 4003 1078 4049 Psusan.
1095 4029 1127 4038 -
1143 4002 1159 4066 §
1175 4004 1203 4050 L.
1220 4003 1286 4051 Flor.
1301 4007 1365 4064 ΙΙΙ,

280 4085 303 4129 5.
323 4109 358 4118 —
373 4081 503 4138 omsvl,
525 4097 551 4128 a.
568 4109 602 4118 —-
624 4083 731 4146 Appiam
751 4082 865 4130 Mithrid.
884 4110 920 4120 -
936 4083 1059 4132 Plutarch.
1073 4112 1113 4152 -ἡ
1126 4085 1190 4133 ΡΙίιι.
1208 4111 1244 4122 —-
1262 4089 1362 4138 Euoeb.

277 4181 434 4234 upanspsos.
448 4165 490 4212 81.
