2875 4900
248 369 299 438 IN
328 367 439 437 LOC.
466 369 559 436 LIB.
587 369 732 436 LXXX
761 370 974 440 LIVIANI.
1097 371 1139 442 (it

98 489 164 554 situs
184 489 223 572 Q.
240 489 388 554 Metellus
407 505 508 571 esset,
524 491 562 554 A.
573 490 721 554 Plautius
741 513 818 554 cum
844 473 988 557 exercitis
1009 515 1146 582 oppres·

99 613 144 654 sus
159 607 213 654 est.

132 691 182 755 IV.
206 693 292 756 Inter
316 691 386 754 brec
403 691 526 779 Appius
545 690 702 754 Claudius
725 691 878 755 tribunus
908 691 1064 773 militum,
1087 695 1146 779 qui

97 791 226 856 laniendo
241 806 393 878 preerat,
411 807 448 854 nt
460 791 565 855 Mario
576 789 743 871 beneficii,
760 792 871 856 nescio
885 791 994 872 cnjus,
1011 792 1145 880 gratiam

96 891 229 972 referret,
247 891 331 956 circa
347 890 530 956 diluculum
550 892 742 980 semiaperta
756 908 850 979 porta
865 917 943 958 eum
959 895 1145 958 intromisit.

97 992 186 1055 Cinna
208 1014 339 1080 quoque
362 1015 437 1056 cum
462 1009 554 1080 parte
577 992 737 1058 exercitus
759 993 871 1058 eadem
894 995 1059 1084 ingressus
1080 1011 1145 1075 est,

96 1095 250 1182 statimque
266 1094 307 1157 ad
325 1110 426 1180 captae
441 1094 539 1158 Urbis
557 1115 724 1158 rumorem
740 1095 900 1158 Sertorius
920 1112 953 1159 et
969 1095 1077 1160 Carbo
1091 1119 1146 1160 ac·

96 1211 260 1258 cturerunt
281 1192 346 1258 Sed
363 1194 497 1258 Octavio
520 1196 671 1277 consule,
693 1211 727 1259 et
746 1198 806 1259 Cn.
820 1196 978 1284 Pompeio
999 1198 1147 1262 celeriter

95 1318 169 1360 arma
184 1295 444 1384 opponentibus,
465 1295 573 1359 locum
593 1311 703 1360 tenere
721 1318 788 1358 non
805 1311 995 1382 potuerunt.
1013 1297 1144 1360 Circum

95 1396 151 1460 boc
163 1411 306 1486 tempora
320 1395 433 1460 Cinnoe
448 1396 573 1461 insidiis
587 1398 709 1484 petitus
726 1399 786 1460 Cn.
798 1397 991 1484 Pompeius,
1008 1398 1144 1461 oonsilio

94 1498 290 1562 adolescentis
301 1496 368 1579 filii,
379 1520 476 1585 quern
488 1515 601 1586 postea
610 1497 767 1588 Magnum
778 1513 937 1562 terrarum
947 1498 1036 1562 orbis
1047 1521 1146 1588 agno·

95 1599 144 1680 rit,
156 1615 202 1664 est
213 1617 432 1664 conservatus.
447 1601 494 1680 ls,
508 1623 526 1662 a
538 1598 621 1663 virili
637 1615 710 1688 toga
724 1598 916 1662 commilitio
927 1599 1028 1686 panis
1041 1621 1147 1664 assue-

95 1717 153 1780 tus,
167 1701 433 1766 contubernalem
449 1702 485 1764 L.
497 1699 688 1764 Terentium
706 1698 864 1778 habebat,
883 1719 951 1784 quo
966 1699 1143 1784 plurimum

95 1818 120 1865 et
135 1802 375 1866 familiarissime
397 1801 549 1866 utebatur
568 1824 576 1864 :
597 1799 654 1865 sed
672 1815 846 1888 corruptus
862 1823 880 1862 a
898 1800 1004 1864 Cinna
1020 1802 1144 1865 Teren·

95 1901 146 1964 tius
166 1903 209 1966 ita
231 1917 338 1990 partes
360 1923 436 1964 cum
459 1901 554 1966 sociis
580 1899 749 1981 diviserat,
771 1917 809 1966 ut
830 1901 876 1964 illi
900 1901 1144 1966 tabernaculum

94 2001 172 2066 ducis
185 2002 414 2082 incenderent,
431 2003 484 2066 bic
498 2024 556 2091 per
573 2001 704 2066 insidias
720 2002 847 2066 tolleret
858 2002 1062 2088 Pompeium.

129 2103 163 2166 V.
180 2104 260 2167 Tam
274 2103 393 2166 atrocis
408 2103 568 2190 propositi
584 2102 742 2167 indicium
758 2103 898 2166 coenanti
915 2103 1074 2190 Pompeio
1090 2102 1146 2166 de·

95 2201 179 2272 litum
191 2220 258 2270 est:
274 2227 341 2291 quo
358 2203 576 2284 dissimulato,
590 2203 778 2268 adolescens
790 2202 924 2266 hilarius
938 2202 1035 2264 etiam
1049 2202 1146 2266 solito

95 2301 178 2385 bibit,
194 2321 317 2369 etcum
332 2304 505 2384 Terentio,
524 2327 590 2390 qua
606 2303 747 2385 solebat,
764 2303 917 2368 comitate
933 2324 1028 2392 agere
1041 2325 1148 2390 perse·

94 2407 207 2472 remvit.
225 2405 352 2471 Deinde
366 2405 553 2471 cubiculum
568 2406 749 2494 ingressus,
763 2405 820 2469 ubi
833 2404 1056 2494 proditoribus
1069 2406 1146 2471 satis

94 2530 269 2593 persumm
289 2529 375 2589 esse,
393 2506 483 2594 quod
501 2506 645 2587 volebat,
665 2522 793 2582 censet,
809 2506 892 2569 clam
909 2505 1062 2569 subducit
1077 2528 1146 2570 sea

95 2608 306 2689 tabernaculo,
328 2607 484 2695 firmaque
504 2608 588 2695 patri
612 2607 841 2695 circumposita
860 2605 1025 2687 custodia,
1044 2630 1145 2671 even·

95 2720 152 2771 tum
174 2710 303 2797 quietus
328 2724 500 2795 exspectat.
523 2710 650 2773 Interea
673 2708 866 2788 Terentius,
893 2708 1085 2796 Pompeium
1109 2709 1142 2770 in

95 2809 193 2875 eodem
203 2810 422 2875 contubernio
430 2808 573 2875 dormire
583 2826 713 2898 putans,
724 2810 807 2873 clam
819 2809 945 2874 ecubili
953 2809 1068 2897 surgit,
1078 2830 1147 2871 oor·

95 2926 235 3000 reptoque
247 2910 356 3002 gladio
370 2910 488 2975 lectum
504 2910 651 2998 Pompeii
665 2910 808 2997 repetitis
820 2909 938 2973 ictibus
953 2906 1109 2971 confodit
1205 2926 1208 2931 ·

129 3012 177 3077 Vl.
192 3012 279 3076 Hinc
294 3026 368 3075 orto
386 3011 548 3091 tumultu,
569 3032 685 3100 magna
702 3010 923 3073 consternatio
945 3008 1076 3071 incessit
1091 3031 1146 3071 co·

93 3112 165 3196 pias,
177 3114 254 3177 odio
266 3112 376 3193 ducis,
391 3129 424 3177 et
433 3111 475 3176 ad
486 3111 703 3177 defectionem
714 3111 828 3200 pronis
838 3109 972 3189 animis,
984 3107 1025 3171 ad
1036 3131 1147 3196 quam·

94 3210 159 3277 libet
178 3214 383 3279 occasionem
410 3213 546 3277 mobiles
568 3212 728 3300 :jamque
752 3209 850 3305 diripi
877 3209 1036 3291 tentoria,
1060 3210 1145 3275 suml

95 3332 168 3377 arma
183 3330 366 3403 coeperant;
385 3334 492 3401 neque
514 3313 691 3401 proconsul
714 3312 843 3376 obviam
864 3311 951 3391 ibat,
970 3311 1089 3377 offerre
1111 3336 1147 3378 se

96 3414 357 3479 tumultuantibus
378 3436 445 3477 non
468 3436 566 3477 ausus
584 3436 592 3477 ε
609 3412 797 3478 adolescens
815 3412 1008 3499 Pompeius,
1031 3413 1146 3479 mediis

95 3516 263 3601 agminibus
283 3515 465 3597 immixtus,
489 3512 712 3603 prehendebat
731 3514 868 3593 milites,
891 3512 1149 3599 lacrymabatur,

95 3616 299 3703 supplicabat:
312 3630 494 3703 postremo,
505 3614 631 3693 abjecto
645 3615 679 3677 in
693 3630 787 3701 porta
800 3628 981 3677 castrorum
993 3637 1147 3702 corpore,

96 3712 154 3779 ilbc
165 3717 300 3797 jubebat
317 3717 453 3779 transire
474 3714 572 3779 fidem
588 3730 788 3797 mutaturos,
804 3713 910 3779 donec
926 3715 1031 3778 multo
1048 3714 1145 3793 fletu,

96 3830 121 3875 st
132 3814 331 3882 deformitate
344 3816 515 3905 spectaculi
531 3831 659 3881 retento
675 3816 770 3878 militi
782 3815 877 3880 rediit
891 3816 1014 3904 pudor,
1027 3830 1060 3877 et
1071 3838 1150 3902 prae·

123 4029 190 4093 siv.
207 4034 259 4081 bit.
273 4033 339 4097 Epir.
348 4060 384 4071 ·-
393 4033 499 4097 Appian.
512 4058 548 4070 —-
562 4031 684 4079 Plutarch.
699 4032 725 4079 in
738 4033 800 4079 Mar.
814 4048 836 4079 c.
848 4046 894 4089 70,
908 4040 932 4077 et
944 4030 1030 4091 Pomp.
1040 4044 1063 4075 c.
1075 4028 1099 4075 5.
1110 4055 1145 4065 —-

98 4110 149 4163 leil.
161 4118 196 4170 11.
207 4132 250 4180 ²9·
269 4144 302 4155 -
321 4118 372 4167 Cic.
388 4132 433 4182 pro
446 4116 499 4178 lege
512 4114 599 4164 Manil.
610 4132 631 4161 c.
647 4130 685 4163 ro.
