2875 4900
257 363 336 473 684
434 369 503 435 JO.
530 369 877 439 FREINSHEMII
909 372 1156 440 SUPPLEM.

257 501 325 553 tera
339 485 507 569 tribuens3
522 485 592 575 ipse
605 509 682 554 cum
697 489 830 578 reliquis
845 488 952 556 tribus
967 493 1139 556 Afranium
1153 492 1335 560 Petreium·

256 609 341 676 que,
363 589 405 652 ad
425 587 626 654 turbandum
648 613 734 678 opus
749 593 938 674 venientes,
959 593 1129 658 absterret.
1150 593 1202 658 Ita
1222 595 1334 660 eastris

256 690 468 776 permunitis,
486 689 719 778 impedimenta
736 709 769 757 et
782 693 954 775 cobortes,
971 717 1044 782 que
1060 695 1284 784 superioribus
1298 699 1333 760 in

256 792 369 858 castris
387 793 576 882 reliquerat,
593 792 710 858 eodem
729 794 898 860 transduci
914 796 1020 877 jubet.
1039 798 1118 862 Erat
1132 798 1220 862 inter
1238 800 1335 888 oppi-

256 892 338 958 dum
351 911 385 958 et
396 894 562 958 afraniana
573 911 676 960 castra
691 896 841 985 planities
857 921 1014 987 passuum
1026 899 1154 965 circiter
1170 918 1336 966 trecento·

256 1017 349 1078 rum,
373 997 460 1061 etin
482 995 591 1060 medio
610 996 677 1062 fere
697 999 803 1087 spatio
826 1000 974 1065 tumulus
999 1002 1171 1090 surgebat,
1187 1003 1337 1090 quemsi

255 1112 447 1185 occupasset
464 1099 590 1180 Caesar,
607 1097 733 1186 oppido
750 1115 785 1163 et
800 1116 904 1188 ponte
917 1100 1144 1188 prohibiturus
1158 1101 1272 1168 hostes
1285 1104 1337 1167 vi·

256 1197 406 1264 debatur.
438 1199 543 1288 Igitur
574 1197 699 1265 eductis
727 1201 962 1290 instructisque
993 1203 1098 1266 tribus
1124 1203 1336 1292 legionibus,

256 1302 355 1366 unius
371 1301 601 1390 antesignanos
617 1322 717 1366 cursu
735 1302 937 1369 contendere
951 1301 994 1368 ad
1012 1302 1210 1392 capiendum
1222 1306 1337 1372 locum

252 1405 358 1485 jubet.
389 1401 453 1468 Sed
474 1403 642 1468 Afraniani
670 1406 824 1493 propiore
847 1405 952 1493 spatio
977 1406 1171 1494 praecipiunt
1196 1407 1336 1494 oollem;

255 1521 392 1593 ortaque
411 1527 541 1595 pugna,
559 1507 692 1570 Caesaris
709 1506 826 1571 milites
842 1507 1056 1594 repelluntur.
1071 1507 1174 1596 lgitur
1186 1508 1337 1574 subsidio

255 1607 397 1672 adducta
415 1607 501 1697 legio
522 1629 625 1684 nona,
643 1631 748 1697 quum
771 1609 911 1673 invicem
927 1609 1105 1698 pepulisset
1120 1608 1251 1692 hostes,
1268 1611 1336 1676 fer·

254 1733 332 1774 vore
347 1709 532 1774 certaminis
551 1708 704 1775 cedentes
723 1711 898 1798 insequuta
913 1709 1064 1798 iniquum
1081 1710 1242 1774 inlocum
1258 1731 1336 1774 suc·

256 1827 364 1875 cessit.

299 1913 389 1978 XVI.
409 1913 565 2001 Quinque
582 1912 673 1976 horis
691 1913 739 1978 ibi
754 1911 947 1977 dimicatum
966 1928 1033 1993 est,
1049 1933 1169 2001 magno
1185 1910 1335 1976 Iuliano-

254 2037 329 2078 rurn
347 2015 513 2102 periculo,
530 2015 565 2077 in
579 2035 663 2102 quos
684 2037 724 2078 ex
740 2014 965 2102 superioribus
975 2013 1055 2077 locis
1071 2013 1134 2076 tela
1146 2030 1237 2077 certa
1243 2013 1336 2094 jactu

254 2113 479 2204 adigebantur.
496 2115 603 2180 Multo
614 2113 724 2180 tamen
736 2117 810 2204 plus
821 2115 1015 2196 vulnerum,
1027 2137 1126 2203 quam
1139 2114 1237 2180 caedis
1247 2117 1334 2180 suit:

254 2217 400 2282 hostium
422 2243 520 2310 supra
541 2219 700 2284 ducentos
724 2218 933 2301 ceciderunt,
954 2220 1059 2283 Caesar
1080 2217 1190 2282 amisit
1204 2218 1336 2282 circiter

254 2320 468 2408 septuaginta.
487 2320 664 2384 Victoriam
678 2336 817 2408 utraque
830 2341 905 2408 pars
918 2318 1122 2384 adscribebat
1135 2317 1197 2383 sibi
1212 2342 1222 2384 ε
1238 2319 1337 2383 Pom·

253 2422 361 2512 peiani
383 2439 517 2512 propter
545 2423 713 2487 tumulum
736 2438 928 2504 retentum,
956 2422 1014 2511 qui
1041 2419 1211 2511 pugnandi
1237 2443 1335 2485 causa

253 2526 379 2603 iuerat,
398 2542 431 2589 et
453 2540 582 2590 coactos
607 2540 697 2615 terga
716 2540 843 2599 vertere
861 2524 991 2607 hostes3
1008 2523 1066 2605 bi,
1083 2521 1175 2610 quod
1190 2544 1334 2586 numeru

254 2640 287 2690 et
300 2625 374 2689 loco
390 2626 505 2715 impari
521 2626 668 2715 praelium
687 2641 737 2691 tot
754 2624 846 2690 horis
861 2626 1101 2705 sustinuerant,
1117 2623 1208 2689 etad
1225 2639 1334 2689 extre·

254 2748 346 2791 mum
360 2728 480 2793 virtute
494 2728 622 2793 connisi
633 2726 870 2793 adscenderunt
882 2742 1050 2808 montem,
1065 2724 1334 2814 adversariosque

254 2828 332 2895 inde
352 2831 388 2893 in
411 2828 571 2917 oppidum
587 2828 790 2919 fugaverant.
813 2830 920 2910 Majus
937 2830 1024 2893 inter
1040 2829 1110 2893 boee
1126 2828 1333 2917 periculum,

254 2930 404 2995 resolutis
416 2930 580 2997 montium
594 2930 741 3014 nivibus,
754 2952 913 3019 aquarum
926 2930 1035 2995 subita
1047 2930 1221 2994 inundatio
1233 2931 1335 2996 inter·

254 3032 376 3095 minata
392 3047 460 3113 cst3
476 3054 548 3119 quae
566 3055 632 3096 uua
652 3031 707 3097 die
723 3050 901 3120 utrumque
918 3033 1051 3096 Caesaris
1070 3048 1207 3119 pontem
1229 3031 1333 3095 iuter·

253 3134 353 3223 rupit.
379 3136 492 3200 Castra
513 3150 607 3199 erant
629 3135 715 3199 inter
734 3134 801 3199 duo
820 3133 956 3199 flumina
975 3132 1102 3198 Sicorin
1118 3149 1152 3197 et
1174 3132 1332 3220 Cingam,

253 3232 345 3322 quod
367 3236 509 3324 spatium
534 3250 604 3301 erat
625 3256 781 3325 passuum
803 3235 932 3300 circiter
953 3234 1053 3297 millia
1075 3234 1219 3322 triginta.
1241 3233 1333 3296 inter

253 3336 315 3401 hos
332 3339 506 3403 conclusus
523 3354 633 3403 tantus
650 3339 830 3421 exercitus,
849 3360 959 3426 neque
973 3336 1079 3417 juvari
1095 3335 1136 3399 ab
1155 3333 1269 3399 amicis
1284 3333 1332 3397 ci·

252 3438 425 3523 vitatibus,
443 3464 515 3529 quae
531 3456 620 3507 trans
632 3439 769 3509 llumiua
784 3456 876 3505 erant
889 3440 1022 3527 positae,
1037 3458 1099 3501 nec
1114 3436 1156 3500 ab
1173 3437 1213 3500 iis
1225 3437 1332 3500 comi·

254 3540 394 3623 tatibus,
421 3542 477 3629 qui
500 3543 670 3632 permagni
690 3566 731 3606 ex
747 3542 850 3629 Gallia
866 3541 1026 3626 Italiaque
1041 3537 1232 3619 veniebant,
1249 3536 1332 3601 adiri

253 3658 400 3732 poterat3
425 3661 459 3708 et
480 3645 538 3731 qui
562 3644 693 3733 longius
715 3659 809 3709 erant
829 3643 1020 3731 pabulatum
1049 3639 1189 3729 egressi,
1218 3660 1262 3701 ne
1287 3634 1331 3701 ad

254 3760 357 3809 eastra
366 3760 624 3825 reverterentur,
637 3744 863 3835 magnitudine
875 3742 1050 3808 fluminum
1061 3738 1330 3805 excludebantur.

297 3846 403 3913 XVII.
423 3848 472 3913 Ex
490 3847 645 3937 proximis
660 3864 770 3911 autern
784 3847 862 3912 locis
879 3847 1082 3911 frumentum
1097 3843 1176 3907 olim
1189 3842 1230 3906 ab
1243 3840 1331 3906 nfra-
