2875 4900
259 360 328 431 682
437 355 508 422 l0.
535 359 879 434 FREINSHEMII
914 360 1159 430 SUPPLEM.

258 496 333 570 post
346 481 476 569 longam
494 495 527 542 et
539 481 714 570 ancipitem
728 482 987 563 dubitationem,
1006 481 1047 546 ad
1063 482 1259 570 Pompeium
1275 485 1336 547 ab·

259 583 438 672 navigavit3
459 581 594 670 ejusque
619 586 805 673 exemplum
830 585 883 647 alii
905 582 1040 672 quidam
1066 598 1252 664 senatores,
1276 589 1336 672 qui

259 685 409 748 nondum
426 700 628 750 excesserant
643 687 751 769 Italia,
771 686 903 774 sequuti
920 687 1137 773 sunt.1taque
1156 685 1208 748 bis
1221 685 1264 750 ad
1279 709 1338 750 eos

259 784 440 866 adjunctis,
465 787 523 873 qui
545 801 620 849 ante
643 788 835 876 transgressi
860 787 1011 868 fuerant,
1034 787 1138 867 major
1163 787 1197 850 iu
1224 788 1337 853 castris

260 887 426 975 Pompeii,
446 910 545 974 quam
566 888 599 950 in
620 889 727 970 Urbe,
745 890 869 978 species
883 904 1015 953 senatus
1034 905 1122 970 erat,
1137 905 1172 952 et
1182 890 1276 976 quasi
1295 889 1339 953 de

261 989 422 1052 sententia
438 989 571 1052 Patrum
585 990 688 1054 multa
705 989 967 1054 decernebantur
981 1013 989 1054 ε
1008 1013 1150 1078 quorum
1168 989 1251 1054 illud
1264 992 1339 1078 plu·

261 1090 383 1152 rimunt
400 1090 518 1153 favoris
534 1088 682 1170 adjunxit
699 1092 864 1180 partibus,
883 1091 992 1179 quod,
1008 1093 1168 1155 Catonem
1185 1093 1338 1180 sequuti,

260 1193 360 1256 civem
376 1213 543 1256 romanum
556 1207 775 1282 praeterquam
792 1196 826 1256 iu
844 1195 913 1255 acie
928 1194 1084 1256 neminem
1100 1191 1219 1274 occuli,
1237 1215 1341 1282 neque

261 1291 412 1380 oppidum
431 1291 534 1356 ullum
543 1341 553 1374 ‚
576 1295 664 1382 quod
677 1295 799 1384 populo
814 1317 948 1358 romano
962 1308 1117 1380 pacatum
1133 1308 1225 1373 esset,
1243 1294 1343 1383 dirpi

262 1392 387 1473 debere,
406 1411 588 1460 sanxerant.
609 1396 803 1460 Ciceronem
823 1411 931 1459 tamen
948 1395 1031 1458 clam
1046 1395 1243 1483 corripuisse
1257 1397 1339 1460 Cato

262 1494 396 1577 dicitur,
408 1497 497 1584 quod
499 1512 620 1586 proeter
630 1501 844 1562 necessitatem
856 1499 891 1559 iu
903 1511 1008 1560 castra
1019 1498 1171 1576 venisset,
1179 1497 1340 1586 plttspro·

247 1593 389 1680 futurru
394 1601 531 1687 patrica,
547 1601 576 1662 si
583 1600 721 1664 medium
734 1602 931 1686 segesst‘sset;
944 1599 1091 1661 tiioueum
1103 1597 1340 1666 conciliatorem

261 1696 418 1763 habituris
430 1703 575 1790 partibus
584 1751 594 1783 ,
611 1703 876 1792 quandocumque
897 1701 999 1764 redire
1018 1699 1066 1762 ud
1085 1704 1255 1764 saut'tatem
1275 1725 1339 1764 coe·

256 1801 387 1886 pissent.
1003 1795 1006 1808 ¹

307 1905 382 1969 XII.
400 1906 490 1970 Inter
502 1906 572 1970 haec
587 1907 623 1970 C.
640 1907 777 1988 Fabius,
794 1905 939 1970 adhibita
953 1905 1134 1988 celeritate,
1150 1904 1339 1994 praesidium

262 2004 299 2068 L.
316 2005 438 2071 Afranii
461 2030 499 2071 ex
519 2008 675 2096 Pyrenaeo
698 2009 782 2072 saltu
802 2007 981 2090 dejecerat,
1005 2008 1197 2096 magnisque
1212 2008 1339 2071 itineri·

264 2105 326 2170 bus
347 2106 388 2170 ad
407 2108 585 2172 exercitum
603 2109 727 2173 Afranii
744 2108 974 2174 contendebat.
994 2109 1058 2174 Sed
1071 2109 1227 2173 Afranius
1245 2127 1339 2173 caete·

264 2209 358 2296 rique
381 2211 641 2298 legati.adventu
661 2211 795 2276 Vibullii
815 2210 908 2294 Rufi,
928 2211 985 2299 qui
1008 2211 1116 2274 fuerat
1139 2234 1158 2274 a
1180 2211 1338 2298 Pompeio

264 2311 397 2395 missus,
414 2315 458 2378 ita
471 2329 742 2403 composuerant,
757 2329 794 2379 ut
806 2314 944 2378 Petreius
954 2335 1026 2376 cum
1038 2312 1179 2375 omuibus
1189 2314 1287 2400 copiti
1296 2313 1342 2375 ed

263 2409 439 2499 Asi-antium
449 2412 714 2504 prtficisceretur‚
731 2416 836 2480 Varro
855 2437 928 2480 cum
942 2413 1065 2479 daubus
1079 2412 1254 2501 legionibus
1265 2415 1338 2479 His·

258 2518 393 2601 pausiam
416 2516 596 2582 ulteriorem
618 2540 741 2583 omnem
763 2518 923 2583 obtineret.
948 2517 1096 2601 Petreius
1116 2533 1150 2580 et
1170 2517 1338 2597 Afranius,

265 2617 422 2681 Asturum
448 2618 696 2708 Vettonumque
721 2634 755 2683 et
778 2618 1017 2683 Celtiberorum
1044 2616 1163 2681 coactis
1187 2617 1337 2697 auxiliis,

266 2734 521 2808 caeterarumque
538 2722 704 2811 gentium,
719 2744 792 2809 quta
804 2720 846 2785 ad
863 2722 1032 2784 Oceanum
1048 2718 1179 2801 colunt,
1199 2717 1338 2782 ilerdam

263 2818 276 2906 ζ
286 2842 359 2906 quae
373 2820 486 2905 hodie,
504 2823 617 2887 leviter
632 2822 836 2911 transpositis
848 2821 1036 2901 elementis,
1053 2820 1171 2883 Lerr'tia
1183 2820 1337 2907 vocatur)

264 2920 341 2985 belli
361 2923 470 2987 sedem
487 2922 654 3015 deligunt,
671 2940 807 3013 propter
824 2924 1104 3013 opportunitatem
1117 2923 1193 2987 loci.

308 3023 402 3093 XIII.
420 3025 551 3115 Quippe
566 3028 602 3091 in
616 3026 698 3090 colle
712 3026 843 3091 modico
856 3024 898 3089 ad
913 3025 1050 3090 Sicorim
1066 3046 1198 3089 amnem
1218 3025 1338 3113 posita,

264 3142 399 3213 pontem
419 3128 584 3216 lapideum
606 3128 766 3209 babebat,
793 3150 991 3216 camposque
1012 3128 1098 3191 circa
1119 3142 1283 3215 patentes,
1307 3143 1339 3190 et

265 3226 370 3291 fertile
391 3230 520 3313 solum;
543 3252 604 3294 nec
626 3231 725 3319 longe
742 3228 862 3294 abinde
878 3230 982 3318 Cinga
1000 3226 1135 3309 ilarius,
1150 3228 1186 3290 in
1206 3228 1338 3291 Iberum

266 3331 417 3395 evolvens
432 3355 541 3420 aquas.
561 3335 657 3399 Juxta
672 3332 820 3397 tumulus
838 3346 907 3395 erat
919 3331 1019 3419 paulo
1036 3328 1178 3395 editior:
1194 3352 1271 3393 eum
1288 3351 1339 3392 ce·

264 3448 386 3520 pemnt
399 3435 510 3498 castris
521 3435 642 3516 locum,
654 3434 809 3499 omnibus
822 3455 862 3496 eo
874 3431 1049 3496 contractis
1059 3428 1173 3517 copiis.
1187 3428 1339 3493 Afranius

265 3548 331 3597 tres
344 3532 486 3600 habebat
501 3536 661 3626 legiones,
679 3534 760 3599 duas
776 3534 923 3599 Petreius
934 3556 944 3615 ς
961 3532 1078 3598 auxilia
1093 3552 1210 3621 magua
1223 3532 1339 3618 Hispa·

265 3656 385 3699 norum
412 3652 604 3727 coegerant,
634 3638 785 3701 cohortes
813 3636 941 3701 circiter
966 3634 1159 3723 octoginta,
1193 3632 1351 3721 equitum'

265 3736 437 3826 utriusque
446 3738 621 3829 provinciae
633 3738 761 3803 circiter
772 3736 1038 3827 quinquemillia.
1050 3738 1160 3800 Duces
1171 3732 1338 3799 communi

264 3840 402 3905 consilio
415 3841 549 3930 parique
564 3840 638 3920 jure
657 3840 929 3905 administrabant
950 3838 1078 3919 omnia,
1097 3852 1131 3901 et
1147 3834 1278 3900 alternis
1295 3834 1337 3898 si·

300 4055 317 4122 s
330 4058 377 4105 xl.
390 4058 442 4106 th.
452 4057 485 4107 ad
493 4059 571 4107 Attio.
581 4060 618 4116 X,
634 4072 674 4107 ta.
692 4084 727 4095 —·
744 4056 871 4109 Plutarch.
881 4057 910 4106 io
921 4056 976 4107 Cic.
985 4058 1075 4124 Pomp.
1084 4066 1112 4103 et
1121 4054 1177 4105 Cat.
1191 4080 1225 4092 -
1236 4051 1294 4103 llio.
1303 4076 1337 4090 -

265 4142 282 4210 s
295 4144 357 4195 x11.
368 4144 431 4193 Ces.
441 4145 577 4195 -buotn-
591 4142 637 4205 IV,
653 4160 666 4207 p
682 4152 707 4193 et
721 4158 762 4196 tt.
