2875 4900
267 344 341 433 456
447 352 514 421 IO.
540 352 882 422 FREINSHEMII
911 353 1155 423 SUPPLEM.

312 472 386 537 VII.
406 472 548 537 Manlius
563 474 598 537 in
617 473 725 561 primo
742 473 919 555 dimicans,
940 488 1018 563 post
1038 474 1201 563 insignem
1220 472 1341 540 editam

265 593 428 663 pugnam,
443 575 569 641 cecidit.
583 575 719 639 Catilina
731 591 807 663 post
824 576 966 664 expletas
983 575 1063 639 boni
1078 575 1191 639 militis
1206 576 1344 663 impera-

267 676 412 763 torisque
426 697 541 742 omnes
554 693 679 765 partes,
693 676 751 739 ubi
764 698 799 740 se
812 677 964 741 relictum
979 698 1056 742 cunr
1068 677 1181 766 paucis
1193 676 1293 759 vidit,
1308 678 1343 742 in

267 778 521 843 confertissimos
535 780 646 843 hostes
657 780 783 869 impetu
794 781 898 863 facto,
913 780 1012 870 longe
1023 799 1043 844 a
1053 780 1120 845 suis
1132 780 1264 844 occisus
1276 796 1343 861 est3

266 880 374 945 caeteri
397 902 530 969 quoquc
556 901 688 962 omnes,
711 882 773 945 tria
799 883 928 949 circiter
954 884 1127 947 hominurn
1152 882 1274 965 millia,
1301 882 1343 947 ad

265 1006 371 1047 unum
390 982 570 1072 pugnando
590 984 753 1048 interfecti
770 1007 778 1047 :
798 1006 906 1072 neque
923 985 1098 1073 quisquam
1113 983 1282 1073 ingenuus
1299 986 1343 1049 ci-

264 1085 313 1148 vis
332 1100 388 1149 aut
404 1085 490 1148 inter
508 1085 737 1173 praeliandum,
757 1101 815 1149 aut
830 1086 864 1149 in
880 1088 958 1176 fuga
974 1102 1087 1174 captus
1101 1102 1160 1149 est.
1173 1084 1223 1148 Ex
1236 1087 1342 1149 Anto-

266 1187 370 1251 nianis
385 1208 519 1274 quoque
532 1182 622 1251 haud
636 1208 758 1275 paucos
773 1209 886 1276 pugna
903 1203 969 1251 tarn
984 1188 1132 1276 pertinax
1146 1185 1341 1273 absumpsit.

264 1288 430 1353 Antonius
449 1310 488 1351 ex
506 1310 545 1352 eo
557 1289 685 1377 praelio,
702 1286 780 1353 licet
795 1290 923 1353 minore
936 1290 1082 1354 hostiurn
1095 1288 1273 1351 interfecto
1286 1310 1343 1351 nn·

265 1412 374 1470 mero,
386 1409 484 1477 quam
496 1388 540 1453 ob
551 1412 650 1477 quem
664 1390 718 1454 hic
730 1391 839 1454 horror
849 1391 919 1455 dari
930 1406 1157 1471 consueverat,
1170 1392 1344 1478 inpetum

265 1505 314 1555 est
332 1491 532 1577 appellatus3
550 1492 758 1580 triumphum
771 1509 964 1557 tamennon
981 1493 1084 1581 petiit.

309 1590 399 1657 VIII.
416 1596 457 1655 At
478 1594 521 1677 Q.
538 1593 685 1657 Caecilius
705 1594 856 1658 Metellus
869 1594 1015 1658 Creticus
1032 1617 1072 1658 ex
1091 1592 1211 1680 Apulia
1231 1614 1341 1655 rever·

264 1718 339 1776 sus,
361 1710 436 1759 ante
459 1694 546 1758 diem
569 1694 721 1759 kalendas
739 1696 847 1777 junias
870 1696 1077 1784 triumphans
1097 1693 1223 1757 Urbem
1247 1694 1339 1775 iniit,

264 1796 388 1878 serius,
416 1813 515 1883 quam
543 1814 724 1877 meruerat,
746 1797 792 1862 ob
822 1797 968 1877 ejusdem
992 1797 1138 1885 Pompeii
1159 1776 1339 1877 iriridiam,

264 1914 377 1985 quaet
392 1888 518 1961 Luculli
534 1899 640 1963 fuerat
658 1900 845 1989 triumphus
864 1899 1056 1964 retardatus.
1077 1899 1167 1981 Quin
1183 1915 1217 1961 et
1234 1898 1340 1962 Pana·

263 2020 333 2065 rem
352 2000 631 2087 Lasthenemquc,
646 2001 829 2090 praecipuos
839 2005 973 2067 Cretum
987 2000 1101 2082 duces,
1118 2024 1160 2065 ne
1172 2001 1208 2063 in
1222 2002 1340 2064 nium·

263 2103 331 2192 pho
348 2122 482 2167 currum
503 2104 625 2167 Metelli
643 2103 879 2192 praecederent,
900 2126 959 2193 per
975 2103 1149 2192 quemdam
1166 2102 1340 2166 tribunum

262 2204 366 2294 plebis
384 2204 503 2291 eripuit
516 2201 709 2293 Pompeius,
725 2228 803 2270 suos
820 2205 986 2271 dedititios
1002 2228 1072 2271 esse
1088 2221 1250 2269 causatus.
1268 2206 1339 2269 Cae·

262 2322 369 2372 terum
387 2308 421 2369 in
436 2307 541 2389 Urbe,
555 2307 660 2395 capite
673 2308 816 2371 Catilinae
831 2308 902 2372 riso
921 2308 1014 2395 (nam
1030 2305 1113 2371 illud
1132 2322 1229 2369 certoe
1244 2326 1339 2370 secu·

261 2408 365 2473 sitatis
382 2409 502 2498 pignus
515 2408 650 2474 Antonii
660 2409 754 2490 jussu
767 2410 900 2474 allatum
915 2408 1057 2496 luerat),
1075 2406 1273 2496 supplicatio
1287 2406 1340 2472 de·

262 2527 366 2592 creta,
382 2510 474 2598 quod
495 2511 570 2574 alias
591 2535 631 2576 ex
651 2511 735 2576 civili
751 2513 838 2576 bello
854 2511 924 2582 fieri
938 2531 1006 2575 non
1025 2502 1167 2593 solebat,
1184 2525 1236 2591 et,
1254 2511 1338 2601 sagis

262 2613 394 2702 positis,
413 2613 455 2677 ad
472 2614 615 2702 priorem
628 2615 782 2679 vestitum
799 2615 910 2680 civitas
926 2613 1032 2678 rediit.

307 2715 364 2778 lx.
379 2716 415 2779 C.
426 2714 590 2778 Antonius
604 2716 714 2779 statim
729 2717 763 2779 in
773 2717 974 2803 provinciam
986 2734 1079 2779 suam
1092 2713 1336 2794 Macedoniarn,

261 2817 377 2904 reliqui
398 2816 497 2880 etiam
516 2817 551 2879 in
574 2831 648 2880 suas
672 2818 854 2905 provincias
869 2834 950 2882 sunt
963 2817 1111 2904 profecti.
1131 2816 1269 2882 Galliam
1291 2817 1336 2880 cis

261 2919 358 3006 Alpes
369 2919 521 2982 Metellus
534 2919 626 2982 Celer
637 2919 798 3000 habebat,
811 2919 1023 3006 Transalpina
1041 2921 1079 2982 C.
1090 2916 1248 2980 Pontinio
1266 2939 1336 2981 ces·

261 3021 313 3085 sit.
332 3021 522 3108 Hispaniam
542 3024 578 3086 C.
592 3021 790 3102 Cosconius,
816 3022 858 3102 Q.
873 3022 1051 3109 Pompeius
1069 3020 1210 3084 Africam
1230 3019 1335 3083 sortiti

261 3137 349 3187 sunt.
375 3123 410 3187 L.
424 3122 571 3186 Valerius
599 3123 734 3186 Flaccus
757 3122 793 3185 in
819 3122 928 3187 Asiam
951 3137 1000 3185 est
1024 3122 1152 3184 missus.
1179 3120 1337 3207 Reliquias

184 3257 188 3266 ·
260 3225 380 3290 deinde
404 3225 658 3305 conjurationis,
676 3215 797 3311 quum,
821 3245 864 3287 ne
879 3224 1047 3312 quiescere
1069 3237 1221 3310 possent,
1245 3238 1335 3286 metu

260 3327 495 3415 suppliciorum
514 3326 695 3414 precipites
712 3341 904 3415 agerentur,
921 3323 1057 3389 dirersis
1073 3324 1172 3388 ltaliae
1191 3323 1336 3413 regioni·

260 3429 322 3492 bus
344 3445 421 3492 sunt
440 3428 614 3492 exstinctae.
631 3428 790 3517 Praecipui
811 3428 846 3491 in
867 3428 918 3491 his
933 3427 1002 3492 Caii
1018 3425 1162 3491 Marcelli
1180 3425 1335 3505 fuerunt,

201 3575 203 3580 κ
260 3545 352 3620 pater
368 3545 400 3594 ct
412 3529 497 3594 lilius
513 3551 520 3594 :
535 3529 592 3595 sed
604 3531 742 3594 alterum
759 3530 792 3593 in
805 3523 1117 3619 Pelignis,'alterum
1130 3527 1166 3590 in
1182 3528 1334 3608 Bruttiis,

259 3633 305 3697 M.
317 3631 471 3712 Bibulus,
489 3633 531 3716 Q.
541 3632 655 3696 Cicero
667 3647 822 3719 praetores
842 3645 1085 3720 oppresserunt.
1105 3629 1154 3692 De
1170 3628 1223 3693 his
1239 3631 1334 3694 moti·

258 3733 321 3798 hus
338 3736 375 3799 L.
387 3733 487 3798 Vettii
502 3735 620 3820 equitis
635 3733 762 3796 romani
780 3733 903 3797 indicio
920 3736 1026 3798 iuerat
1038 3731 1228 3822 cognitum3
1245 3729 1332 3820 quod

294 3971 310 4037 5
326 3973 384 4020 vtt.
403 3971 514 4036 Appias.
531 3995 567 4006 —
585 3969 650 4018 Flos.
667 3995 702 4006 -
716 3970 816 4020 Sallust.
833 3998 869 4009 -
886 3971 945 4021 Dio.
959 3971 1062 4020 -Vst
1076 3971 1147 4018 Mu·
1159 3971 1199 4028 11,
1214 3969 1244 4028 8,
1260 3984 1284 4029 7.
1296 3991 1330 4003 -

257 4056 273 4122 s
285 4057 358 4106 vm.
371 4058 476 4120 Enn'op.
488 4053 532 4105 lib.
541 4056 588 4104 vt.
601 4081 637 4092 -
649 4055 716 4104 Fasti
729 4054 838 4120 Capitol.
850 4082 886 4092 —
899 4055 1001 4106 Sallust.
1011 4055 1084 4107 Catil.
1095 4071 1151 4120 cap.
1165 4055 1210 4103 so.
1222 4078 1257 4090 -
1266 4049 1331 4099 vet.

256 4142 295 4200 II,
311 4143 342 4196 3⁴
357 4151 381 4189 et
396 4148 436 4197 4ο.
447 4168 483 4178 -
495 4140 557 4199 nto,
568 4140 612 4198 lib,
625 4141 742 4190 XXXVI
754 4149 779 4187 et
793 4141 929 4189 XXXVII.
