2875 4900
311 361 366 430 ΙΝ
398 362 514 430 LOC.
541 363 634 430 LIB.
661 359 750 430 CIX
780 359 1000 443 LlVlANl.
1110 358 1181 430 663

114 500 198 552 stant
217 483 287 545 fore
305 479 537 568 praedixissent.
554 481 631 544 Haec
648 479 856 568 exprobranti
875 479 990 544 Catoni
1008 480 1182 568 Pompeius

113 580 299 670 respondit,
314 581 407 646 illum
419 580 528 646 arelius
542 580 698 644 divinasse
703 629 715 662 ,
729 605 761 644 se
772 580 866 666 egisse
878 580 1046 667 sinqnh'cius
1057 595 1090 644 ct
1101 588 1183 647 anti-

112 686 189 746 cius.
209 683 323 749 Plures
339 698 447 762 erant,
464 703 547 768 quos
560 681 765 746 conditiones
781 680 913 744 Coesaris
931 703 999 744 non
1016 680 1183 746 admisisse

112 785 284 872 poeniteret
299 807 307 848 :
322 783 469 871 plerique
485 805 561 846 cum
576 782 734 869 Pompeio
749 780 1011 869 expostulabant,
1027 783 1106 870 quid
1114 785 1181 863 ita,

113 907 213 974 quum
244 899 320 951 esset
344 899 413 948 tam
429 882 599 970 flagitiose
625 886 825 971 inparatus,
862 884 1047 946 acerrimum
1070 884 1184 948 daem

112 988 344 1073 azercdumque
353 987 579 1072 provocasset?
596 984 679 1048 Nam
694 983 853 1071 querenti
872 983 908 1048 L.
921 983 1069 1048 Volcatio
1089 985 1184 1048 Tullo

112 1086 185 1150 viro
207 1086 389 1166 constdari,
413 1085 527 1174 ecquid
542 1098 678 1174 paratas
701 1083 828 1146 baberet
851 1086 985 1171 coptus?
1003 1086 1186 1150 haesitanter

113 1184 343 1274 responderat,
357 1186 439 1250 duas
451 1185 601 1273 legebam,
617 1207 692 1272 quae
704 1198 803 1252 essem
816 1186 917 1248 mt'ssae
929 1207 951 1248 a
970 1185 1113 1266 Caesare,
1126 1207 1188 1274 pa·

113 1301 204 1350 ratas
221 1309 301 1367 esse,·
317 1287 469 1350 arbitrari
489 1297 521 1350 ct
540 1286 581 1350 de
601 1287 686 1350 novis
706 1284 877 1360 delectihus
893 1285 1031 1372 legiones
1051 1290 1186 1374 quinque

111 1386 298 1472 cogiposse.

160 1485 256 1548 XLV.
275 1486 327 1549 lbi
345 1487 533 1552 exclamavit
551 1485 685 1567 Tullus,
705 1486 891 1574 «Decepisti
911 1509 990 1569 nos,
1008 1490 1185 1578 Pompeib

113 1607 222 1672 nuper
238 1587 326 1650 enim
344 1587 379 1649 in
402 1605 517 1652 senatu
538 1587 680 1676 legiones
697 1587 818 1652 habere
834 1610 905 1652 sese
927 1606 1053 1675 paratas
1074 1590 1186 1655 decem

113 1684 372 1752 confirmaverat.
391 1689 438 1754 M.
459 1689 622 1754 Favonius
645 1688 780 1772 adjecit,
796 1711 881 1755 nunc
900 1711 963 1752 esse
977 1703 1095 1778 tempus
1104 1693 1188 1780 pedo

103 1787 307 1874 pervadendi
328 1801 465 1869 terram
488 1788 580 1877 quod
607 1789 781 1877 aliquando
803 1787 1019 1869 jactabundus
1042 1790 1186 1875 dixerat,

112 1888 172 1952 ubi
181 1887 261 1975 pede
278 1902 392 1952 terram
401 1890 576 1978 pulsasset,
598 1888 733 1978 affatim
745 1889 932 1963 exsilitums
948 1891 1088 1976 equinam
1094 1893 1189 1979 pedi·

111 2001 242 2076 tumque
257 1992 372 2077 copias.
389 1991 430 2054 Et
442 1990 593 2056 vincebat
608 1991 662 2055 ille
677 1990 812 2078 quidem
826 1989 936 2053 adhuc
950 1990 1106 2053 Caesarem
1123 1993 1185 2054 mi-

112 2091 210 2166 litum
220 2113 377 2174 numero,
388 2091 548 2172 adjunctis
558 2091 843 2179 Hispaniensibus3
856 2087 914 2154 sed
922 2112 941 2152 a
949 2088 1016 2153 suis
1025 2090 1184 2172 consiliis,

113 2189 331 2278 trepidatione
347 2192 500 2268 Petrum,
513 2191 602 2254 velut
616 2190 718 2256 fluctu
732 2190 948 2257 auferebatur.
961 2189 1095 2270 Tulltss,
1110 2192 1186 2254 mit·

112 2290 234 2357 tendos
246 2291 287 2356 de
300 2314 378 2380 pace
390 2294 511 2382 legatos
521 2339 532 2373 ,
544 2315 676 2356 censere
689 2316 696 2356 :
710 2293 854 2357 abnuere
865 2291 965 2373 Cato,
977 2307 1010 2354 et
1027 2292 1185 2379 Pompeio

112 2415 277 2459 summam
294 2394 423 2483 imperii
446 2392 638 2475 decernere,
655 2393 834 2461 eorunuIem
856 2413 935 2471 esse,
958 2413 1080 2479 mgna
1095 2392 1185 2455 azara

109 2510 144 2559 et
146 2492 266 2582 faeere
271 2544 282 2576 ,
298 2509 330 2559 et
339 2499 556 2583 conprimere,
575 2493 737 2561 dictitans.

158 2594 274 2661 XLVI.
293 2597 332 2661 ln
350 2596 435 2661 hunc
454 2598 647 2661 sententiam
663 2596 768 2676 itum;
786 2612 820 2659 et
832 2594 1028 2681 Pompeius,
1043 2618 1108 2657 non
1124 2618 1186 2659 esse

111 2702 148 2763 in
157 2697 335 2785 parietibus
349 2697 573 2785 rempublicam
584 2696 708 2776 ferens,
724 2695 819 2782 sequi
832 2694 929 2772 jussis
946 2694 1184 2783 magistratibus

111 2800 273 2886 omnique
290 2814 422 2880 senatu,
436 2815 486 2879 et,
504 2799 531 2863 si
548 2799 620 2886 quis
633 2796 856 2876 remansisset,
872 2818 933 2883 pro
947 2794 1040 2858 hoste
1053 2794 1185 2859 habitu-

112 2920 190 2963 rum
200 2898 416 2982 denuntians,
430 2898 553 2962 Urbem
566 2898 707 2985 reliquit.
720 2896 879 2976 Consules
892 2895 1017 2978 statim,
1034 2916 1076 2959 ne
1088 2896 1186 2966 sacris

112 2997 248 3087 quidem
270 3000 458 3064 solennibus
477 2999 569 3066 factis
590 2996 703 3087 (quod
723 3012 799 3066 ante
822 2995 856 3059 id
878 3013 1007 3084 tempus
1027 2996 1186 3060 acciderat

113 3101 333 3188 nunquam),
358 3101 489 3191 sequuti
510 3116 598 3165 sunt.
622 3099 750 3186 Reliqui
772 3100 906 3161 Patrum
924 3097 1038 3184 inopes
1061 3097 1187 3161 consilii

112 3217 349 3289 stupentesque
363 3200 397 3264 in
411 3200 499 3265 curia
514 3214 749 3288 pernoctarunt
763 3222 771 3263 z
789 3197 933 3261 diluculo
947 3195 1094 3278 demum,
1110 3220 1188 3285 pau·

112 3303 179 3385 cis,
197 3303 255 3389 qui
271 3302 405 3367 Coesaris
421 3318 479 3366 aut
494 3318 685 3367 neutrarum
699 3300 841 3390 partium
852 3314 961 3379 erant,
980 3300 1186 3364 manentibus

114 3405 325 3495 (quanquam
346 3420 379 3468 et
401 3425 440 3468 ex
461 3404 517 3467 illo
534 3424 673 3467 numero
690 3399 823 3488 quidam
839 3399 994 3463 dicuntur
1011 3399 1146 3486 proiecti
1159 3400 1186 3487 ),

115 3520 335 3570 excesserunt.

160 3603 292 3669 XLVII.
314 3604 402 3691 Engo
423 3618 576 3690 tanquam
599 3626 638 3667 ex
666 3601 777 3666 hostili
799 3617 886 3664 terra
905 3599 942 3664 lit
966 3601 1051 3690 fugas
1073 3602 1185 3667 similis

114 3704 296 3793 profectio,
312 3704 519 3793 complentur
536 3703 719 3793 agminibus
737 3700 926 3767 exeuntium
948 3702 1024 3784 viae,
1040 3705 1185 3791 comple·

152 3942 269 4007 §xus
279 3941 344 3991 Plut.
359 3942 385 3989 in
398 3943 451 3991 Cat.
466 3952 491 3989 et
504 3942 591 4005 Pomp.
603 3968 637 3977 —
649 3940 759 4005 Appias.
774 3966 809 3977 -
821 3940 875 3989 cta.
888 3938 922 3987 sd
932 3939 1009 3989 autc.
1019 3940 1084 3998 vn,
1101 3942 1140 3989 1⁵.
1153 3968 1188 3977 -

115 4026 133 4092 S
148 4026 226 4076 XLV.
239 4026 300 4075 Ces·
317 4023 348 4074 de
362 4025 389 4075 B.
403 4024 459 4073 ctv.
473 4025 498 4083 l,
514 4024 539 4072 6.
558 4050 593 4059 -
611 4024 676 4075 Plus.
690 4023 715 4071 in
729 4024 816 4087 Pomp.
830 4031 856 4069 at
873 4020 927 4069 Cat.
949 4048 984 4059 -
999 4022 1016 4086 s
1035 4024 1125 4072 xtvn
1136 4024 1190 4074 cta.

116 4110 151 4161 ad
164 4108 308 4168 annexu,
324 4122 364 4158 rt.
379 4135 413 4145 -·
427 4108 485 4157 Dio.
499 4134 532 4145 -
546 4108 654 4173 Appian.
666 4134 700 4145 -
711 4106 835 4155 Plutarch.
844 4132 879 4143 -
889 4104 951 4155 (ζει.
