2875 4900
267 390 318 461 IN
348 392 462 461 LOC.
488 393 583 461 LIB.
611 394 717 463 CVII
748 396 964 467 LIVIANI.
1079 392 1151 471 625

80 514 182 594 undo,
202 526 241 579 ut
253 512 414 603 quodlibet
430 532 537 577 sorum
553 515 704 602 ceperint,
728 516 763 577 in
780 516 977 582 multosdies
996 520 1153 587 αῖὺιιιιιέα

79 627 219 781 Ἥ·
236 716 287 780 Ita
310 736 502 803 persuasum
524 729 573 779 est
599 714 714 796 Gallis,
738 730 778 779 ut
799 736 867 779 uon
888 717 988 782 ruodo
1009 719 1098 785 vicos
1119 738 1153 787 et

80 819 220 909 agrestia
233 815 384 899 edificia,
401 816 458 881 sed
475 816 572 880 etiam
593 814 714 904 oppida
734 839 793 881 sua
811 816 900 881 ultro
919 819 1152 905 incenderent;

80 942 225 1006 quorum
239 940 308 981 uno
321 916 374 981 die
386 915 615 981 tautummodo
626 916 660 979 iu
674 917 858 1006 Biturigum
873 918 1002 985 ciriute
1013 923 1152 1012 amplius

79 1019 197 1109 viginti
210 1019 314 1084 deleta
329 1034 417 1083 sunt.
432 1017 605 1083 Avaricum
619 1032 729 1081 umen
744 1042 786 1083 ne
803 1037 1019 1103 cremaretur,
1031 1024 1153 1089 Bituri.

81 1142 163 1209 gum
179 1120 331 1208 precibus
346 1118 461 1185 datum
479 1135 543 1201 est,
565 1117 777 1209 dissentiente
794 1120 921 1208 primo,
942 1121 1060 1188 deinde
1072 1148 1154 1190 con·

80 1220 220 1287 cedente
232 1220 513 1311 Vercingetorige3
532 1220 653 1301 majore
667 1234 777 1284 tamen
788 1222 940 1309 presidio
953 1223 1153 1291 delectorum

81 1324 205 1387 muniri
224 1324 353 1412 placuit.
377 1323 513 1387 Interim
536 1322 667 1411 gallicus
688 1320 873 1408 equitatus,
894 1323 1034 1389 incensis
1054 1325 1153 1390 redili-

81 1426 158 1507 ciis,
182 1426 348 1489 Romanos
369 1424 479 1514 inopia
498 1446 608 1487 rerum
629 1422 880 1485 necessariarum
902 1445 1051 1509 premere
1070 1443 1153 1491 sata-

80 1525 198 1615 gebat,
217 1541 251 1589 et
265 1525 502 1590 frumentatum
515 1524 747 1612 pabulatumse
760 1522 916 1587 euntibus
927 1523 1152 1594 insidiabatur.

81 1624 148 1689 Sed
160 1627 283 1709 Cesar,
294 1624 423 1691 tametsi
435 1625 486 1689 bis
500 1622 717 1689 incommodis
730 1646 799 1687 non
812 1622 926 1687 leviter
942 1626 1151 1715 fatigabatur,

81 1741 216 1791 strenue
231 1728 513 1817 oppugnationem
530 1726 678 1817 urgebat.

125 1826 225 1891 LVII.
243 1829 404 1893 Ceterum
425 1852 444 1891 a
464 1850 583 1916 magun
599 1827 775 1891 bominum
793 1848 950 1908 numero,
968 1829 1035 1893 situ
1053 1846 1153 1919 atque

81 1950 183 2015 opere
201 1928 368 1993 munitum
384 1928 544 2016 oppidum
562 1926 650 1993 baud
670 1949 754 2015 aegre
774 1924 1030 2010 defendebatur3
1046 1928 1153 1999 donee

81 2030 244 2095 immenso
263 2030 374 2093 labore
395 2030 552 2111 militum,
571 2028 687 2093 diebus
708 2028 856 2115 quinque
873 2042 907 2091 et
926 2028 1041 2118 viginti
1056 2052 1153 2121 agger

80 2130 188 2195 factm
203 2146 269 2213 est,
290 2129 388 2219 pedes
410 2145 572 2195 trecentos
596 2130 727 2219 triginta
747 2129 783 2192 in
801 2128 1005 2194 latitudinem
1019 2147 1152 2219 patens,

80 2248 211 2297 erectus
230 2233 265 2297 iu
283 2230 487 2297 altitudinem
504 2229 626 2320 pedum
642 2230 820 2317 octoginta.
842 2227 908 2293 Sed
922 2244 956 2293 et
970 2229 1061 2294 bunc
1082 2232 1153 2295 suf·

80 2334 208 2399 fossum
231 2334 384 2398 cuniculo
403 2330 644 2397 succenderunt
664 2329 771 2411 Galli3
795 2346 830 2394 et
853 2329 1027 2417 eruptione
1048 2330 1152 2412 facta,

79 2460 160 2502 cum
172 2436 356 2502 Romanisa
370 2434 462 2501 tertia
476 2432 599 2523 vigilia,
613 2455 719 2520 usque
732 2431 774 2495 ad
786 2429 946 2496 redditam
958 2431 1066 2497 lucem
1077 2455 1154 2498 con·

80 2553 258 2602 seruerunt
272 2559 398 2601 manus.
417 2536 532 2622 Neque
549 2533 830 2622 praetermiserim,
847 2531 938 2619 quod
955 2555 974 2596 a
993 2535 1151 2601 sevisum

79 2641 187 2706 Crem
206 2638 369 2702 memoriae
385 2634 580 2700 tradendum
595 2635 732 2723 putarit.

124 2740 244 2804 LVIII.
273 2739 318 2804 Ut
342 2739 513 2802 maximam
542 2739 768 2800 Romanorum
798 2736 915 2800 turrim
940 2736 1154 2806 incenderent

80 2841 187 2922 Galli,
200 2863 260 2930 per
275 2839 472 2910 manusueti
489 2861 526 2902 ac
541 2837 621 2926 picis
635 2835 807 2900 tradebant
818 2837 947 2926 glebas,
961 2859 1042 2924 quas
1063 2861 1155 2904 acce·

80 2959 154 3031 ptas
170 2942 229 3031 qui
238 2943 386 3030 proxime
396 2940 563 3006 ardentem
575 2939 642 3018 jam
653 2939 762 3028 ignem
773 2939 894 3019 stabat,
909 2938 1153 3029 adaugendum

79 3042 275 3108 incendium
291 3043 446 3122 injiceret.
466 3039 530 3106 Sed
552 3041 606 3104 hic
621 3040 827 3127 scorpiouett
842 3040 925 3103 turri
941 3040 1025 3104 ictus
1045 3043 1156 3106 couci·

80 3143 133 3208 dit
148 3165 157 3208 ε
176 3167 254 3232 crgo
267 3144 428 3223 jacentem
442 3140 642 3207 transcendit
652 3141 751 3220 alius,
767 3156 807 3203 ut
819 3139 908 3204 idem
922 3163 1043 3206 munus
1056 3141 1155 3230 perfi-

81 3259 172 3308 ceret
187 3267 196 3307 :
216 3244 306 3308 bunc
318 3245 415 3310 etiam
431 3244 496 3308 telo
507 3243 670 3322 dejectum
684 3241 811 3329 excepit
824 3241 956 3323 tertius,
973 3258 1007 3307 et
1019 3244 1154 3308 tertium

80 3359 238 3434 quartus;
261 3367 368 3432 neque
386 3368 508 3410 vacuus
530 3344 583 3408 ille
608 3343 740 3408 relictus
764 3359 814 3408 ett
832 3343 940 3425 locus,
963 3345 1155 3434 priusquam

81 3446 177 3510 omui
198 3469 238 3510 ex
253 3461 343 3534 parte
361 3446 434 3510 linis
450 3445 617 3536 pugnandi
639 3445 742 3510 fieret.
759 3447 874 3527 Quum
888 3468 908 3510 a
922 3447 1079 3512 Romanis
1095 3447 1154 3512 de·

80 3549 175 3612 seusa
191 3569 290 3635 opera
307 3564 431 3628 essent,
453 3563 710 3636 propugnatores
727 3547 863 3610 consilio
880 3547 1156 3640 Vercingetorigis

79 3649 269 3736 relinquere
281 3648 389 3714 lucum
407 3648 584 3713 voluerunt
596 3671 605 3712 ε
618 3647 676 3712 sed
690 3649 887 3713 feminarum
899 3651 1156 3717 conclamatione

80 3767 184 3838 atque
203 3750 300 3814 etiam
318 3751 455 3814 vocibus
472 3748 600 3838 prodita
615 3750 772 3812 Romanis
788 3750 866 3839 fuga
885 3765 952 3831 est;
968 3766 1006 3813 ut
1019 3752 1077 3837 qui
1091 3751 1156 3814 mi·

79 3851 259 3916 scriccrdia
275 3874 412 3917 suorum
429 3873 497 3916 nou
513 3865 704 3941 potuerant,
722 3851 836 3916 saltem
850 3874 912 3916 suo
923 3852 1070 3940 periculo
1082 3852 1157 3916 abs·

80 3970 295 4018 tenerentur.
321 3957 365 4018 At
379 3976 417 4018 ea
435 3975 486 4017 res
503 3952 658 4017 omnibus
673 3951 772 4016 exitio
792 3952 866 4016 luit
887 3951 1044 4038 Sequenti
1067 3953 1157 4016 enim

80 4055 153 4135 die,
165 4077 270 4142 quum
282 4071 392 4120 exorta
403 4054 510 4144 pluria
521 4056 687 4118 Renunos
697 4054 739 4117 ab
750 4053 996 4142 oppugnatione
1007 4053 1041 4115 in
1053 4069 1158 4117 matra

80 4157 203 4222 reverti
216 4157 391 4247 coegisset,
409 4155 575 4244 Gallique,
591 4155 681 4220 velut
694 4153 840 4220 defuncti
857 4155 1023 4242 periculo,
1038 4155 1157 4220 domos

207 4274 250 4341 X.
939 4273 987 4354 Δο
