2875 4900
642 134 660 184 t

268 372 338 443 236
440 373 875 449 JO·FRE1NSHEMll
906 374 1151 444 SUPPLEM.

266 513 376 577 merus
395 492 430 553 in
452 490 575 555 Urbem
593 506 814 580 comportatus
830 510 895 577 est;
915 510 948 559 et
968 495 1045 581 quia
1064 495 1260 559 multamus
1282 494 1330 579 in·

177 674 186 683 ἢ
265 608 376 673 erant,
397 592 620 657 sacerdotibus
638 593 845 676 mandatum,
862 614 916 679 ut,
932 614 1093 685 quantum
1106 597 1249 661 humana
1265 619 1330 684 ope

265 710 389 778 posset,
408 716 516 757 verae
533 693 619 758 falsis
637 693 868 761 discernerent.

308 794 429 857 XXIV.
446 795 515 858 Nee
527 794 560 856 in
578 809 643 858 tam
657 816 743 859 caeco
760 796 892 884 negotio
906 798 1025 861 certius
1040 797 1143 878 aliud,
1158 820 1257 884 quam
1270 819 1330 885 per

263 894 533 977 acrostichidem,
549 910 588 959 ut
600 912 735 979 vocant,
752 896 871 961 iudicia
883 914 1048 986 repertum
1062 897 1255 979 discrimen,
1271 899 1330 963 Te·

263 996 388 1061 rentius
405 997 508 1060 Varro
528 995 744 1080 doctissimis,
773 997 831 1062 sed
853 999 968 1063 iisdem
990 999 1196 1088 ineptissimis
1217 1021 1329 1063 rerum

264 1096 448 1161 divinarum
464 1096 553 1160 libris
565 1097 721 1187 prodidit
737 1098 862 1163 Eodem
879 1120 965 1165 anno
976 1146 986 1181 ,
999 1114 1175 1185 postquam
1185 1098 1329 1187 primum

264 1220 321 1261 ver
339 1196 507 1286 apparuit,
529 1215 736 1287 resumptum
757 1200 871 1265 acriter
896 1199 930 1261 in
950 1198 1103 1287 Hispania
1121 1198 1244 1263 bellum
1262 1214 1329 1289 est,

265 1298 432 1385 multaque
455 1314 489 1362 et
510 1316 645 1364 cruenta
663 1300 771 1388 praelia
795 1301 888 1364 facta.
911 1299 1055 1365 Tandem
1075 1298 1163 1389 apud
1185 1299 1329 1363 Italicam

265 1400 388 1463 Baetioe
410 1400 526 1465 urbem
548 1402 589 1484 Q.
609 1400 776 1482 Metellus,
796 1417 829 1465 et
844 1401 977 1465 Sertorii
999 1415 1139 1487 quaestor
1161 1399 1196 1465 L.
1215 1398 1329 1463 Hirtu-

263 1501 362 1580 leius,
377 1486 580 1567 totisniribus
588 1502 752 1590 congressi
762 1517 851 1566 sunt.
861 1500 1011 1565 Metellus
1019 1499 1171 1568 adversus
1182 1499 1328 1563 hostium

263 1601 458 1666 celeritatem
473 1626 511 1667 ac
526 1604 698 1684 ferociam,
717 1602 806 1667 haud
828 1602 926 1690 paulo
945 1600 1053 1665 minus
1070 1600 1210 1681 viribus,
1228 1622 1327 1688 quam

158 1729 160 1732 ·
263 1700 418 1784 consilio,
431 1704 612 1788 tribuebat3
628 1720 693 1768 tam
709 1704 846 1793 diligens
860 1700 1005 1783 celandi,
1019 1724 1091 1788 quoe
1106 1702 1276 1790 cogitaret,
1291 1716 1328 1766 ut

264 1803 492 1894 interroganti,
508 1806 612 1894 aquid
625 1821 753 1892 postera
772 1804 825 1869 die
841 1805 984 1867 facturus
1001 1818 1085 1867 esset
1095 1832 1127 1881 a,
1150 1800 1327 1889 responde·

263 1904 327 1968 rit:
345 1907 525 1972 «Tunicam
542 1928 667 1987 meam,
683 1907 711 1969 si
726 1904 836 1992 eloqui
853 1918 979 1991 posset,
995 1902 1221 1967 comburerem
1231 1932 1256 1965 ι.

306 2006 410 2069 XXV.
433 2007 538 2095 Igitur
555 2006 736 2096 insignem,
756 2026 853 2093 quam
878 2020 957 2069 tune
977 2002 1114 2091 adeptus
1135 2017 1202 2083 est,
1224 2002 1329 2067 vieto·

261 2105 358 2187 riam,
374 2129 442 2169 non
454 2122 520 2171 tam
531 2107 672 2171 militum
689 2106 835 2186 lacertis,
852 2127 950 2192 quam
964 2104 1094 2193 ingenio
1105 2126 1186 2183 suu,
1202 2101 1328 2167 debuit.

263 2208 398 2271 Oriente
408 2209 558 2295 protinus
569 2207 640 2290 die,
652 2206 833 2273 Hirtuleius
844 2206 1034 2293 instructam
1048 2203 1149 2269 aciem
1161 2204 1245 2269 vallo
1259 2204 1329 2284 ejus

261 2306 465 2389 admoveram
481 2331 589 2397 neque
601 2332 693 2373 mora
706 2322 808 2388 esset,
823 2307 851 2371 si
867 2328 943 2371 suos
963 2305 1106 2381 audiret,
1122 2303 1202 2392 quin
1218 2304 1329 2369 statim

262 2423 375 2471 contra
387 2409 538 2474 exiretur.
552 2408 617 2474 Sed
626 2408 771 2498 prudens
784 2408 974 2497 imperator,
991 2406 1074 2472 intra
1089 2420 1189 2470 castra
1201 2402 1331 2470 retento

261 2509 427 2590 exercitu,
450 2511 613 2598 geminam
640 2511 812 2575 utilitatem
836 2509 1000 2598 percepit;
1027 2509 1166 2596 spatium
1191 2524 1331 2589 nactus,
1359 2507 1361 2510 ’

260 2630 328 2694 quo
347 2609 565 2675 consideraret
582 2612 729 2676 hostium
752 2611 874 2692 aciem,
898 2608 1109 2696 eamdemque
1127 2607 1330 2694 (fervidissi-

261 2731 353 2772 mum
367 2710 456 2774 enim
472 2714 549 2776 anni
565 2729 695 2801 tempus
708 2712 795 2798 erat)
808 2711 968 2776 caloribus
981 2708 1215 2776 conficiendam
1230 2709 1331 2774 relin-

199 2815 204 2830 “
261 2827 385 2896 queret.
401 2811 526 2876 ldcirco
539 2835 660 2900 quum,
673 2812 764 2899 quod
775 2811 901 2876 roboris
914 2812 948 2874 in
961 2810 1069 2876 hostili
1084 2810 1330 2925 exercittffrat,

260 2911 293 2973 in
317 2910 422 2976 medin
445 2913 514 2976 acie
537 2929 621 2977 stare
640 2915 870 2999 comperisset,
892 2912 938 2978 sic
958 2911 1111 2976 instruxit
1130 2910 1330 3002 edgcmtque

259 3033 352 3092 suos,
371 3028 409 3075 ut
426 3034 549 3076 cornua
563 3013 694 3102 longius
712 3029 862 3100 protenta
876 3013 966 3101 prius
986 3035 1062 3076 cnm
1079 3013 1234 3101 oppositis
1249 3036 1331 3078 oon-

259 3110 488 3198 grederentur,
507 3137 606 3201 quam
627 3113 740 3178 mediae
760 3114 842 3178 acies
861 3111 1081 3200 confligerent.
1103 3113 1161 3176 llis
1177 3113 1221 3176 ita
1237 3113 1330 3178 ordi·

259 3212 362 3293 natis,
387 3215 450 3280 sub
477 3231 599 3280 sextam
621 3214 684 3278 diei
709 3215 824 3278 horam
848 3213 1026 3278 exercitum
1052 3211 1174 3276 eduxit.
1199 3213 1330 3278 Recens

169 3347 178 3352 ·
258 3313 391 3378 Metello
405 3317 515 3398 miles,
530 3317 648 3380 curetis
662 3315 872 3403 corporibus,
887 3313 1008 3378 viribus
1031 3313 1162 3401 integris
1181 3335 1331 3402 pugnam

257 3415 459 3500 capessebat3
476 3417 652 3481 Sertoriani
667 3415 784 3480 stando
806 3415 897 3497 lessi,
915 3415 1015 3504 magis
1033 3415 1130 3478 etiam
1151 3430 1232 3478 aestu
1253 3413 1331 3480 fati-

257 3514 435 3602 gabantur3
453 3533 486 3581 et
499 3517 576 3603 quia
589 3515 738 3580 Metellus
748 3514 892 3592 =mediam
906 3516 1008 3580 aciem
1021 3515 1207 3596 reduxerat,
1223 3517 1332 3582 tortis-

257 3616 346 3681 simae
365 3640 504 3704 quasque
524 3618 693 3700 cohortes,
717 3617 744 3680 si
765 3633 905 3698 starent,
928 3617 1040 3681 otiose
1062 3615 1255 3699 manebant,
1276 3617 1330 3682 sin

290 3866 306 3929 S
320 3867 415 3913 xxm.
427 3867 525 3914 Fenest.
538 3865 606 3930 apud
620 3867 732 3914 lactant.
747 3864 778 3913 dc
792 3869 831 3913 lra
844 3877 867 3913 et
881 3865 911 3913 de
922 3867 984 3913 Inst.
995 3867 1015 3912 1.
1025 3890 1061 3900 -
1070 3847 1176 3928 Dionys.
1187 3863 1231 3920 IV,
1245 3879 1286 3924 7⁰·
1295 3889 1331 3899 -
1396 3921 1401 3932 ,

254 3949 335 3999 suan.
354 3947 399 3997 us.
413 3951 485 4009 xiv,
502 3965 559 4013 με.
576 3949 639 4005 ens.
657 3950 759 3996 -rat
779 3931 932 4006 unuln,
948 3963 987 3996 ιι.
1008 3973 1044 3984 -
1065 3945 1081 4010 s
1101 3947 1198 3993 xxiv.
1218 3944 1330 4008 sppnu.

254 4032 329 4083 cun.
350 4031 393 4079 nn.
414 4033 435 4080 1.
456 4059 491 4070 -
511 4035 583 4082 oron
608 4059 643 4071 -
663 4023 748 4082 sioni.
770 4036 844 4082 soar.
864 4034 891 4090 1,
909 4047 929 4078 t.
952 4059 986 4068 -
1007 4029 1024 4094 s
1044 4031 1128 4078 xxv.
1146 4033 1230 4078 renent.
1253 4031 1332 4078 stru.

254 4118 292 4172 11,
315 4128 365 4168 tet
381 4119 405 4165 ³.
