2875 4900
284 430 350 476 too
448 406 518 475 JO.
546 404 899 475 FREINSHEMII
932 406 1178 477 SUPPLEM.

278 550 312 593 se
334 526 432 591 dabat
450 526 484 589 in
507 524 704 602 discrimen,
724 540 759 589 et
780 525 890 608 illum,
909 525 1016 614 qualia
1038 528 1213 611 voluisset,
1235 531 1344 597 itinera

278 633 381 695 facere
398 628 606 719 prohibebat.

321 734 363 798 X.
381 735 430 798 lta
446 750 582 797 venturu
599 730 641 795 ad
656 731 869 795 Chaeroneam
885 746 949 813 est,
964 730 1130 797 Plutarchi
1144 733 1263 799 nobilis
1275 737 1344 824 phi·

277 835 406 924 losophi
428 834 588 899 natalibus
610 834 789 912 illustrem,
815 834 873 921 qui
893 856 1004 899 rerum
1027 834 1162 899 istarum
1179 836 1342 903 historiam

276 932 472 1025 composuit.
482 938 560 1001 Erat
568 937 653 1001 inter
660 936 779 1000 auxilia
787 957 921 1001 romana
931 935 1200 1003 Chaeronensium
1209 939 1339 1021 cohors,

276 1062 368 1127 qum,
382 1039 492 1127 patriae
504 1038 648 1128 periculo
665 1052 770 1118 mota,
786 1037 891 1101 oravit
906 1036 1044 1118 Sullam,
1058 1058 1102 1100 nc
1115 1038 1265 1104 hostibus
1278 1064 1343 1107 csse

274 1138 390 1229 praedae
399 1156 576 1228 pateretur.
586 1138 674 1203 Sulla
683 1153 717 1202 et
725 1138 797 1203 illos
807 1136 849 1201 ad
858 1136 1045 1226 praesidium
1055 1139 1165 1226 patriar
1176 1162 1342 1207 occurrere

271 1242 385 1323 jussit,
402 1257 435 1305 et
450 1264 526 1313 carna
543 1262 609 1305 una
625 1240 753 1329 legione
769 1238 949 1303 Gabinium
964 1238 1133 1303 tribunum
1147 1241 1288 1305 militurn
1304 1266 1341 1305 eo

274 1344 381 1426 misit,
396 1358 550 1431 mutaque
563 1339 971 1431 Romanorum‘diligeutia
986 1338 1069 1420 fuit,
1085 1338 1172 1403 utin
1186 1342 1342 1407 servando

273 1442 397 1533 oppido
410 1442 680 1509 Chaeronensium
694 1442 842 1530 ipsorum
853 1440 930 1505 licet
939 1438 1136 1505 inflammata
1148 1441 1256 1506 studia
1269 1466 1342 1533 pra·

272 1546 408 1611 veniret.
429 1545 580 1624 Barbari,
607 1566 664 1632 spe
687 1541 841 1631 potiundi
865 1540 979 1630 oppidi
1000 1541 1138 1623 amissa,
1160 1542 1194 1606 in
1216 1544 1341 1609 Thurio

271 1647 520 1736 (confragosum
541 1643 721 1709 admodum
742 1658 775 1707 et
793 1656 994 1730 praeruptum
1014 1664 1113 1729 supra
1131 1643 1341 1711 Chaeroneam

273 1770 428 1813 cacumen
448 1746 513 1834 est)
531 1744 638 1811 rabdo
661 1743 818 1809 collocato
834 1742 1002 1833 praesidio,
1023 1743 1111 1809 haud
1133 1746 1250 1834 procul
1267 1748 1341 1812 iude

270 1865 374 1915 castra
389 1864 582 1937 posuerunt.

315 1952 375 2016 XI.
383 1952 426 2015 At
433 1951 537 2031 Sulla,
548 1949 705 2015 aestimato
719 1948 783 2011 loci
796 1948 947 2037 ingenio,
959 1970 1064 2035 quum
1077 1948 1235 2014 Barbaros
1247 1973 1340 2017 suam

272 2042 360 2141 ipsos
377 2051 621 2116 multitudinem
643 2050 794 2114 inutilem
810 2050 973 2131 effecisse,
994 2050 1057 2114 sibi
1072 2051 1124 2115 vel
1138 2050 1180 2116 ad
1197 2052 1342 2118 inferen-

256 2155 352 2221 dum
370 2153 524 2243 gradum,
539 2153 590 2217 vel
604 2150 646 2216 ad
662 2149 871 2219 referendum
885 2150 1018 2215 abunde
1033 2152 1145 2239 spatii,
1162 2152 1223 2216 illis
1237 2176 1342 2242 angu-

271 2274 320 2323 sta
330 2256 441 2321 omnia
449 2268 481 2319 et
489 2252 644 2343 impedita
657 2267 820 2331 cerneret,
831 2250 923 2340 quod
931 2251 1090 2317 hactenus
1099 2252 1343 2335 detrectaverat,

176 2361 179 2369 '
271 2356 417 2448 prelium
438 2370 588 2445 appetere
607 2354 719 2441 coepit,
737 2353 933 2442 hostemque
950 2354 1116 2419 lacessere.
1134 2356 1344 2445 Quapropter

270 2458 419 2523 bifariam
436 2456 546 2522 divisis
565 2457 685 2543 copiis,
704 2455 837 2520 sinistro
855 2478 961 2520 cornu
979 2457 1016 2520 L.
1029 2457 1208 2522 Muraeuam
1225 2463 1342 2547 praele-

268 2559 332 2642 cit,
348 2560 382 2623 in
400 2557 514 2624 dextro
532 2575 703 2624 curaturus
718 2580 726 2622 ε
741 2556 949 2621 novissimam
966 2558 1069 2621 aciem
1086 2582 1162 2624 cum
1179 2560 1343 2626 subsidia·

270 2660 325 2724 riis
338 2660 530 2725 cohortibus
540 2659 701 2748 Sulpicius
716 2675 749 2722 et
760 2659 955 2734 Hortensius
965 2660 1062 2748 legati
1075 2661 1283 2746 obtinebant,
1296 2663 1345 2730 ita

269 2761 436 2849 dispositi,
458 2779 497 2827 ut
518 2760 789 2826 circumventuris
813 2761 916 2826 aciem
940 2781 1109 2825 romanam
1133 2762 1285 2828 hostibus
1307 2788 1345 2830 se

268 2862 468 2946 objicereut3
493 2860 527 2927 id
555 2863 643 2926 enirn
668 2862 712 2925 ob
741 2883 916 2925 numerum
943 2861 1180 2945 barbarorum,
1206 2881 1240 2930 et
1264 2867 1345 2954 quia

269 2965 420 3052 equitum
436 2965 580 3052 levisque
596 2980 767 3029 armature
783 2963 947 3052 copiosam
964 2977 1099 3028 manum
1115 2965 1346 3050 ostentabant,

268 3065 419 3132 futurum
437 3066 580 3132 rebatur.

313 3169 530 3235 xt1.Erictus
546 3190 622 3234 curn
636 3165 855 3231 Homoloicho
873 3181 907 3230 et
919 3165 1121 3232 Anaxidamo
1139 3168 1346 3234 Chaeronen-

269 3270 376 3354 sibus,
394 3286 433 3334 ut
449 3267 579 3334 occulto
595 3268 722 3333 celleio
737 3268 900 3332 Thorium
918 3267 1108 3350 eraderent,
1125 3268 1261 3351 missus,
1281 3270 1349 3336 du·

254 3367 361 3436 'cibus
374 3373 436 3436 illis
450 3369 679 3457 exinproviso
697 3370 804 3458 regios
818 3369 965 3458 perculit.
976 3370 1098 3435 Totum
1114 3371 1203 3436 enirn
1216 3373 1348 3438 Roma·

268 3495 389 3537 norum
414 3471 593 3536 exercitum
613 3468 726 3534 adesse
748 3470 830 3549 rati,
853 3491 912 3559 per
933 3471 1020 3536 invia
1039 3472 1197 3561 pmcipiti
1221 3474 1348 3541 timore

267 3574 473 3650 ferebantur,
493 3571 626 3660 suisque
644 3571 706 3659 ipsi
722 3571 819 3634 erutis
835 3591 870 3634 se
885 3569 1077 3638 induebant.
1094 3571 1146 3638 Ad
1162 3574 1224 3638 tria
1240 3576 1350 3641 millia

266 3675 442 3740 hominum
453 3675 499 3738 ibi
513 3672 665 3738 cecidisse
679 3671 870 3738 creduntur.
882 3674 1016 3762 Reliqua
1032 3674 1209 3740 multitudo
1220 3679 1351 3766 partim

267 3779 301 3842 in
319 3778 517 3858 Murenam,
540 3777 699 3840 instructa
713 3775 782 3856 jam
803 3776 873 3840 acie
891 3791 1047 3858 stantem,
1064 3775 1198 3859 incidit;
1219 3779 1352 3868 partim

265 3879 308 3945 ad
322 3879 469 3944 Archelai
486 3894 586 3943 eastra
602 3876 722 3960 delata,
738 3875 881 3942 turbarit
895 3878 1130 3942 instruentium
1146 3877 1282 3944 ordines
1297 3903 1354 3945 se·

265 3981 434 4048 dulitatem
444 4029 453 4062 ,
465 3996 564 4069 atque
578 3979 690 4044 omnia
704 3995 831 4044 terrore
840 3994 875 4042 et
887 3979 1034 4044 turnulm
1044 3980 1255 4067 permiscuit:
1265 4003 1354 4048 sero

298 4184 374 4251 §11-
385 4185 494 4252 Appiam
506 4209 542 4222 ·-
554 4182 680 4236 Plutarch.
691 4210 728 4221 -
738 4181 755 4248 S
767 4184 801 4232 Χ.
813 4183 923 4250 Appiam
935 4210 971 4224 ·-
982 4183 1107 4234 stamen
