2875 4900
210 382 261 450 IN
295 379 411 448 LOC.
438 379 534 448 LIB.
562 379 772 448 Lxrtvtll
804 379 1025 450 LIVIANI.
1110 407 1157 478 ²9

99 501 198 588 hpillis
212 515 268 564 aut
285 515 355 563 arte
371 499 531 587 pretiosa,
547 499 747 587 signata-que
769 501 916 587 pecuniae
938 501 1003 563 rim
1021 501 1156 568 minime
1273 590 1277 596 ἱ

96 599 297 686 spernendam
321 601 355 664 iu
380 600 524 664 Pontum
549 600 677 664 mittere
697 623 766 664 non
792 617 843 665 est
864 602 997 666 oblitus.
1023 604 1156 692 Reperit

96 703 180 766 ctiam
196 702 315 768 ibidem
332 703 476 791 pretium
492 703 690 766 talentmum
702 703 988 792 octingentorum,
1004 705 1039 768 in
1055 728 1155 790 auro,

96 803 174 891 quod
186 804 316 870 Asiatici
331 801 450 886 ludoei,
466 818 505 869 ut
521 803 783 893 Hierosolymam
796 820 1042 893 exportaretur,
1057 807 1156 871 colle·

95 923 211 993 gerautq
226 905 366 988 deinde,
383 907 459 994 quia
474 905 697 970 Mithridatem
715 906 926 990 metuebant,
945 907 1034 997 apud
1050 911 1156 992 Coos,

97 1021 236 1095 tauquam
253 1008 418 1073 tutissimo
431 1009 524 1090 loco,
541 1007 771 1096 deposuerant.

131 1109 246 1174 XVIII.
265 1109 367 1173 Omni
384 1110 574 1174 confluente
590 1109 693 1190 Asis,
715 1109 899 1197 insulisque
911 1111 946 1174 in
964 1127 1157 1199 potestatem

95 1207 237 1293 redactis,
256 1234 360 1300 quum
379 1212 448 1276 sola
464 1210 602 1276 Rhodus
616 1212 796 1294 resisteret,
814 1212 893 1277 totis
907 1213 1032 1277 viribus
1048 1214 1082 1276 in
1097 1237 1158 1303 op-

94 1314 318 1402 pugnationem
341 1313 411 1394 ejus
436 1312 527 1378 urbis
550 1334 608 1376 rex
629 1313 791 1378 incubuit.
809 1313 973 1378 lamento
990 1314 1100 1403 plures
1121 1317 1155 1379 in

94 1413 172 1480 huuc
185 1438 285 1480 usum
300 1437 398 1480 nares
410 1413 615 1480 fabricandas
630 1431 799 1480 curaverat
812 1439 821 1479 :
836 1415 889 1480 his
900 1418 1066 1504 perfectis,
1078 1441 1155 1482 cum

93 1518 204 1604 ingenti
221 1519 323 1582 classe
341 1516 383 1582 ad
398 1518 538 1582 insulam
558 1532 608 1581 est
625 1516 791 1582 advectus,
806 1516 946 1598 Rhodii,
962 1517 1097 1600 dirutis,
1114 1543 1157 1583 ne

91 1641 147 1704 qua
160 1619 310 1686 hostibus
323 1617 651 1701 adjumentorum,
664 1617 849 1698 suburbiis,
863 1640 937 1683 suas
948 1640 1082 1708 quoque
1095 1642 1156 1685 na·

92 1740 138 1782 res
154 1720 398 1800 instruxerunt,
416 1720 461 1783 ius
477 1717 616 1784 formata
629 1719 715 1803 acie,
734 1719 855 1785 utalia
871 1737 958 1785 recta
974 1722 1008 1784 in
1025 1722 1155 1789 hostem

91 1821 265 1902 ferrentur,
280 1821 351 1885 aliae
368 1845 386 1886 a
404 1822 560 1886 lateribus
574 1822 719 1887 lacerent
732 1823 903 1912 impetum.

127 1923 213 1988 XIX.
229 1921 299 1989 Sed
317 1922 539 2005 Mithridates,
554 1945 631 1988 cum
650 1923 882 2012 quinqueremi
900 1946 959 1989 sua
973 1925 1155 1992 citcmnve·

88 2039 168 2103 ctus,
182 2024 393 2112 precipiebat
408 2026 492 2107 suis,
511 2041 549 2090 ut
564 2026 598 2088 in
616 2025 717 2089 altum
732 2024 921 2089 recedentes
936 2025 1157 2114 producerent

88 2148 197 2210 cornu,
208 2127 374 2216 celerique
385 2126 505 2192 deiude
514 2128 651 2216 remigio
662 2129 832 2215 pauciores
839 2126 1045 2192 Rhodiorum
1058 2150 1155 2195 nares

88 2227 319 2294 circumventas
339 2226 556 2293 includerent.
576 2227 630 2310 Id,
653 2230 843 2315 priusquam
866 2227 971 2312 lieret,
995 2232 1155 2321 suspicata

87 2329 185 2395 classis
200 2328 429 2410 Rhodiorum,
449 2329 571 2393 sensim
593 2350 613 2392 e
632 2328 746 2416 praelio
768 2349 804 2393 sc
822 2331 968 2418 recepit3
996 2354 1073 2396 moa
1097 2357 1154 2398 ex-

86 2433 184 2517 pansis
194 2431 277 2499 velis
288 2429 410 2521 refugit
417 2430 452 2494 in
461 2445 607 2519 portum.
618 2429 774 2495 Ponticos
788 2431 936 2496 celeriter
945 2432 1154 2522 insequentes

86 2536 225 2623 opposita
242 2534 384 2599 claustra
396 2532 638 2621 prohibuerunt
653 2531 822 2620 ingressu3
840 2532 974 2597 simula
991 2537 1155 2601 moenibus

85 2635 279 2701 ballistarum
294 2633 573 2723 scorpionumque
586 2632 659 2697 telis
676 2632 768 2721 petiti
778 2681 787 2714 ,
798 2651 1015 2700 'recesseruna
1027 2636 1080 2701 Ab
1090 2638 1155 2702 boc

84 2754 223 2827 tenpore
252 2734 476 2822 Mithridates,
499 2734 606 2800 donec
626 2733 793 2822 pedestres
809 2735 912 2822 copias
931 2734 1153 2817 advenissent,

83 2840 327 2928 oppugnatione
348 2835 768 2917 abstinuit31eriatantum
784 2838 960 2901 certamina
982 2837 1024 2901 ad
1041 2860 1154 2902 muros

84 2938 220 3006 iebant:
238 2938 363 3028 quibus
386 2939 581 3027 plerumque
597 2938 782 3027 superiores
800 2937 941 3020 Rhodii,
962 2940 1063 3029 magis
1084 2962 1154 3003 ma·

84 3044 191 3131 gisque
203 3040 488 3109 confirmabantur
502 3038 636 3122 animis,
650 3054 842 3127 paratasque
854 3039 896 3104 ad
909 3038 1116 3125 audendum,
1127 3043 1154 3106 si

83 3167 142 3230 qua
156 3145 289 3211 occasio
307 3166 342 3207 se
360 3141 518 3224 dedisset,
533 3162 630 3207 nares
646 3140 821 3205 habebant.

120 3247 194 3313 XX.
217 3248 320 3311 Forte
338 3245 372 3309 iu
396 3244 577 3309 cumanam
598 3266 638 3309 ex
655 3243 771 3332 regiis,
788 3257 905 3331 praeter
926 3259 1059 3333 portum
1084 3249 1154 3313 vela

83 3348 269 3428 facientem,
288 3344 417 3410 Rhodia
432 3344 576 3411 dicrotos
596 3346 724 3409 invecta
745 3345 875 3409 suerat:
896 3344 937 3409 ab
954 3345 1018 3410 boc
1040 3346 1155 3433 initio,

22 3454 23 3511 i
82 3472 178 3535 quum
195 3452 357 3537 utrinque
375 3447 416 3512 ad
433 3470 569 3513 suorum
587 3447 743 3513 auxilium
765 3448 877 3513 multae
895 3470 993 3515 nares
1012 3449 1154 3516 adremi-

81 3570 224 3639 gasseut,
248 3554 284 3616 in
312 3548 385 3616 a‘cre
408 3566 573 3616 certamen
602 3550 772 3615 contentio
801 3550 928 3616 evaluit.
962 3552 1029 3617 Diu
1054 3571 1153 3642 atque

81 3651 289 3718 vehementer
308 3667 358 3716 est
375 3667 578 3740 pugnatum,
596 3672 701 3739 quum
723 3649 944 3718 dissimillimis
965 3655 1071 3719 causis
1095 3678 1155 3744 par

81 3770 298 3842 utrorumque
316 3752 420 3817 robur
436 3768 530 3817 esset.
547 3750 683 3817 Rhodiis
704 3774 756 3816 ars
778 3754 1053 3843 gubernatorum,
1070 3755 1153 3819 ordo

81 3857 227 3939 nauum,
242 3856 359 3945 petitia
373 3854 536 3946 remigum
549 3853 660 3920 aderat
671 3878 680 3935 3
691 3854 919 3943 prefectorum
933 3878 1067 3943 quoque
1079 3854 1156 3918 dex-

109 4063 124 4128 S
137 4067 224 4117 xvu.
235 4065 316 4115 strab.
328 4082 368 4133 ap.
380 4068 483 4134 loseph.
492 4069 564 4129 m,
577 4084 616 4118 ra.
627 4096 662 4108 -
673 4069 727 4121 Cic.
737 4086 784 4136 pro
793 4071 873 4121 Flacc.
883 4085 938 4135 cap.
948 4072 990 4118 all.
1005 4096 1040 4107 -
1049 4070 1152 4135 loseph.

79 4174 108 4183 -
120 4148 174 4199 Ην.
184 4150 256 4215 Epit.
264 4176 298 4189 -·
306 4150 415 4217 Appian.
