2875 4900
304 392 373 466 558
477 396 546 463 JO.
574 394 914 465 FREINSHEMII
944 384 1187 462 SUPPLEbI.

299 516 499 582 seditionibus
509 564 520 596 ,
537 528 570 579 et
587 514 685 578 Julioe
706 536 774 579 suoe
795 514 912 579 dela'ct'u
934 512 1028 577 Ιιοηιο
1048 514 1179 577 ιιωονίιιε
1186 506 1341 597 furemur.

302 617 448 683 Camitiis
471 615 737 705 magistratuum,
757 616 806 679 uti
827 616 998 679 valuerant
1014 614 1180 694 consides,
1193 611 1343 699 perfectis,

299 720 370 809 ipsi'
382 717 503 782 nullius
519 717 568 780 rei
585 712 797 804 cupiditatem
813 716 1039 804 praeferentes,
1060 716 1095 779 in
1116 714 1250 803 speciem
1267 712 1345 800 quic-

300 821 442 887 scebant,
464 821 508 883 At
531 819 567 881 C.
590 816 791 899 Trebonius,
815 817 969 882 tribunus
993 816 1114 906 plebis,
1131 836 1228 879 suum-
1242 832 1345 877 namen

298 922 460 1012 rogatiani
476 916 723 999 aammodabat,
743 940 808 1005 qua
824 918 1015 983 oonsulibus
1031 914 1249 1006 provincitein
1265 913 1346 1000 quia·

300 1023 497 1112 quenninm,
514 1018 604 1108 Syria
620 1034 654 1084 et
666 1019 821 1108 Hispania
833 1021 928 1109 (nam
943 1036 977 1085 et
991 1019 1179 1109 Hispaniam
1191 1015 1347 1109 aquitanici

298 1125 376 1189 belli
391 1122 509 1187 vicinia
524 1120 769 1207 commoverat)
785 1120 1031 1187 destinabantur
1046 1143 1055 1185 ε
1072 1118 1291 1201 adjiciebatur,
1306 1114 1346 1179 uti

298 1226 408 1314 capias
424 1222 543 1287 civium
558 1221 791 1309 sociorumque
808 1222 1070 1301 conscriberent,
1086 1235 1221 1308 quantas
1235 1240 1253 1283 e
1267 1239 1348 1307 repu-

296 1327 380 1390 blica
403 1340 436 1388 et
458 1322 522 1387 fide
543 1344 602 1387 sua
621 1321 798 1405 ducerent3
823 1322 899 1387 belli
921 1324 1015 1389 etiam
1037 1338 1071 1387 et
1086 1323 1174 1411 pacis
1194 1320 1345 1387 arbitrium

296 1449 373 1491 cum
388 1424 534 1489 finitimis
548 1422 678 1513 regibus
692 1440 791 1512 atque
804 1424 991 1489 nationibus
1005 1446 1103 1513 penes
1117 1426 1205 1513 ipsos
1219 1438 1306 1487 esset.

340 1526 446 1590 XVII.
469 1526 546 1589 llaec
564 1524 605 1589 ab
629 1524 724 1588 initio
748 1546 814 1588 non
836 1525 904 1589 aliis
924 1524 1041 1607 moda,
1064 1525 1121 1591 sed
1140 1526 1235 1589 etiam
1251 1521 1345 1587 amicis

296 1628 430 1693 Caesaris
447 1648 563 1714 parum
577 1627 771 1715 placebant,
783 1626 872 1713 quad
886 1626 950 1707 jam
972 1628 1125 1715 pleraque
1141 1650 1215 1716 pars
1235 1642 1345 1713 tempa-

294 1730 356 1813 ris,
375 1751 443 1819 quo
455 1727 627 1818 imperium
638 1728 708 1809 ejus
719 1726 907 1806 finiebatur,
921 1728 1107 1809 transierat,
1119 1750 1162 1791 nc
1175 1724 1344 1813 aPompeia

296 1834 495 1920 Crassaque,
506 1845 629 1895 tantam
641 1830 822 1917 potentiam
833 1828 974 1919 adeptis,
990 1830 1244 1918 opprImeretur3
1254 1827 1344 1892 donec

293 1933 329 1997 bi
344 1956 428 1997 nara
444 1932 613 2020 pactione,
631 1928 674 1993 de
688 1930 896 2020 prorogando
908 1932 1025 1995 Caesari
1036 1932 1174 2020 imperio
1190 1928 1342 1995 ferendum

295 2050 479 2114 curaturos,
496 2030 740 2096 adstrinxerunt
755 2029 863 2097 fidem.
881 2033 931 2096 lta
952 2031 1194 2120 quiescentibus
1211 2029 1343 2097 casaria

294 2135 363 2216 nis,
386 2134 514 2220 reliquo
535 2132 659 2219 popula
680 2132 844 2215 obnoxio,
862 2150 919 2197 aut
935 2133 1145 2223 desperante,
1171 2150 1342 2199 nemama·

294 2256 438 2324 gnopere
448 2232 619 2297 metonis
634 2233 713 2322 legi,
733 2249 850 2321 praeter
870 2235 1027 2301 Catonem
1044 2252 1142 2325 atque
1159 2235 1341 2311 Favonium,

291 2336 509 2425 repugnabat,
530 2333 661 2399 dnobus
682 2334 822 2399 tribunis
845 2334 945 2430 plebis
962 2336 1023 2402 bas
1038 2336 1274 2416 adjuvantibus.
1290 2329 1342 2399 sd

289 2438 442 2504 adversus
460 2455 623 2503 tantarum
638 2436 817 2503 factionum
839 2461 934 2526 opes,
955 2461 1070 2527 parum
1092 2438 1220 2504 roboris
1240 2438 1272 2502 in
1287 2451 1341 2500 tara

289 2542 400 2629 paucis
413 2555 497 2621 erat,
514 2539 685 2628 legemque
695 2539 882 2606 dissuadere
892 2541 1077 2606 valentibus
1091 2563 1133 2604 ne
1143 2555 1271 2630 tempus
1280 2536 1341 2626 qui·

289 2643 365 2708 dem
381 2643 538 2706 idoneum
552 2663 744 2708 concessum
760 2659 819 2710 est.

334 2745 458 2810 XVllI.
478 2744 615 2808 Unicum
635 2744 750 2808 haram
766 2745 910 2810 Favonio
931 2743 1279 2825 dederatTrebonius,
1299 2741 1341 2804 vix

289 2849 331 2914 ad
356 2844 562 2936 querendum
584 2843 625 2910 de
649 2846 805 2934 temporis
833 2847 982 2936 angustia
1007 2841 1171 2912 sufficiens
1194 2845 1339 2936 spatium:

289 2950 372 3014 duas
390 2951 471 3013 Cato
494 2967 598 3034 quum
621 2946 812 3033 accepisset,
833 2946 953 3012 frustra
975 2946 1169 3038 denegatio
1191 2947 1340 3013 dicturum

287 3050 491 3138 intelligens,
508 3047 610 3110 multa
625 3046 792 3111 monenda
806 3047 1078 3137 praedicandaque
1092 3065 1222 3138 tempus
1237 3048 1342 3113 exime·

286 3155 359 3236 bat3
380 3151 486 3216 danea
504 3149 744 3238 interpellatus,
770 3165 818 3232 et,
842 3151 918 3239 quia
943 3151 1046 3215 nihilo
1072 3153 1176 3216 secius
1201 3147 1341 3240 pergebat

285 3254 408 3333 dicere,
425 3251 466 3316 de
476 3251 601 3315 Rostris
615 3249 778 3315 detractus
793 3267 852 3317 est
867 3253 980 3334 Quum
994 3253 1040 3316 sic
1054 3253 1151 3316 etiam
1166 3248 1341 3318 exsinferia·

285 3355 378 3419 ribus
401 3353 474 3416 laco
494 3351 685 3415 vociferanti
703 3354 845 3440 populus
867 3353 1080 3430 auscultaret,
1092 3355 1219 3419 iterum
1237 3353 1340 3416 missus

285 3480 305 3520 a
320 3454 454 3518 tribuna
469 3453 590 3533 viator,
607 3452 682 3516 faro
704 3475 781 3516 eum
805 3453 926 3519 eduxit.
951 3455 1020 3518 Nec
1040 3455 1164 3542 quievit
1178 3455 1250 3536 ille,
1272 3471 1340 3540 qua-

285 3558 396 3622 minus
410 3554 518 3619 statim
536 3569 768 3634 reverteretur,
785 3570 818 3618 ct
833 3555 994 3642 papulum
1008 3555 1050 3619 ad
1064 3555 1276 3644 praestandam
1287 3547 1339 3616 sibi

285 3655 466 3724 secundum
485 3675 593 3719 mores
609 3670 642 3718 et
659 3655 746 3744 leges
762 3654 959 3720 audientiam
974 3656 1169 3722 inclamaret.

327 3759 419 3824 XIX.
444 3756 484 3820 ld
504 3777 608 3842 quum
634 3756 751 3843 saepius
770 3774 854 3822 esset
876 3757 1014 3838 facturn,
1039 3773 1177 3821 aestuans
1192 3756 1339 3820 dalareet

285 3885 362 3927 cura
371 3857 556 3924 Trebonius
570 3856 688 3922 adduci
704 3857 827 3921 eumin
843 3879 1003 3924 carcerem
1016 3858 1121 3940 jussit.
1130 3857 1194 3924 Sed
1209 3854 1337 3946 papulus

317 4061 418 4126 ΗΠ.
432 4059 496 4107 Plnt.
510 4059 536 4106 in
547 4059 649 4115 Crasso,
662 4074 685 4105 c.
698 4059 745 4115 aa.
756 4067 780 4107 et
793 4059 819 4106 ia
833 4060 920 4122 Pomp.
935 4070 960 4108 et
970 4059 1032 4109 Casa.
1041 4058 1144 4134 5⁰3⁰·
1155 4057 1299 4123 -Appiau
1309 4077 1335 4088 -

282 4145 347 4195 Vell.
361 4145 401 4200 ll,
415 4143 448 4198 46
462 4155 487 4192 et
506 4145 549 4198 tt.
563 4169 597 4180 ·-
611 4141 628 4206 S
639 4143 723 4190 XVII.
740 4143 797 4191 Dio.
807 4170 842 4181 —
851 4143 916 4190 Plut.
926 4145 952 4192 ln
964 4143 1018 4194 Cat.
1030 4171 1064 4181 —
1082 4141 1098 4206 S
1112 4145 1212 4192 xvnt.
1220 4142 1280 4193 ntur.
