2875 4900
134 2193 146 2220 Ι

352 395 405 463 m
436 391 548 462 noc.
574 395 668 462 tm.
697 397 767 463 cx
793 392 1008 462 mutarn.
1143 389 1216 487 op,

147 512 253 578 ·Nam
276 511 303 576 si
322 529 434 601 postea
458 513 508 576 vel
529 513 655 577 minimi
677 529 787 577 motus
809 529 867 576 aut
886 529 1033 578 auctores
1052 514 1140 594 aliis,
1159 529 1217 578 aut

148 614 250 678 «socii
267 614 411 694 fueritis,
424 615 540 679 veteris
554 615 652 680 simul
664 616 868 702 recentisque
884 613 992 678 delicti
1006 635 1135 702 poenam
1147 637 1216 678 non

147 714 343 804 «effugietis.
359 715 497 780 Militem
512 739 580 779 non
595 715 701 780 solum
722 715 920 780 indefessum
936 714 976 779 ad
994 716 1137 799 labores,
1155 717 1217 780 im·

146 846 161 870 ι
171 817 301 905 pigrum
315 815 357 881 ad
372 817 497 904 praelia,
514 815 682 881 sedetiam
699 818 749 882 vel
768 818 907 882 maxime
923 818 1123 907 morigerum
1141 817 1217 886 duci

149 941 241 982 «esse
263 933 416 1016 oportet:
440 917 505 984 hoc
527 919 554 982 si
578 919 679 1000 absit,
704 920 828 1008 reliqua
855 920 971 1008 saepius
989 920 1024 982 i'n
1040 920 1216 1008 perniciem

149 1018 342 1100 nomnium,
372 1041 470 1106 quam
499 1019 692 1107 cujusquam
721 1020 897 1086 commodo
925 1019 1057 1086 cedunt.
1080 1022 1219 1102 Majores

149 1149 163 1174 ι
174 1119 294 1202 nostri,
310 1141 410 1208 penes
431 1142 514 1208 quos
537 1119 662 1208 aliquot
678 1121 794 1184 seculis
809 1145 937 1186 summa
953 1122 1031 1186 belli
1046 1121 1148 1211 gloria
1161 1144 1221 1210 per

150 1221 324 1298 «homines
345 1223 427 1304 fuit,
451 1223 570 1286 nullius
593 1222 640 1285 rei
665 1221 909 1312 diligentiores,
927 1246 1026 1312 quam
1044 1223 1220 1312 disciplinae

150 1354 164 1380 ι
174 1324 337 1406 militaris,
350 1323 502 1388 custodes
517 1324 663 1388 fuerunt.
681 1322 800 1387 Iisdem
816 1323 878 1387 illis
893 1341 1019 1388 certum
1036 1324 1222 1388 immotum·

149 1454 164 1480 ι
173 1447 237 1512 que
251 1447 380 1514 semper
392 1425 473 1506 fuit,
487 1424 560 1514 plus
567 1423 607 1488 in
621 1421 721 1507 duce,
738 1445 836 1511 quam
850 1423 885 1486 in
898 1426 1041 1488 exercitu
1051 1447 1218 1514 reponere.

195 1526 325 1592 XLVII.
342 1527 475 1614 «Atque
491 1526 555 1590 hoc
569 1525 721 1589 universa
738 1546 849 1588 rerum
867 1539 984 1588 natura
1005 1524 1122 1590 docere
1139 1547 1220 1614 pau·

151 1628 270 1716 «lisper
287 1643 427 1692 attentos
444 1626 633 1692 debuisset:
654 1625 776 1714 ubique
791 1623 926 1687 minoris
941 1639 1007 1706 est,
1026 1625 1117 1713 quod
1136 1626 1222 1714 regi·

152 1759 165 1782 ι
176 1743 243 1810 tur,
254 1751 352 1818 quam
362 1727 452 1817 quod
462 1729 617 1816 imperat:
627 1725 769 1815 ideoque
778 1723 905 1806 Jovein,
919 1718 1012 1821 cujus
1020 1724 1054 1788 in
1063 1741 1223 1814 potestate

153 1863 167 1886 a
177 1830 286 1894 omnia
300 1853 368 1894 esse
382 1829 562 1912 credimus,
576 1828 739 1917 optimum
750 1826 994 1912 maximumque
1003 1847 1177 1908 vocamus3
1191 1842 1224 1890 et

153 1962 167 1988 ι
177 1931 211 1994 in
225 1931 369 2013 homine,
385 1931 540 1994 membris
553 1929 708 1996 omnibus
721 1944 858 2016 totoque
871 1917 1019 2014 corpore,
1032 1948 1100 1990 una
1113 1949 1224 2009 mens,

150 2036 196 2095 'aa
209 2053 274 2119 qua
287 2049 462 2122 reguntur,
479 2032 588 2120 potior
610 2048 670 2096 est.
693 2033 770 2096 Haec
789 2031 880 2119 prius
899 2020 1078 2116 intelligere
1096 2051 1154 2092 vos
1169 2051 1224 2093 vo-

153 2133 325 2214 «luissem,
345 2149 377 2197 et
395 2147 463 2197 erat
481 2131 615 2196 melius:
632 2147 669 2196 ut
685 2147 794 2196 tamen
814 2129 911 2194 simul
926 2143 960 2192 et
974 2130 1159 2194 necessariae
1172 2153 1224 2195 se-

155 2233 336 2314 ·ven'tatis,
354 2249 387 2297 et
402 2233 504 2298 solitae
518 2232 695 2296 clementie
709 2253 789 2296 mere
804 2230 887 2294 ratio
902 2227 1075 2310 habeatur,
1091 2228 1126 2291 in
1142 2250 1225 2318 pau·

152 2363 168 2390 ι
178 2355 233 2398 cos
247 2333 341 2398 edam
355 2334 557 2422 exemplum,
572 2332 662 2422 quod
675 2333 709 2396 in
724 2347 827 2398 totam
839 2330 1001 2421 legionem
1015 2317 1223 2418 oportuisset.
1243 2345 1253 2360 '

156 2437 319 2500 «Centum
335 2452 368 2501 ct
382 2436 498 2526 viginti
515 2433 682 2501 seditionis
698 2451 847 2499 auctores
866 2431 1130 2522 deposco,‘unde
1142 2433 1226 2499 duo-

155 2567 169 2592 «
179 2536 285 2603 decim
298 2537 340 2603 ad
353 2558 484 2626 poenam
501 2536 587 2603 sorte
601 2553 779 2618 vocentur3
794 2552 827 2600 et
842 2536 904 2600 erit
921 2534 1053 2623 aliquod
1068 2536 1226 2624 preniten-

156 2639 231 2703 «tioe
244 2638 393 2728 signum,
408 2640 435 2703 si
448 2639 605 2727 pessimos
621 2638 772 2703 homines
788 2636 979 2701 obedienter
992 2636 1198 2701 tradideritis.
1211 2666 1224 2695 ι

155 2742 264 2805 Sortes
280 2740 324 2803 ita
343 2739 385 2806 de
404 2764 439 2804 re
459 2739 618 2804 industria
639 2756 716 2803 sunt
735 2754 939 2827 temperatae,
959 2753 997 2802 ut
1015 2738 1222 2803 seditiosissi-

157 2862 230 2905 mus
251 2840 389 2929 quisque
410 2839 594 2906 duceretur.
618 2838 682 2905 Sed
698 2839 800 2929 quum
820 2862 860 2902 ex
876 2838 941 2903 boc
962 2860 1100 2904 numero
1117 2863 1224 2905 unum

157 2956 303 3027 tempore
319 2940 487 3010 seditionis
511 2940 651 3005 abfuisse
673 2955 852 3021 constaret,
869 2941 1112 3022 centurionem,
1132 2943 1224 3023 cujus

157 3040 318 3105 calumnia
337 3062 457 3105 nomen
479 3041 621 3106 delatum
639 3040 821 3105 innocentis
836 3041 958 3123 fuerat,
971 3064 1032 3129 pro
1049 3042 1105 3106 illo
1122 3044 1226 3107 Cesar

156 3140 260 3214 occidi
270 3142 376 3222 jussit.
394 3144 454 3208 His
466 3142 571 3207 securi
584 3143 763 3231 percussis,
777 3158 981 3207 exauctorata
995 3143 1080 3233 legio
1095 3166 1162 3208 non
1180 3145 1226 3208 fe·

157 3264 232 3307 reus
248 3243 477 3332 ignominiam,
495 3256 600 3330 quum
619 3243 782 3332 repudiari
800 3265 891 3306 suam
908 3264 1040 3330 operam
1056 3260 1223 3325 cerneret,
1246 3294 1250 3303 .

158 3364 226 3407 non
245 3344 370 3409 destitit
385 3344 567 3409 satisfacere
582 3344 786 3431 imperatori,
806 3342 911 3407 donec
928 3342 1041 3407 multis
1055 3358 1089 3407 et
1102 3345 1226 3433 suppli·

158 3443 250 3508 cibus
270 3446 421 3534 precihus
440 3460 592 3525 exorato,
607 3444 780 3531 pristinum
799 3444 834 3507 in
849 3440 1086 3509 sacramentum
1101 3445 1225 3534 recipe·

157 3560 258 3609 retur.
606 3610 610 3617 ,

202 3646 349 3711 XLVIII.
370 3646 557 3711 Placentina
574 3646 735 3711 seditione
752 3648 948 3735 composita,
966 3649 1070 3712 Caesar
1082 3647 1226 3737 legiones

157 3747 304 3811 maximis
325 3747 496 3811 itineribus
512 3748 546 3811 in
559 3748 708 3836 Apuliam
725 3763 758 3811 et
777 3748 940 3813 Bruttium
959 3748 1076 3828 mittit,
1094 3747 1224 3811 navium

157 3845 304 3936 undique
319 3847 614 3913 contrahendarum
631 3870 744 3929 causa;
757 3848 827 3937 ipse
843 3849 981 3913 Romam
995 3850 1029 3912 in
1045 3848 1160 3912 faciem
1171 3871 1225 3937 pa·

156 3950 201 4013 cis
223 3972 300 4015 cum
324 3949 441 4014 inermi
465 3949 622 4014 comitatu
644 3949 831 4039 profectus,
853 3950 1046 4015 dictaturam
1069 3948 1163 4030 iniit,
1185 3965 1224 4013 ut

191 4140 207 4206 5
219 4144 322 4192 mu.
336 4144 393 4193 Dio.
405 4170 438 4181 —
447 4142 556 4209 Appiau.
564 4170 598 4181 --
607 4147 690 4193 Front.
701 4144 776 4193 Strut.
785 4146 831 4204 tv,
840 4144 865 4193 ⁵.
875 4147 1060 4202 -‚Suetou.-
1070 4145 1161 4191 lateam
1172 4141 1189 4191 l.
1197 4157 1220 4191 e.
