<?xml version="1.0" encoding="UTF-8"?>
<!DOCTYPE html PUBLIC "-//W3C//DTD XHTML 1.0 Transitional//EN"
    "http://www.w3.org/TR/xhtml1/DTD/xhtml1-transitional.dtd">
<html xmlns="http://www.w3.org/1999/xhtml" xml:lang="en" lang="en">
 <head>
  <title>
</title>
<meta http-equiv="Content-Type" content="text/html;charset=utf-8" />
  <meta name='ocr-system' content='tesseract 3.04.00' />
  <meta name='ocr-capabilities' content='ocr_page ocr_carea ocr_par ocr_line ocrx_word'/>
</head>
<body>
  <div class='ocr_page' id='page_1' title='image "bibliothecaclas116lemagoog_0640.png"; bbox 0 0 2875 4900; ppageno 0'>
   <div class='ocr_carea' id='block_1_1' title="bbox 264 311 1157 389">
    <p class='ocr_par' dir='ltr' id='par_1_1' title="bbox 264 311 1157 389">
     <span class='ocr_line' id='line_1_1' title="bbox 264 311 1157 389; baseline -0.013 1"><span class='ocrx_word' id='word_1_1' title='bbox 264 314 334 389; x_wconf 77' lang='lat'>632</span> <span class='ocrx_word' id='word_1_2' title='bbox 440 313 879 383; x_wconf 77' lang='lat' dir='ltr'>10.rttE1ttsttttttll</span> <span class='ocrx_word' id='word_1_3' title='bbox 908 311 1157 380; x_wconf 78' lang='lat' dir='ltr'>surrttttt.</span> 
     </span>
    </p>
   </div>
   <div class='ocr_carea' id='block_1_2' title="bbox 150 430 1404 3850">
    <p class='ocr_par' dir='ltr' id='par_1_2' title="bbox 262 430 1340 1733">
     <span class='ocr_line' id='line_1_2' title="bbox 264 430 1337 519; baseline -0.008 -18"><span class='ocrx_word' id='word_1_4' title='bbox 264 436 435 501; x_wconf 83' lang='lat' dir='ltr'>interfecto</span> <span class='ocrx_word' id='word_1_5' title='bbox 451 436 591 501; x_wconf 85' lang='lat' dir='ltr'>maximo</span> <span class='ocrx_word' id='word_1_6' title='bbox 609 434 778 499; x_wconf 78' lang='lat' dir='ltr'>Gallorum</span> <span class='ocrx_word' id='word_1_7' title='bbox 792 453 949 512; x_wconf 83' lang='lat' dir='ltr'>numero,</span> <span class='ocrx_word' id='word_1_8' title='bbox 963 430 1108 519; x_wconf 72' lang='lat' dir='ltr'>reliquos</span> <span class='ocrx_word' id='word_1_9' title='bbox 1121 452 1143 493; x_wconf 86' lang='lat' dir='ltr'>e</span> <span class='ocrx_word' id='word_1_10' title='bbox 1153 449 1337 519; x_wconf 82' lang='lat' dir='ltr'>conspectu</span> 
     </span>
     <span class='ocr_line' id='line_1_3' title="bbox 265 530 1336 626; baseline -0.007 -25"><span class='ocrx_word' id='word_1_11' title='bbox 265 538 448 601; x_wconf 83' lang='lat' dir='ltr'>absmhssct</span> <span class='ocrx_word' id='word_1_12' title='bbox 459 536 553 626; x_wconf 81' lang='lat' dir='ltr'>Inga;</span> <span class='ocrx_word' id='word_1_13' title='bbox 566 551 746 601; x_wconf 83' lang='lat' dir='ltr'>convocato</span> <span class='ocrx_word' id='word_1_14' title='bbox 756 534 893 599; x_wconf 80' lang='lat' dir='ltr'>suorum</span> <span class='ocrx_word' id='word_1_15' title='bbox 904 530 1059 613; x_wconf 78' lang='lat' dir='ltr'>oondho,</span> <span class='ocrx_word' id='word_1_16' title='bbox 1071 530 1336 619; x_wconf 76' lang='lat' dir='ltr'>Vercingetorix,</span> 
     </span>
     <span class='ocr_line' id='line_1_4' title="bbox 263 631 1338 725; baseline -0.007 -21"><span class='ocrx_word' id='word_1_17' title='bbox 263 642 371 703; x_wconf 76' lang='lat' dir='ltr'>ommia</span> <span class='ocrx_word' id='word_1_18' title='bbox 383 662 416 703; x_wconf 81' lang='lat' dir='ltr'>se</span> <span class='ocrx_word' id='word_1_19' title='bbox 432 640 514 703; x_wconf 83' lang='lat' dir='ltr'>bona</span> <span class='ocrx_word' id='word_1_20' title='bbox 518 635 596 725; x_wconf 85' lang='lat' dir='ltr'>fide</span> <span class='ocrx_word' id='word_1_21' title='bbox 598 636 735 725; x_wconf 66' lang='lat' dir='ltr'>finisse,</span> <span class='ocrx_word' id='word_1_22' title='bbox 756 633 1016 715; x_wconf 74' lang='lat' dir='ltr'><strong>demonstrabat,</strong></span> <span class='ocrx_word' id='word_1_23' title='bbox 1027 655 1091 721; x_wconf 82' lang='lat' dir='ltr'>quo</span> <span class='ocrx_word' id='word_1_24' title='bbox 1099 631 1338 721; x_wconf 69' lang='lat' dir='ltr'>pubb&#39;oulileu</span> 
     </span>
     <span class='ocr_line' id='line_1_5' title="bbox 264 731 1339 824; baseline -0.007 -20"><span class='ocrx_word' id='word_1_25' title='bbox 264 754 314 804; x_wconf 83' lang='lat' dir='ltr'>tos</span> <span class='ocrx_word' id='word_1_26' title='bbox 329 755 418 803; x_wconf 76' lang='lat' dir='ltr'>sarta</span> <span class='ocrx_word' id='word_1_27' title='bbox 438 754 522 803; x_wconf 82' lang='lat' dir='ltr'>tecta</span> <span class='ocrx_word' id='word_1_28' title='bbox 529 736 645 824; x_wconf 83' lang='lat' dir='ltr'>soret‚·</span> <span class='ocrx_word' id='word_1_29' title='bbox 663 737 719 801; x_wconf 81' lang='lat' dir='ltr'>ted</span> <span class='ocrx_word' id='word_1_30' title='bbox 733 738 887 824; x_wconf 77' lang='lat' dir='ltr'>quoniam</span> <span class='ocrx_word' id='word_1_31' title='bbox 902 738 944 798; x_wconf 78' lang='lat' dir='ltr'>vi</span> <span class='ocrx_word' id='word_1_32' title='bbox 960 737 1149 814; x_wconf 67' lang='lat' dir='ltr'>tinem,</span> <span class='ocrx_word' id='word_1_33' title='bbox 1170 731 1293 821; x_wconf 76' lang='lat' dir='ltr'>offerre</span> <span class='ocrx_word' id='word_1_34' title='bbox 1305 757 1339 797; x_wconf 81' lang='lat' dir='ltr'>se</span> 
     </span>
     <span class='ocr_line' id='line_1_6' title="bbox 264 837 1338 929; baseline -0.005 -23"><span class='ocrx_word' id='word_1_35' title='bbox 264 864 375 929; x_wconf 75' lang='lat' dir='ltr'>corpus</span> <span class='ocrx_word' id='word_1_36' title='bbox 396 864 488 905; x_wconf 76' lang='lat' dir='ltr'>suren</span> <span class='ocrx_word' id='word_1_37' title='bbox 504 840 552 903; x_wconf 83' lang='lat' dir='ltr'>ad</span> <span class='ocrx_word' id='word_1_38' title='bbox 567 837 747 903; x_wconf 72' lang='lat' dir='ltr'>mwdibet</span> <span class='ocrx_word' id='word_1_39' title='bbox 762 838 996 916; x_wconf 67' lang='lat' dir='ltr'>condiderant,</span> <span class='ocrx_word' id='word_1_40' title='bbox 1015 839 1076 900; x_wconf 67' lang='lat' dir='ltr'>siu</span> <span class='ocrx_word' id='word_1_41' title='bbox 1091 850 1193 900; x_wconf 79' lang='lat' dir='ltr'>morte</span> <span class='ocrx_word' id='word_1_42' title='bbox 1208 858 1272 899; x_wconf 82' lang='lat' dir='ltr'>sua</span> <span class='ocrx_word' id='word_1_43' title='bbox 1285 859 1338 901; x_wconf 85' lang='lat' dir='ltr'>sa·</span> 
     </span>
     <span class='ocr_line' id='line_1_7' title="bbox 264 936 1339 1026; baseline -0.005 -22"><span class='ocrx_word' id='word_1_44' title='bbox 264 938 409 1026; x_wconf 77' lang='lat' dir='ltr'>tissacere</span> <span class='ocrx_word' id='word_1_45' title='bbox 422 940 592 1017; x_wconf 81' lang='lat' dir='ltr'>Romanis,</span> <span class='ocrx_word' id='word_1_46' title='bbox 610 939 672 1001; x_wconf 81' lang='lat' dir='ltr'>sive</span> <span class='ocrx_word' id='word_1_47' title='bbox 685 937 800 1001; x_wconf 81' lang='lat' dir='ltr'>dedere</span> <span class='ocrx_word' id='word_1_48' title='bbox 813 940 922 1001; x_wconf 67' lang='lat' dir='ltr'>urbm</span> <span class='ocrx_word' id='word_1_49' title='bbox 936 936 1063 999; x_wconf 72' lang='lat' dir='ltr'>malint</span> <span class='ocrx_word' id='word_1_50' title='bbox 1081 937 1198 1019; x_wconf 86' lang='lat' dir='ltr'>Quum</span> <span class='ocrx_word' id='word_1_51' title='bbox 1213 936 1339 1001; x_wconf 84' lang='lat' dir='ltr'>deditio</span> 
     </span>
     <span class='ocr_line' id='line_1_8' title="bbox 264 1038 1338 1127; baseline -0.003 -24"><span class='ocrx_word' id='word_1_52' title='bbox 264 1039 455 1127; x_wconf 75' lang='lat' dir='ltr'>placuisset,</span> <span class='ocrx_word' id='word_1_53' title='bbox 474 1038 612 1126; x_wconf 86' lang='lat' dir='ltr'>sumptis</span> <span class='ocrx_word' id='word_1_54' title='bbox 635 1039 880 1125; x_wconf 83' lang='lat' dir='ltr'>speciosissimis</span> <span class='ocrx_word' id='word_1_55' title='bbox 902 1038 1000 1101; x_wconf 84' lang='lat' dir='ltr'>armis</span> <span class='ocrx_word' id='word_1_56' title='bbox 1022 1038 1213 1125; x_wconf 79' lang='lat' dir='ltr'>eximioque</span> <span class='ocrx_word' id='word_1_57' title='bbox 1230 1060 1338 1125; x_wconf 82' lang='lat' dir='ltr'>equo,</span> 
     </span>
     <span class='ocr_line' id='line_1_9' title="bbox 265 1137 1340 1227; baseline -0.004 -22"><span class='ocrx_word' id='word_1_58' title='bbox 265 1139 403 1205; x_wconf 82' lang='lat' dir='ltr'>venitin</span> <span class='ocrx_word' id='word_1_59' title='bbox 422 1156 527 1203; x_wconf 79' lang='lat' dir='ltr'>castra</span> <span class='ocrx_word' id='word_1_60' title='bbox 542 1140 675 1203; x_wconf 70' lang='lat' dir='ltr'>Caesaris</span> <span class='ocrx_word' id='word_1_61' title='bbox 683 1138 948 1227; x_wconf 88' lang='lat' dir='ltr'>,sedentemque</span> <span class='ocrx_word' id='word_1_62' title='bbox 964 1138 1225 1219; x_wconf 82' lang='lat' dir='ltr'>circumvectus,</span> <span class='ocrx_word' id='word_1_63' title='bbox 1243 1137 1340 1201; x_wconf 89' lang='lat' dir='ltr'>dimi·</span> 
     </span>
     <span class='ocr_line' id='line_1_10' title="bbox 265 1238 1340 1329; baseline -0.002 -24"><span class='ocrx_word' id='word_1_64' title='bbox 265 1242 308 1305; x_wconf 90' lang='lat' dir='ltr'>sit</span> <span class='ocrx_word' id='word_1_65' title='bbox 330 1262 473 1328; x_wconf 66' lang='lat' dir='ltr'>equum</span> <span class='ocrx_word' id='word_1_66' title='bbox 488 1238 702 1329; x_wconf 79' lang='lat' dir='ltr'>phalerisque</span> <span class='ocrx_word' id='word_1_67' title='bbox 723 1256 757 1304; x_wconf 91' lang='lat' dir='ltr'>et</span> <span class='ocrx_word' id='word_1_68' title='bbox 772 1240 871 1305; x_wconf 83' lang='lat' dir='ltr'>armis</span> <span class='ocrx_word' id='word_1_69' title='bbox 887 1255 965 1303; x_wconf 87' lang='lat' dir='ltr'>ante</span> <span class='ocrx_word' id='word_1_70' title='bbox 981 1240 1113 1303; x_wconf 80' lang='lat' dir='ltr'>victoris</span> <span class='ocrx_word' id='word_1_71' title='bbox 1132 1263 1243 1329; x_wconf 76' lang='lat' dir='ltr'>genua</span> <span class='ocrx_word' id='word_1_72' title='bbox 1263 1264 1340 1329; x_wconf 81' lang='lat' dir='ltr'>pm-</span> 
     </span>
     <span class='ocr_line' id='line_1_11' title="bbox 262 1339 1340 1431; baseline -0.002 -24"><span class='ocrx_word' id='word_1_73' title='bbox 262 1342 374 1423; x_wconf 81' lang='lat' dir='ltr'>jectis,</span> <span class='ocrx_word' id='word_1_74' title='bbox 397 1339 514 1405; x_wconf 90' lang='lat' dir='ltr'>eodem</span> <span class='ocrx_word' id='word_1_75' title='bbox 529 1358 564 1405; x_wconf 90' lang='lat' dir='ltr'>et</span> <span class='ocrx_word' id='word_1_76' title='bbox 584 1343 654 1431; x_wconf 88' lang='lat' dir='ltr'>ipse</span> <span class='ocrx_word' id='word_1_77' title='bbox 675 1340 812 1423; x_wconf 84' lang='lat' dir='ltr'>accidit,</span> <span class='ocrx_word' id='word_1_78' title='bbox 832 1342 922 1405; x_wconf 85' lang='lat' dir='ltr'>nulla</span> <span class='ocrx_word' id='word_1_79' title='bbox 938 1362 1019 1404; x_wconf 86' lang='lat' dir='ltr'>voce</span> <span class='ocrx_word' id='word_1_80' title='bbox 1036 1339 1142 1422; x_wconf 85' lang='lat' dir='ltr'>edita,</span> <span class='ocrx_word' id='word_1_81' title='bbox 1164 1340 1225 1405; x_wconf 83' lang='lat' dir='ltr'>sed</span> <span class='ocrx_word' id='word_1_82' title='bbox 1247 1356 1340 1431; x_wconf 69' lang='lat' dir='ltr'>gestu</span> 
     </span>
     <span class='ocr_line' id='line_1_12' title="bbox 265 1440 1339 1530; baseline 0 -25"><span class='ocrx_word' id='word_1_83' title='bbox 265 1443 410 1530; x_wconf 79' lang='lat' dir='ltr'>supplex.</span> <span class='ocrx_word' id='word_1_84' title='bbox 429 1442 533 1506; x_wconf 76' lang='lat' dir='ltr'>Gaesar</span> <span class='ocrx_word' id='word_1_85' title='bbox 547 1458 823 1525; x_wconf 88' lang='lat' dir='ltr'>commemorato,</span> <span class='ocrx_word' id='word_1_86' title='bbox 838 1440 969 1529; x_wconf 83' lang='lat' dir='ltr'>quantis</span> <span class='ocrx_word' id='word_1_87' title='bbox 979 1442 1047 1507; x_wconf 86' lang='lat' dir='ltr'>suis</span> <span class='ocrx_word' id='word_1_88' title='bbox 1059 1440 1228 1505; x_wconf 82' lang='lat' dir='ltr'>beneficiis</span> <span class='ocrx_word' id='word_1_89' title='bbox 1241 1463 1339 1528; x_wconf 85' lang='lat' dir='ltr'>quam</span> 
     </span>
     <span class='ocr_line' id='line_1_13' title="bbox 266 1534 1340 1633; baseline 0 -26"><span class='ocrx_word' id='word_1_90' title='bbox 266 1544 384 1609; x_wconf 84' lang='lat' dir='ltr'>malam</span> <span class='ocrx_word' id='word_1_91' title='bbox 396 1544 450 1607; x_wconf 90' lang='lat' dir='ltr'>ille</span> <span class='ocrx_word' id='word_1_92' title='bbox 460 1534 594 1633; x_wconf 81' lang='lat' dir='ltr'>gratiam</span> <span class='ocrx_word' id='word_1_93' title='bbox 603 1544 782 1625; x_wconf 84' lang='lat' dir='ltr'>retulisset,</span> <span class='ocrx_word' id='word_1_94' title='bbox 796 1545 830 1607; x_wconf 89' lang='lat' dir='ltr'>in</span> <span class='ocrx_word' id='word_1_95' title='bbox 839 1544 968 1607; x_wconf 83' lang='lat' dir='ltr'>vincula</span> <span class='ocrx_word' id='word_1_96' title='bbox 977 1542 1095 1624; x_wconf 81' lang='lat' dir='ltr'>wnjici</span> <span class='ocrx_word' id='word_1_97' title='bbox 1102 1544 1217 1624; x_wconf 81' lang='lat' dir='ltr'>jussit,</span> <span class='ocrx_word' id='word_1_98' title='bbox 1228 1544 1340 1610; x_wconf 80' lang='lat' dir='ltr'>trium·</span> 
     </span>
     <span class='ocr_line' id='line_1_14' title="bbox 267 1644 551 1733; baseline 0 -24"><span class='ocrx_word' id='word_1_99' title='bbox 267 1644 403 1733; x_wconf 91' lang='lat' dir='ltr'>phoque</span> <span class='ocrx_word' id='word_1_100' title='bbox 421 1646 551 1709; x_wconf 85' lang='lat' dir='ltr'>servari.</span> 
     </span>
    </p>

    <p class='ocr_par' dir='ltr' id='par_1_3' title="bbox 150 1744 1404 2659">
     <span class='ocr_line' id='line_1_15' title="bbox 312 1744 1337 1835; baseline 0.001 -27"><span class='ocrx_word' id='word_1_101' title='bbox 312 1746 402 1811; x_wconf 87' lang='lat' dir='ltr'>VIII.</span> <span class='ocrx_word' id='word_1_102' title='bbox 429 1747 591 1811; x_wconf 78' lang='lat' dir='ltr'>Omnibus</span> <span class='ocrx_word' id='word_1_103' title='bbox 616 1744 736 1811; x_wconf 86' lang='lat' dir='ltr'>deinde</span> <span class='ocrx_word' id='word_1_104' title='bbox 756 1747 959 1826; x_wconf 85' lang='lat' dir='ltr'>civitatibus,</span> <span class='ocrx_word' id='word_1_105' title='bbox 982 1746 1124 1835; x_wconf 86' lang='lat' dir='ltr'>exeeptis</span> <span class='ocrx_word' id='word_1_106' title='bbox 1146 1746 1337 1825; x_wconf 81' lang='lat' dir='ltr'>Bellovacis,</span> 
     </span>
     <span class='ocr_line' id='line_1_16' title="bbox 268 1845 1338 1937; baseline 0 -26"><span class='ocrx_word' id='word_1_107' title='bbox 268 1845 310 1911; x_wconf 88' lang='lat' dir='ltr'>de</span> <span class='ocrx_word' id='word_1_108' title='bbox 334 1869 413 1934; x_wconf 89' lang='lat' dir='ltr'>pace</span> <span class='ocrx_word' id='word_1_109' title='bbox 438 1847 644 1911; x_wconf 80' lang='lat' dir='ltr'>mittentibus</span> <span class='ocrx_word' id='word_1_110' title='bbox 661 1848 806 1937; x_wconf 80' lang='lat' dir='ltr'>legatos,</span> <span class='ocrx_word' id='word_1_111' title='bbox 829 1870 882 1911; x_wconf 91' lang='lat' dir='ltr'>res</span> <span class='ocrx_word' id='word_1_112' title='bbox 904 1870 945 1911; x_wconf 82' lang='lat' dir='ltr'>ex</span> <span class='ocrx_word' id='word_1_113' title='bbox 964 1868 1027 1911; x_wconf 92' lang='lat' dir='ltr'>suo</span> <span class='ocrx_word' id='word_1_114' title='bbox 1047 1869 1113 1911; x_wconf 89' lang='lat' dir='ltr'>usu</span> <span class='ocrx_word' id='word_1_115' title='bbox 1133 1848 1338 1935; x_wconf 71' lang='lat' dir='ltr'>composuit,</span> 
     </span>
     <span class='ocr_line' id='line_1_17' title="bbox 267 1946 1337 2038; baseline 0.004 -29"><span class='ocrx_word' id='word_1_116' title='bbox 267 1947 486 2035; x_wconf 80' lang='lat' dir='ltr'>Arvernisque</span> <span class='ocrx_word' id='word_1_117' title='bbox 502 1964 535 2011; x_wconf 90' lang='lat' dir='ltr'>ct</span> <span class='ocrx_word' id='word_1_118' title='bbox 550 1946 685 2029; x_wconf 85' lang='lat' dir='ltr'>AEduis,</span> <span class='ocrx_word' id='word_1_119' title='bbox 701 1965 741 2012; x_wconf 91' lang='lat' dir='ltr'>ut</span> <span class='ocrx_word' id='word_1_120' title='bbox 760 1950 1000 2038; x_wconf 86' lang='lat' dir='ltr'>potentissimas</span> <span class='ocrx_word' id='word_1_121' title='bbox 1015 1949 1160 2013; x_wconf 82' lang='lat' dir='ltr'>civitates</span> <span class='ocrx_word' id='word_1_122' title='bbox 1174 1949 1337 2037; x_wconf 75' lang='lat' dir='ltr'>precipuo</span> 
     </span>
     <span class='ocr_line' id='line_1_18' title="bbox 267 2046 1336 2140; baseline 0.002 -29"><span class='ocrx_word' id='word_1_123' title='bbox 267 2046 429 2113; x_wconf 87' lang='lat' dir='ltr'>beneficio</span> <span class='ocrx_word' id='word_1_124' title='bbox 453 2048 686 2139; x_wconf 82' lang='lat' dir='ltr'>adstringeret,</span> <span class='ocrx_word' id='word_1_125' title='bbox 708 2051 825 2140; x_wconf 77' lang='lat' dir='ltr'>viginti</span> <span class='ocrx_word' id='word_1_126' title='bbox 842 2050 942 2119; x_wconf 86' lang='lat' dir='ltr'>millia</span> <span class='ocrx_word' id='word_1_127' title='bbox 960 2050 1162 2139; x_wconf 78' lang='lat' dir='ltr'>captivorum</span> <span class='ocrx_word' id='word_1_128' title='bbox 1180 2048 1336 2129; x_wconf 80' lang='lat' dir='ltr'>reddidit,</span> 
     </span>
     <span class='ocr_line' id='line_1_19' title="bbox 269 2150 1337 2240; baseline 0.004 -29"><span class='ocrx_word' id='word_1_129' title='bbox 269 2170 372 2235; x_wconf 90' lang='lat' dir='ltr'>quum</span> <span class='ocrx_word' id='word_1_130' title='bbox 391 2172 431 2219; x_wconf 85' lang='lat' dir='ltr'>ex</span> <span class='ocrx_word' id='word_1_131' title='bbox 445 2150 514 2214; x_wconf 88' lang='lat' dir='ltr'>aliis</span> <span class='ocrx_word' id='word_1_132' title='bbox 532 2151 684 2238; x_wconf 87' lang='lat' dir='ltr'>populis,</span> <span class='ocrx_word' id='word_1_133' title='bbox 706 2151 833 2240; x_wconf 82' lang='lat' dir='ltr'>singula</span> <span class='ocrx_word' id='word_1_134' title='bbox 849 2152 971 2240; x_wconf 88' lang='lat' dir='ltr'>capita,</span> <span class='ocrx_word' id='word_1_135' title='bbox 990 2166 1063 2215; x_wconf 92' lang='lat' dir='ltr'>toto</span> <span class='ocrx_word' id='word_1_136' title='bbox 1077 2151 1242 2232; x_wconf 70' lang='lat' dir='ltr'>exercitu,</span> <span class='ocrx_word' id='word_1_137' title='bbox 1261 2174 1337 2239; x_wconf 79' lang='lat' dir='ltr'>pre·</span> 
     </span>
     <span class='ocr_line' id='line_1_20' title="bbox 269 2248 1336 2341; baseline 0.001 -28"><span class='ocrx_word' id='word_1_138' title='bbox 269 2248 319 2313; x_wconf 79' lang='lat' dir='ltr'>dte</span> <span class='ocrx_word' id='word_1_139' title='bbox 333 2250 468 2315; x_wconf 87' lang='lat' dir='ltr'>nomine</span> <span class='ocrx_word' id='word_1_140' title='bbox 479 2250 647 2331; x_wconf 74' lang='lat' dir='ltr'>divisisset.</span> <span class='ocrx_word' id='word_1_141' title='bbox 666 2252 806 2340; x_wconf 85' lang='lat' dir='ltr'>Propter</span> <span class='ocrx_word' id='word_1_142' title='bbox 819 2253 879 2317; x_wconf 85' lang='lat' dir='ltr'>bas</span> <span class='ocrx_word' id='word_1_143' title='bbox 894 2274 945 2315; x_wconf 87' lang='lat' dir='ltr'>res</span> <span class='ocrx_word' id='word_1_144' title='bbox 960 2274 979 2315; x_wconf 89' lang='lat' dir='ltr'>a</span> <span class='ocrx_word' id='word_1_145' title='bbox 995 2253 1122 2315; x_wconf 75' lang='lat' dir='ltr'>cesare</span> <span class='ocrx_word' id='word_1_146' title='bbox 1132 2266 1260 2341; x_wconf 80' lang='lat' dir='ltr'>gestas,</span> <span class='ocrx_word' id='word_1_147' title='bbox 1274 2253 1336 2315; x_wconf 81' lang='lat' dir='ltr'>tto·</span> 
     </span>
     <span class='ocr_line' id='line_1_21' title="bbox 271 2350 1336 2442; baseline -0.002 -27"><span class='ocrx_word' id='word_1_148' title='bbox 271 2371 332 2416; x_wconf 79' lang='lat' dir='ltr'>mae</span> <span class='ocrx_word' id='word_1_149' title='bbox 344 2352 537 2441; x_wconf 70' lang='lat' dir='ltr'>supplicatio</span> <span class='ocrx_word' id='word_1_150' title='bbox 548 2352 676 2417; x_wconf 90' lang='lat' dir='ltr'>dierum</span> <span class='ocrx_word' id='word_1_151' title='bbox 686 2352 802 2442; x_wconf 80' lang='lat' dir='ltr'>viginti</span> <span class='ocrx_word' id='word_1_152' title='bbox 816 2352 945 2418; x_wconf 86' lang='lat' dir='ltr'>decreta</span> <span class='ocrx_word' id='word_1_153' title='bbox 957 2368 1015 2419; x_wconf 79' lang='lat' dir='ltr'>est.</span> <span class='ocrx_word' id='word_1_154' title='bbox 1029 2351 1098 2415; x_wconf 85' lang='lat' dir='ltr'>Sub</span> <span class='ocrx_word' id='word_1_155' title='bbox 1108 2350 1198 2416; x_wconf 91' lang='lat' dir='ltr'>idem</span> <span class='ocrx_word' id='word_1_156' title='bbox 1212 2368 1336 2439; x_wconf 88' lang='lat' dir='ltr'>tempus</span> 
     </span>
     <span class='ocr_line' id='line_1_22' title="bbox 150 2453 1404 2544; baseline -0.002 -27"><span class='ocrx_word' id='word_1_157' title='bbox 150 2503 153 2517; x_wconf 75' lang='grc'><strong><em>,</em></strong></span> <span class='ocrx_word' id='word_1_158' title='bbox 269 2453 488 2541; x_wconf 82' lang='lat' dir='ltr'>irrumpentes</span> <span class='ocrx_word' id='word_1_159' title='bbox 510 2456 545 2518; x_wconf 90' lang='lat' dir='ltr'>in</span> <span class='ocrx_word' id='word_1_160' title='bbox 565 2457 689 2544; x_wconf 80' lang='lat' dir='ltr'>Syriam</span> <span class='ocrx_word' id='word_1_161' title='bbox 707 2456 845 2520; x_wconf 87' lang='lat' dir='ltr'>Parthos</span> <span class='ocrx_word' id='word_1_162' title='bbox 867 2457 904 2519; x_wconf 91' lang='lat' dir='ltr'>C.</span> <span class='ocrx_word' id='word_1_163' title='bbox 926 2455 1073 2536; x_wconf 85' lang='lat' dir='ltr'>Cassius,</span> <span class='ocrx_word' id='word_1_164' title='bbox 1094 2455 1153 2540; x_wconf 86' lang='lat' dir='ltr'>qui</span> <span class='ocrx_word' id='word_1_165' title='bbox 1168 2454 1218 2517; x_wconf 87' lang='grc' dir='ltr'>Μ.</span> <span class='ocrx_word' id='word_1_166' title='bbox 1235 2454 1334 2518; x_wconf 84' lang='lat' dir='ltr'>Crassi</span> <span class='ocrx_word' id='word_1_167' title='bbox 1403 2480 1404 2529; x_wconf 66' lang='lat'>1</span> 
     </span>
     <span class='ocr_line' id='line_1_23' title="bbox 270 2554 857 2645; baseline 0.008 -29"><span class='ocrx_word' id='word_1_168' title='bbox 270 2570 413 2640; x_wconf 68' lang='lat' dir='ltr'>quaestor</span> <span class='ocrx_word' id='word_1_169' title='bbox 428 2554 554 2638; x_wconf 83' lang='lat' dir='ltr'>luerat,</span> <span class='ocrx_word' id='word_1_170' title='bbox 573 2557 709 2623; x_wconf 81' lang='lat' dir='ltr'>feliciter</span> <span class='ocrx_word' id='word_1_171' title='bbox 727 2557 857 2645; x_wconf 87' lang='lat' dir='ltr'>repulit.</span> 
     </span>
    </p>

    <p class='ocr_par' dir='ltr' id='par_1_4' title="bbox 269 2655 1404 3757">
     <span class='ocr_line' id='line_1_24' title="bbox 314 2655 1404 2744; baseline 0.001 -26"><span class='ocrx_word' id='word_1_172' title='bbox 314 2655 373 2726; x_wconf 82' lang='lat' dir='ltr'>tx.</span> <span class='ocrx_word' id='word_1_173' title='bbox 388 2655 465 2738; x_wconf 81' lang='lat' dir='ltr'>llic,</span> <span class='ocrx_word' id='word_1_174' title='bbox 477 2655 585 2722; x_wconf 89' lang='lat' dir='ltr'>adhuc</span> <span class='ocrx_word' id='word_1_175' title='bbox 595 2658 669 2722; x_wconf 80' lang='lat' dir='ltr'>vivo</span> <span class='ocrx_word' id='word_1_176' title='bbox 680 2658 813 2739; x_wconf 86' lang='lat' dir='ltr'>Crasso,</span> <span class='ocrx_word' id='word_1_177' title='bbox 826 2656 969 2722; x_wconf 85' lang='lat' dir='ltr'>delatum</span> <span class='ocrx_word' id='word_1_178' title='bbox 984 2656 1047 2720; x_wconf 85' lang='lat' dir='ltr'>sibi</span> <span class='ocrx_word' id='word_1_179' title='bbox 1059 2657 1093 2719; x_wconf 88' lang='lat' dir='ltr'>in</span> <span class='ocrx_word' id='word_1_180' title='bbox 1106 2655 1336 2744; x_wconf 67' lang='lat' dir='ltr'>Mesopotamia</span> <span class='ocrx_word' id='word_1_181' title='bbox 1403 2702 1404 2719; x_wconf 40' lang='lat'>1</span> 
     </span>
     <span class='ocr_line' id='line_1_25' title="bbox 269 2756 1404 2847; baseline 0 -27"><span class='ocrx_word' id='word_1_182' title='bbox 269 2756 461 2844; x_wconf 89' lang='lat' dir='ltr'>imperium,</span> <span class='ocrx_word' id='word_1_183' title='bbox 480 2781 541 2822; x_wconf 89' lang='lat' dir='ltr'>nee</span> <span class='ocrx_word' id='word_1_184' title='bbox 556 2774 742 2847; x_wconf 88' lang='lat' dir='ltr'>receptum,</span> <span class='ocrx_word' id='word_1_185' title='bbox 761 2775 991 2846; x_wconf 86' lang='lat' dir='ltr'>postmortem</span> <span class='ocrx_word' id='word_1_186' title='bbox 1009 2757 1215 2846; x_wconf 80' lang='lat' dir='ltr'>imperatoris</span> <span class='ocrx_word' id='word_1_187' title='bbox 1230 2777 1337 2821; x_wconf 67' lang='lat' dir='ltr'>neom·</span> <span class='ocrx_word' id='word_1_188' title='bbox 1403 2790 1404 2793; x_wconf 36' lang='lat'>¹</span> 
     </span>
     <span class='ocr_line' id='line_1_26' title="bbox 270 2857 1338 2947; baseline -0.002 -25"><span class='ocrx_word' id='word_1_189' title='bbox 270 2857 356 2922; x_wconf 83' lang='lat' dir='ltr'>sario</span> <span class='ocrx_word' id='word_1_190' title='bbox 377 2875 560 2946; x_wconf 84' lang='lat' dir='ltr'>receperat,</span> <span class='ocrx_word' id='word_1_191' title='bbox 585 2860 749 2924; x_wconf 82' lang='lat' dir='ltr'>Antiocho</span> <span class='ocrx_word' id='word_1_192' title='bbox 771 2859 915 2947; x_wconf 86' lang='lat' dir='ltr'>quodam</span> <span class='ocrx_word' id='word_1_193' title='bbox 937 2859 1121 2924; x_wconf 78' lang='lat' dir='ltr'>concitante</span> <span class='ocrx_word' id='word_1_194' title='bbox 1138 2858 1286 2946; x_wconf 79' lang='lat' dir='ltr'>Syriam,</span> <span class='ocrx_word' id='word_1_195' title='bbox 1309 2872 1338 2922; x_wconf 89' lang='lat' dir='ltr'>et</span> 
     </span>
     <span class='ocr_line' id='line_1_27' title="bbox 271 2957 1339 3047; baseline 0 -25"><span class='ocrx_word' id='word_1_196' title='bbox 271 2957 417 3040; x_wconf 86' lang='lat' dir='ltr'>Parthis,</span> <span class='ocrx_word' id='word_1_197' title='bbox 432 2960 522 3046; x_wconf 87' lang='lat' dir='ltr'>quasi</span> <span class='ocrx_word' id='word_1_198' title='bbox 540 2958 696 3024; x_wconf 86' lang='lat' dir='ltr'>nudatam</span> <span class='ocrx_word' id='word_1_199' title='bbox 710 2959 794 3024; x_wconf 90' lang='lat' dir='ltr'>duce</span> <span class='ocrx_word' id='word_1_200' title='bbox 810 2975 844 3022; x_wconf 87' lang='lat' dir='ltr'>et</span> <span class='ocrx_word' id='word_1_201' title='bbox 858 2961 1003 3024; x_wconf 83' lang='lat' dir='ltr'>exercitu</span> <span class='ocrx_word' id='word_1_202' title='bbox 1015 2959 1217 3047; x_wconf 77' lang='lat' dir='ltr'>provinciam</span> <span class='ocrx_word' id='word_1_203' title='bbox 1234 2960 1339 3022; x_wconf 86' lang='lat' dir='ltr'>incur-</span> 
     </span>
     <span class='ocr_line' id='line_1_28' title="bbox 272 3047 1338 3149; baseline -0.003 -25"><span class='ocrx_word' id='word_1_204' title='bbox 272 3059 431 3124; x_wconf 87' lang='lat' dir='ltr'>rentibus.</span> <span class='ocrx_word' id='word_1_205' title='bbox 455 3059 519 3126; x_wconf 87' lang='lat' dir='ltr'>Sed</span> <span class='ocrx_word' id='word_1_206' title='bbox 535 3083 571 3126; x_wconf 88' lang='lat' dir='ltr'>ea</span> <span class='ocrx_word' id='word_1_207' title='bbox 591 3062 661 3149; x_wconf 89' lang='lat' dir='ltr'>ipsa</span> <span class='ocrx_word' id='word_1_208' title='bbox 678 3059 796 3125; x_wconf 89' lang='lat' dir='ltr'>fiducia</span> <span class='ocrx_word' id='word_1_209' title='bbox 816 3060 912 3123; x_wconf 88' lang='lat' dir='ltr'>saluti</span> <span class='ocrx_word' id='word_1_210' title='bbox 927 3060 1082 3123; x_wconf 82' lang='lat' dir='ltr'>Romanis</span> <span class='ocrx_word' id='word_1_211' title='bbox 1104 3075 1139 3124; x_wconf 90' lang='lat' dir='ltr'>et</span> <span class='ocrx_word' id='word_1_212' title='bbox 1152 3047 1256 3147; x_wconf 71' lang='lat' dir='ltr'>Syriae</span> <span class='ocrx_word' id='word_1_213' title='bbox 1270 3059 1338 3122; x_wconf 72' lang='lat' dir='ltr'>tuis</span> 
     </span>
     <span class='ocr_line' id='line_1_29' title="bbox 274 3159 1339 3248; baseline 0 -24"><span class='ocrx_word' id='word_1_214' title='bbox 274 3159 405 3248; x_wconf 89' lang='lat' dir='ltr'>Quippe</span> <span class='ocrx_word' id='word_1_215' title='bbox 425 3162 515 3236; x_wconf 84' lang='lat' dir='ltr'>velut</span> <span class='ocrx_word' id='word_1_216' title='bbox 538 3160 579 3225; x_wconf 84' lang='lat' dir='ltr'>ad</span> <span class='ocrx_word' id='word_1_217' title='bbox 601 3162 694 3226; x_wconf 79' lang='lat' dir='ltr'>facile</span> <span class='ocrx_word' id='word_1_218' title='bbox 713 3161 836 3225; x_wconf 89' lang='lat' dir='ltr'>bellum</span> <span class='ocrx_word' id='word_1_219' title='bbox 859 3160 988 3226; x_wconf 85' lang='lat' dir='ltr'>modica</span> <span class='ocrx_word' id='word_1_220' title='bbox 1009 3185 1086 3226; x_wconf 92' lang='lat' dir='ltr'>cum</span> <span class='ocrx_word' id='word_1_221' title='bbox 1104 3183 1207 3225; x_wconf 88' lang='lat' dir='ltr'>manu</span> <span class='ocrx_word' id='word_1_222' title='bbox 1232 3159 1339 3225; x_wconf 83' lang='lat' dir='ltr'>Parthi</span> 
     </span>
     <span class='ocr_line' id='line_1_30' title="bbox 272 3261 1340 3350; baseline 0 -27"><span class='ocrx_word' id='word_1_223' title='bbox 272 3276 427 3328; x_wconf 85' lang='lat' dir='ltr'>venerant</span> <span class='ocrx_word' id='word_1_224' title='bbox 444 3284 452 3326; x_wconf 78' lang='lat' dir='ltr'>t</span> <span class='ocrx_word' id='word_1_225' title='bbox 471 3261 560 3326; x_wconf 90' lang='lat' dir='ltr'>unde</span> <span class='ocrx_word' id='word_1_226' title='bbox 578 3262 681 3345; x_wconf 89' lang='lat' dir='ltr'>major</span> <span class='ocrx_word' id='word_1_227' title='bbox 694 3262 851 3328; x_wconf 72' lang='lat' dir='ltr'>militibus</span> <span class='ocrx_word' id='word_1_228' title='bbox 866 3263 995 3328; x_wconf 87' lang='lat' dir='ltr'>animus</span> <span class='ocrx_word' id='word_1_229' title='bbox 1010 3263 1159 3343; x_wconf 79' lang='lat' dir='ltr'>accessit3</span> <span class='ocrx_word' id='word_1_230' title='bbox 1177 3263 1340 3350; x_wconf 83' lang='lat' dir='ltr'>Cassiique</span> 
     </span>
     <span class='ocr_line' id='line_1_31' title="bbox 272 3357 1341 3450; baseline 0.004 -26"><span class='ocrx_word' id='word_1_231' title='bbox 272 3357 438 3450; x_wconf 82' lang='lat' dir='ltr'>diligentia</span> <span class='ocrx_word' id='word_1_232' title='bbox 460 3381 493 3429; x_wconf 93' lang='lat' dir='ltr'>et</span> <span class='ocrx_word' id='word_1_233' title='bbox 507 3363 627 3428; x_wconf 83' lang='lat' dir='ltr'>virtute</span> <span class='ocrx_word' id='word_1_234' title='bbox 646 3364 784 3442; x_wconf 88' lang='lat' dir='ltr'>rejectus</span> <span class='ocrx_word' id='word_1_235' title='bbox 801 3387 878 3428; x_wconf 91' lang='lat' dir='ltr'>cum</span> <span class='ocrx_word' id='word_1_236' title='bbox 900 3363 991 3429; x_wconf 82' lang='lat' dir='ltr'>clade</span> <span class='ocrx_word' id='word_1_237' title='bbox 1009 3365 1112 3430; x_wconf 89' lang='lat' dir='ltr'>bostis</span> <span class='ocrx_word' id='word_1_238' title='bbox 1129 3380 1180 3428; x_wconf 89' lang='lat' dir='ltr'>est</span> <span class='ocrx_word' id='word_1_239' title='bbox 1197 3388 1207 3428; x_wconf 80' lang='lat' dir='ltr'>t</span> <span class='ocrx_word' id='word_1_240' title='bbox 1225 3365 1341 3430; x_wconf 83' lang='lat' dir='ltr'>Antio-</span> 
     </span>
     <span class='ocr_line' id='line_1_32' title="bbox 272 3460 1340 3554; baseline 0.003 -28"><span class='ocrx_word' id='word_1_241' title='bbox 272 3460 355 3526; x_wconf 84' lang='lat' dir='ltr'>chus</span> <span class='ocrx_word' id='word_1_242' title='bbox 366 3461 565 3528; x_wconf 82' lang='lat' dir='ltr'>interfectus.</span> <span class='ocrx_word' id='word_1_243' title='bbox 581 3463 650 3529; x_wconf 91' lang='lat' dir='ltr'>Sub</span> <span class='ocrx_word' id='word_1_244' title='bbox 661 3464 747 3528; x_wconf 89' lang='lat' dir='ltr'>idern</span> <span class='ocrx_word' id='word_1_245' title='bbox 761 3481 907 3554; x_wconf 88' lang='lat' dir='ltr'>tempus,</span> <span class='ocrx_word' id='word_1_246' title='bbox 922 3466 1073 3531; x_wconf 78' lang='lat' dir='ltr'>eGrtscia</span> <span class='ocrx_word' id='word_1_247' title='bbox 1084 3467 1272 3530; x_wconf 84' lang='lat' dir='ltr'>nuntiatum</span> <span class='ocrx_word' id='word_1_248' title='bbox 1283 3481 1340 3544; x_wconf 82' lang='lat' dir='ltr'>est,</span> 
     </span>
     <span class='ocr_line' id='line_1_33' title="bbox 272 3560 1340 3655; baseline 0.002 -27"><span class='ocrx_word' id='word_1_249' title='bbox 272 3560 357 3628; x_wconf 89' lang='lat' dir='ltr'>inter</span> <span class='ocrx_word' id='word_1_250' title='bbox 375 3562 443 3650; x_wconf 89' lang='lat' dir='ltr'>ipsa</span> <span class='ocrx_word' id='word_1_251' title='bbox 462 3564 606 3632; x_wconf 84' lang='lat' dir='ltr'>solennia</span> <span class='ocrx_word' id='word_1_252' title='bbox 622 3563 796 3648; x_wconf 89' lang='lat' dir='ltr'>ludorum,</span> <span class='ocrx_word' id='word_1_253' title='bbox 811 3567 954 3655; x_wconf 83' lang='lat' dir='ltr'>Olympii</span> <span class='ocrx_word' id='word_1_254' title='bbox 967 3568 1055 3632; x_wconf 80' lang='lat' dir='ltr'>loris</span> <span class='ocrx_word' id='word_1_255' title='bbox 1066 3583 1225 3648; x_wconf 78' lang='lat' dir='ltr'>stantem,</span> <span class='ocrx_word' id='word_1_256' title='bbox 1237 3567 1340 3632; x_wconf 86' lang='lat' dir='ltr'>admi·</span> 
     </span>
     <span class='ocr_line' id='line_1_34' title="bbox 272 3663 1170 3757; baseline 0.008 -29"><span class='ocrx_word' id='word_1_257' title='bbox 272 3663 366 3736; x_wconf 86' lang='lat' dir='ltr'>randi</span> <span class='ocrx_word' id='word_1_258' title='bbox 382 3663 506 3752; x_wconf 87' lang='lat' dir='ltr'>operis,</span> <span class='ocrx_word' id='word_1_259' title='bbox 523 3665 660 3730; x_wconf 90' lang='lat' dir='ltr'>fulmine</span> <span class='ocrx_word' id='word_1_260' title='bbox 675 3668 808 3755; x_wconf 86' lang='lat' dir='ltr'>petitam</span> <span class='ocrx_word' id='word_1_261' title='bbox 823 3669 1075 3757; x_wconf 86' lang='lat' dir='ltr'>percussamque</span> <span class='ocrx_word' id='word_1_262' title='bbox 1090 3692 1170 3734; x_wconf 84' lang='lat' dir='ltr'>esse.</span> 
     </span>
    </p>

    <p class='ocr_par' dir='ltr' id='par_1_5' title="bbox 318 3767 1337 3850">
     <span class='ocr_line' id='line_1_35' title="bbox 318 3767 1337 3850; baseline 0 -18"><span class='ocrx_word' id='word_1_263' title='bbox 318 3767 359 3833; x_wconf 88' lang='lat' dir='ltr'>X.</span> <span class='ocrx_word' id='word_1_264' title='bbox 384 3767 446 3832; x_wconf 89' lang='lat' dir='ltr'>Hic</span> <span class='ocrx_word' id='word_1_265' title='bbox 464 3767 560 3832; x_wconf 88' lang='lat' dir='ltr'>etiam</span> <span class='ocrx_word' id='word_1_266' title='bbox 583 3790 688 3832; x_wconf 86' lang='lat' dir='ltr'>annus</span> <span class='ocrx_word' id='word_1_267' title='bbox 705 3769 893 3836; x_wconf 84' lang='lat' dir='ltr'>consulatus</span> <span class='ocrx_word' id='word_1_268' title='bbox 916 3787 980 3835; x_wconf 89' lang='lat' dir='ltr'>tres</span> <span class='ocrx_word' id='word_1_269' title='bbox 998 3771 1188 3836; x_wconf 86' lang='lat' dir='ltr'>candidatos</span> <span class='ocrx_word' id='word_1_270' title='bbox 1206 3771 1337 3850; x_wconf 79' lang='lat' dir='ltr'>babuit3</span> 
     </span>
    </p>
   </div>
   <div class='ocr_carea' id='block_1_3' title="bbox 274 3973 1404 4126">
    <p class='ocr_par' dir='ltr' id='par_1_6' title="bbox 274 3973 1404 4126">
     <span class='ocr_line' id='line_1_36' title="bbox 308 3973 1333 4044; baseline 0.006 -22"><span class='ocrx_word' id='word_1_271' title='bbox 308 3973 325 4040; x_wconf 66' lang='grc' dir='ltr'><strong>ς</strong></span> <span class='ocrx_word' id='word_1_272' title='bbox 338 3975 408 4026; x_wconf 83' lang='lat' dir='ltr'>vnt.</span> <span class='ocrx_word' id='word_1_273' title='bbox 418 3975 480 4026; x_wconf 77' lang='lat' dir='ltr'>Ces.</span> <span class='ocrx_word' id='word_1_274' title='bbox 493 4001 528 4014; x_wconf 91' lang='lat'>·-</span> <span class='ocrx_word' id='word_1_275' title='bbox 541 3975 594 4024; x_wconf 79' lang='lat' dir='ltr'>biv.</span> <span class='ocrx_word' id='word_1_276' title='bbox 605 3975 672 4040; x_wconf 82' lang='lat' dir='ltr'>Epit.</span> <span class='ocrx_word' id='word_1_277' title='bbox 685 4003 719 4012; x_wconf 99' lang='lat'><em>-</em></span> <span class='ocrx_word' id='word_1_278' title='bbox 727 3977 791 4026; x_wconf 76' lang='lat' dir='ltr'>vell.</span> <span class='ocrx_word' id='word_1_279' title='bbox 800 3979 839 4035; x_wconf 90' lang='lat'>11,</span> <span class='ocrx_word' id='word_1_280' title='bbox 857 3978 899 4035; x_wconf 70' lang='grc'>46.</span> <span class='ocrx_word' id='word_1_281' title='bbox 907 4005 942 4016; x_wconf 90' lang='lat'>-</span> <span class='ocrx_word' id='word_1_282' title='bbox 952 3978 1027 4044; x_wconf 71' lang='lat'>511.</span> <span class='ocrx_word' id='word_1_283' title='bbox 1038 3980 1097 4036; x_wconf 72' lang='lat' dir='ltr'>Die,</span> <span class='ocrx_word' id='word_1_284' title='bbox 1108 4005 1144 4020; x_wconf 68' lang='grc' dir='ltr'>-ο</span> <span class='ocrx_word' id='word_1_285' title='bbox 1156 3979 1283 4037; x_wconf 58' lang='lat' dir='ltr'>ornavi,</span> <span class='ocrx_word' id='word_1_286' title='bbox 1296 3975 1333 4028; x_wconf 77' lang='lat'>13.</span> 
     </span>
     <span class='ocr_line' id='line_1_37' title="bbox 274 4054 1404 4126; baseline 0.008 -23"><span class='ocrx_word' id='word_1_287' title='bbox 274 4081 309 4103; x_wconf 64' lang='lat'>..-</span> <span class='ocrx_word' id='word_1_288' title='bbox 322 4059 411 4108; x_wconf 72' lang='lat' dir='ltr'>tunt.</span> <span class='ocrx_word' id='word_1_289' title='bbox 423 4059 540 4110; x_wconf 83' lang='lat' dir='ltr'>chronic.</span> <span class='ocrx_word' id='word_1_290' title='bbox 553 4070 579 4110; x_wconf 88' lang='lat' dir='ltr'>et</span> <span class='ocrx_word' id='word_1_291' title='bbox 588 4061 695 4126; x_wconf 53' lang='lat' dir='ltr'>Prepa,</span> <span class='ocrx_word' id='word_1_292' title='bbox 705 4061 751 4110; x_wconf 80' lang='lat' dir='ltr'>llt.</span> <span class='ocrx_word' id='word_1_293' title='bbox 763 4059 807 4109; x_wconf 82' lang='lat' dir='ltr'>llb.</span> <span class='ocrx_word' id='word_1_294' title='bbox 820 4061 865 4111; x_wconf 77' lang='lat' dir='ltr'>w.</span> <span class='ocrx_word' id='word_1_295' title='bbox 1403 4054 1404 4083; x_wconf 59' lang='lat'>³</span> 
     </span>
    </p>
   </div>
   <div class='ocr_carea' id='block_1_4' title="bbox 0 0 1453 4900">
    <p class='ocr_par' dir='ltr' id='par_1_7' title="bbox 0 0 1453 4900">
     <span class='ocr_line' id='line_1_38' title="bbox 0 0 1453 4900; baseline 0 0"><span class='ocrx_word' id='word_1_296' title='bbox 0 0 1453 4900; x_wconf 95' lang='lat' dir='ltr'> </span> 
     </span>
    </p>
   </div>
  </div>
 </body>
</html>
