2875 4900
238 392 296 463 IN
327 392 445 461 LOC.
470 395 566 461 LIB.
593 394 800 461 LXXXIX
830 394 1038 467 LIVIANI.
1107 422 1171 493 197

97 513 224 602 sperari
237 512 327 577 nulla
339 530 468 602 poterat
480 538 488 578 ι
501 514 601 604 igitur
614 514 705 601 quod
717 516 907 603 proximum
922 533 1005 598 erat,
1017 519 1173 585 libertatis

97 617 253 679 umbram
279 615 436 703 amplexi,
459 615 581 679 Sullam
606 615 799 681 dictatorem
823 634 1019 707 perpetuum
1042 638 1173 705 creant;

97 740 204 805 quum
211 718 280 797 jam
294 735 428 806 propter
441 718 608 805 potestatis
620 717 689 798 ejus
705 720 983 810 magnitudinem,
999 745 1057 811 per
1068 747 1172 789 annos

97 836 234 883 centum
249 819 365 908 viginti
382 818 522 883 dictator
535 842 633 884 nemo
646 820 752 885 factus
767 838 861 886 esset.

139 922 201 985 1x;
219 923 287 985 Lex
307 922 405 985 etiam
423 919 464 984 ab
482 922 644 1011 interrege
663 922 727 986 lata
746 940 810 1004 est,
829 946 894 1010 qua
915 932 1018 987 rerum
1032 927 1172 989 ommiem

91 1023 191 1111 plena
206 1035 241 1085 et
252 1020 352 1085 libero
359 1033 502 1110 potestas
514 1021 615 1087 Sulloe
625 1022 782 1104 dabatur,
796 1036 833 1089 ut
847 1024 999 1089 deducere
1011 1026 1168 1108 colentes,

96 1125 185 1188 urbes
199 1125 352 1204 condere,
370 1138 428 1188 cut
444 1137 590 1204 evertere,
613 1148 714 1213 regna
734 1128 866 1213 eripere,
885 1141 946 1191 ant
959 1126 1052 1206 dare,
1074 1130 1170 1193 etiem

95 1250 189 1315 quem
213 1226 313 1291 vellet
332 1229 465 1306 cirtem,
489 1227 611 1290 1⁶11an
634 1250 733 1291 causa
756 1230 880 1315 impune
898 1242 1002 1317 posset
1020 1230 1168 1295 occidere.

94 1330 262 1409 Dictator,
283 1344 417 1416 accepto
430 1329 585 1416 imperio,
600 1328 803 1393 uvalerium
815 1332 852 1394 L.
860 1330 896 1394 F.
904 1332 939 1395 L.
948 1332 990 1395 N.
1001 1332 1170 1411 Flaccum,

95 1454 163 1518 quo
175 1446 314 1519 rogante
330 1432 382 1494 lex
396 1431 459 1494 lata
473 1432 596 1512 fuerat,
614 1432 972 1521 magistrumequitum
987 1432 1078 1498 dixit.
1093 1435 1172 1499 For·

95 1533 261 1597 midabilis
274 1532 352 1597 inde
361 1549 394 1596 et
407 1556 492 1597 nova
505 1534 626 1621 species
638 1532 845 1621 procedentis
859 1534 893 1597 in
903 1530 1077 1622 'publicum
1089 1537 1168 1620 fuit,

95 1657 219 1721 quum,
243 1651 282 1699 ut
305 1635 441 1713 solituru'
452 1631 684 1725 dictatoribus,
708 1632 850 1721 quatuor
876 1650 907 1697 et
929 1635 1043 1723 viginti
1068 1636 1169 1701 fasces

93 1734 334 1823 praecederent3
346 1734 438 1823 quod
451 1757 550 1799 nemo
562 1736 773 1824 praesentium
787 1757 935 1822 unquam
946 1735 1080 1801 viderat.
1091 1738 1168 1803 Mox

93 1838 247 1901 consulta
269 1853 302 1901 et
323 1853 393 1900 acta
412 1837 509 1927 louge
532 1837 726 1901 terribiliora
743 1834 938 1924 prodibant,
961 1859 1066 1923 quum
1084 1840 1169 1929 leges

93 1939 173 2003 alias
191 1939 393 2026 antiquaret,
409 1939 484 2002 alias
501 1961 601 2002 novas
620 1938 741 2001 ferret:
760 1960 800 2000 ne
820 1939 889 2027 qur's
897 1950 1077 2025 praeturam
1095 1952 1170 2001 ante

92 2051 291 2127 quaesturam
305 2054 446 2127 [κτενεῖς
470 2063 544 2103 neve
564 2038 764 2103 consulatum
790 2052 866 2102 ante
881 2050 1060 2127 prceturarn
1081 2062 1093 2101 .·
1114 2044 1172 2128 qui

94 2142 202 2205 aedilis
211 2140 349 2229 suisset,
368 2144 515 2205 condono
523 2155 693 2228 praetorem
701 2136 802 2225 fieri,
823 2156 855 2204 et
868 2164 912 2203 ecc
927 2153 1074 2227 proetura
1091 2163 1167 2203 con·

92 2242 198 2305 sulem
210 2242 303 2305 licere
314 2267 326 2305 .·
332 2256 487 2331 proetores
504 2256 574 2305 octo
590 2244 761 2331 quotannis
777 2241 887 2305 creari.

142 2346 185 2407 X.
207 2343 372 2410 Consulem
396 2342 540 2408 eumdem
560 2344 692 2422 ilerum,
717 2344 780 2405 nisi
799 2342 948 2405 decennio
969 2341 1167 2429 interposito,

91 2449 217 2525 creari,
235 2445 418 2534 superiores
439 2468 573 2533 quoque
589 2445 677 2533 leges
695 2460 886 2509 vetuerant:
902 2441 936 2507 id
957 2444 1168 2531 sequentibus

92 2547 301 2634 temporibus
326 2547 506 2627 abolitum,
531 2546 619 2611 Sulla
642 2545 782 2611 dictator
807 2568 846 2610 ex
873 2544 1009 2633 antiquo
1035 2547 1167 2611 retulit:

90 2649 242 2735 itemque
256 2649 296 2712 de
307 2649 491 2738 necJestete5
505 2671 545 2712 ne
557 2651 614 2712 cui
621 2670 744 2726 eorum,
759 2647 818 2735 qui
828 2669 899 2710 cum
913 2649 1040 2736 e'rnpertb
1054 2663 1168 2729 essent,
1227 2635 1229 2638 ⁵

90 2753 187 2812 αὐτ
204 2749 246 2813 de
258 2753 424 2837 provincio
441 2773 516 2830 sua,
540 2752 714 2813 exercitium
736 2748 882 2829 educere,
908 2747 1024 2812 bellum
1050 2750 1168 2837 injussu

86 2851 206 2940 populi
211 2873 333 2940 gerere,
347 2865 408 2914 aut
417 2853 450 2913 in
466 2875 597 2938 regmen
605 2862 774 2915 extenuem
784 2851 910 2938 ingredi
920 2850 1035 2914 liceret.
1045 2851 1166 2915 Eadem

91 2955 167 3042 lege
190 2953 384 3040 quaestiones
401 2951 514 3016 haberi
537 2951 580 3016 de
601 2951 767 3039 quolibet,
788 2951 879 3015 nullo
902 2948 1088 3016 discrimine
1106 2952 1171 3014 lor·

92 3073 201 3135 tunae,
216 3054 363 3134 jubebat.
376 3053 598 3118 Nominantur
615 3068 647 3117 et
661 3051 804 3140 defalso
817 3050 981 3138 hodieque
993 3051 1079 3140 leges
1089 3053 1167 3116 Cor·

91 3157 205 3238 neliae,
217 3155 301 3220 etde
310 3158 430 3219 suariis
440 3151 662 3243 confixique,
677 3155 756 3217 item
767 3152 808 3216 dc
816 3153 937 3241 injuriis
947 3177 959 3214 :
969 3174 1042 3239 quae
1053 3173 1167 3218 omnes

90 3282 172 3324 cum
187 3258 338 3346 pluribus
353 3258 441 3338 aliis,
463 3279 543 3345 quas
560 3279 742 3321 memorare
759 3255 839 3318 nihil
856 3255 991 3336 attinet,
1012 3253 1046 3316 in
1064 3254 1167 3320 dicta·

92 3377 170 3424 tura
191 3361 261 3424 latae
277 3375 367 3424 sunt.

138 3463 198 3526 XI.
223 3461 286 3526 Sed
309 3478 385 3526 aute
409 3463 521 3525 omnia
545 3461 754 3527 tribunorum
778 3460 882 3549 plebis
904 3475 1096 3548 potestatem
1122 3461 1166 3524 ita

92 3565 235 3646 minuit,
254 3580 292 3628 ut
308 3581 436 3629 tanturn
456 3587 524 3628 non
540 3562 717 3627 abolevisse
730 3561 911 3642 rideretur3
929 3583 1005 3624 nam
1022 3577 1054 3625 et
1068 3585 1175 3654 omne*

87 3667 145 3746 jus
159 3665 270 3755 legum
287 3665 494 3730 ferendarum
512 3664 650 3746 ademit,
665 3680 797 3728 tantum
816 3663 926 3728 auxilii
942 3662 1068 3728 serendi
1086 3687 1168 3753 qna·

89 3767 171 3832 dam
192 3767 333 3856 imagine
355 3767 489 3832 relicta:
507 3781 558 3847 et,
576 3788 619 3829 ne
644 3766 734 3854 quis,
758 3764 820 3828 nisi
843 3778 989 3846 senator,
1014 3765 1169 3828 tribunus

127 4001 146 4070 S
157 4005 230 4054 vm.
243 4005 309 4054 Plut.
320 4005 346 4052 iu
359 4003 444 4062 Sulla,
459 4021 482 4052 c.
494 4003 540 4061 66,
557 4014 582 4051 et
593 4001 654 4050 Feb.
668 4019 691 4050 e.
702 4001 727 4051 5.
737 4028 773 4040 ·-
782 4000 891 4065 Appian.
903 3999 1010 4046 -VelL
1023 4001 1061 4054 11,
1074 3999 1116 4046 28.
1132 4025 1167 4034 -—

91 4089 147 4138 (lic.
161 4099 249 4137 centn
261 4087 329 4137 null.
348 4089 401 4144 111,
416 4103 447 4144 a,
462 4085 532 4135 etde
547 4087 621 4150 Legg.
633 4087 658 4145 1,
675 4086 716 4134 15.
735 4113 769 4122 -
787 4087 882 4148 Frapm.
902 4080 1009 4146 Capitol.
1029 4108 1064 4118 -
1082 4079 1099 4144 5
1120 4083 1169 4130 tx.

91 4173 183 4238 Polyb.
196 4174 247 4229 ΙΙΙ,
260 4187 284 4220 e.
299 4173 342 4231 87.
353 4199 390 4210 -
401 4170 471 4235 Pigb.
481 4169 569 4218 Anml.
584 4197 621 4208 -
632 4168 648 4234 5
659 4167 976 4218 numentanorum
990 4165 1067 4222 xlx,
1084 4165 1124 4212 18.
