2875 4900
278 342 352 416 630
454 348 522 415 10.
548 344 893 415 FREINSHEMII
922 346 1170 414 SUPPLEtt

278 465 387 553 copias
406 464 584 529 incolumes
602 463 806 555 Agendimm
819 465 1009 545 reduceret,
1024 466 1175 553 agitabat.
1191 465 1258 530 Sed
1273 466 1356 530 huic

278 566 446 655 proposito
459 565 527 631 duo
539 566 678 630 maxime
688 566 871 645 obstabant,
884 566 1035 653 Sequana
1044 588 1201 656 magnum
1211 564 1355 647 flumen,

279 681 331 747 et,
349 668 407 754 qui
426 688 502 730 cum
520 666 744 755 Camulogeno
761 683 847 747 erat,
865 667 1010 730 bostium
1024 668 1195 731 crucium
1213 667 1357 731 Auden·

279 767 360 831 dum
372 784 440 833 erat
451 784 577 849 tamen,
591 766 682 855 qnod
696 784 781 831 esset
792 790 866 856 spes
878 768 987 831 omnis
998 769 1034 830 in
1047 768 1212 831 celeritate
1225 768 1357 856 posita3

279 884 314 933 et
331 871 360 933 si
377 885 602 949 nmctaretur,
623 869 734 957 plures
755 867 980 949 diffimltates,
1002 868 1190 956 majoraque
1205 870 1356 957 perimis

278 968 422 1033 affutura
439 968 623 1058 apparebat.

324 1072 366 1135 Il.
382 1069 591 1135 Transductis
607 1084 704 1133 noete
717 1070 834 1160 copiis,
847 1092 953 1158 quum
965 1070 1075 1135 bostes
1089 1070 1298 1160 prohibituri
1310 1094 1357 1135 se·

281 1172 349 1237 rius
362 1170 582 1253 advenissent,
599 1172 699 1259 signis
713 1172 838 1235 colhtis
849 1171 1040 1235 dimicatum
1050 1190 1112 1237 est.
1130 1174 1277 1237 Romani
1293 1197 1358 1237 rm-

280 1296 345 1362 gna
358 1271 445 1335 cede
457 1272 620 1354 bostium,
636 1270 722 1337 duce
733 1273 831 1336 etiam
843 1294 999 1360 oppresso
1010 1274 1254 1364 Camulogeno,
1269 1276 1357 1339 ferro

280 1387 480 1463 aperuerunt
502 1374 590 1437 iter:
608 1374 840 1463 profectusque
855 1374 1060 1463 Ageudicum
1074 1376 1259 1455 labienus,
1279 1377 1357 1441 inde

282 1498 358 1539 cum
376 1475 532 1539 omnibus
548 1476 650 1564 copiis
664 1474 706 1539 ad
722 1477 880 1539 Caesarem
894 1478 1052 1563 pervenit
1073 1479 1203 1541 Interea
1217 1496 1356 1542 vocotus

282 1576 324 1640 ab
344 1574 461 1639 AEduis
478 1575 723 1665 Vercingetorix
743 1575 785 1641 ad
807 1576 1079 1642 communicanda
1094 1578 1231 1643 consilia
1254 1602 1356 1645 vene·

282 1692 350 1759 rat,
368 1691 401 1739 et
417 1676 494 1764 quia
510 1676 552 1757 de
568 1698 695 1741 summa
709 1678 839 1765 imperii
855 1678 1075 1742 controversia
1090 1694 1159 1743 erat
1172 1680 1218 1743 ab
1233 1679 1357 1745 AEdnis

285 1792 393 1858 mota,
419 1778 521 1841 totius
544 1776 653 1842 Gallie
676 1777 851 1841 concilium
874 1778 1020 1843 Bibracte
1043 1778 1203 1843 indictum
1221 1797 1290 1845 eet.
1309 1781 1356 1843 lbi

284 1900 448 1943 consensu
479 1880 628 1943 omniurn
653 1879 898 1969 Vercingetorix
924 1881 1100 1968 imperator
1127 1883 1356 1961 constitutus,

285 1980 434 2067 equitum
453 1980 550 2044 millia
573 1978 762 2067 quindecim
783 1981 966 2063 contrahit,
986 1998 1025 2044 ut
1041 1982 1357 2049 frumentationibus

284 2080 613 2170 pabulationibusque
629 2082 796 2148 Romanos
810 2098 943 2146 arceret.

327 2184 387 2247 lll.
406 2183 445 2246 ln
467 2180 677 2271 Allobrogas,
695 2183 840 2270 itemque
860 2183 960 2246 altera
977 2206 1016 2248 ex
1032 2200 1124 2272 parte
1142 2185 1179 2248 in
1200 2185 1355 2264 Helvios,

285 2285 429 2371 aliosque
446 2284 580 2348 Caesaris
599 2284 723 2363 socios,
739 2285 848 2372 copias
864 2284 982 2366 mittit,
998 2308 1072 2372 quie
1086 2284 1138 2348 bis
1156 2284 1289 2349 bellum
1309 2287 1356 2347 in·

285 2386 400 2451 ferant.
417 2387 538 2469 Coesar,
555 2386 737 2450 interclusis
751 2385 905 2450 omuibus
917 2386 951 2448 iu
966 2386 1170 2450 Provinciam
1180 2400 1217 2449 et
1230 2386 1355 2452 ltaliam

287 2486 474 2567 itineribus,
493 2485 646 2552 adversus
664 2487 816 2575 gallicum
829 2488 1029 2574 equitatum,
1042 2487 1162 2550 auxilia
1175 2487 1358 2551 Germano

287 2609 362 2652 rum
387 2602 474 2652 trans
496 2589 648 2651 Rhenum
674 2587 853 2650 colentium
875 2593 1002 2668 evocat,
1021 2587 1063 2651 ab
1087 2588 1126 2650 iis
1152 2588 1357 2668 civitatibus,

286 2711 366 2776 quas
380 2689 547 2776 superiore
562 2711 649 2751 anno
666 2704 842 2775 pacaverat.
862 2689 905 2752 Hi
919 2689 977 2752 ubi
992 2711 1067 2752 cum
1085 2685 1221 2750 delectis
1237 2687 1357 2774 pediti·

287 2791 349 2856 bus
365 2813 430 2854 una
447 2789 584 2878 praeliari
604 2789 705 2852 solitis
722 2789 903 2864 affuerunt,
922 2788 1013 2877 quod
1030 2810 1132 2876 equos
1145 2810 1269 2874 parurn
1286 2787 1357 2851 ido-

288 2913 367 2955 neos
381 2890 563 2971 habebant,
579 2891 685 2954 Caesar
702 2889 739 2953 iis
756 2907 905 2978 sumptos
919 2915 939 2953 a
956 2889 1097 2954 tribunis
1108 2889 1255 2952 militum
1266 2890 1358 2976 equi·

287 2993 441 3080 tibusque
456 2992 598 3058 romanis
612 2990 797 3056 distribuit:
810 3008 844 3054 et
856 3015 923 3078 quo
935 2991 1108 3078 provincie
1118 2989 1246 3054 facibus
1257 3013 1356 3078 opem

287 3097 371 3158 ferre
396 3109 523 3181 posset,
547 3093 581 3155 in
606 3093 774 3180 Sequanos
798 3115 856 3180 per
877 3108 1038 3155 extremos
1062 3091 1252 3179 Lingonum
1276 3089 1356 3153 fines

287 3193 511 3282 proficiscitur.
530 3194 605 3256 llaec
621 3194 728 3282 agenti
750 3192 936 3280 supervenit
954 3214 1031 3256 cum
1047 3191 1237 3280 ingentibus
1252 3192 1356 3279 oopi'u

288 3294 552 3382 Vercingetorix;
568 3310 602 3358 et
624 3317 727 3381 quum
744 3294 850 3357 tribus
871 3294 951 3357 locis
968 3293 1111 3380 equestri
1125 3291 1240 3380 prelio
1256 3291 1356 3357 dimi·

288 3409 396 3460 catum
413 3393 470 3458 diu
483 3395 616 3476 fuisset,
633 3394 766 3458 tandem
783 3395 904 3458 virtute
917 3395 1155 3458 Germanorum
1167 3395 1273 3458 vincit
1287 3397 1356 3458 Car·

287 3519 355 3578 sar;
371 3496 548 3582 multisque
572 3496 715 3560 hostiurn
734 3495 928 3578 interfectis,
946 3496 1149 3585 principibus
1165 3497 1294 3584 aliquot
1306 3519 1357 3560 ce·

287 3597 369 3686 ptis,
392 3596 686 3686 Vercingetorigem
707 3597 749 3662 ad
766 3597 1022 3663 Mandubiorum
1042 3596 1201 3685 oppidum
1215 3599 1357 3662 Alesiam

288 3699 456 3768 cedentem
473 3698 665 3785 insequitur.
1150 3746 1155 3761 .
1289 3761 1298 3775 ,

331 3803 387 3868 lV.
404 3799 468 3866 Sed
488 3800 682 3889 principium
702 3800 771 3880 ejus
789 3825 907 3893 pugnae
923 3801 1044 3866 durum
1060 3800 1215 3865 Romanis
1231 3801 1354 3876 firemt3

285 3902 592 3991 suspenderuntque
609 3905 747 3970 Arverni
768 3904 802 3966 iu
825 3904 1028 3968 sanctissimo
1050 3904 1173 3991 templo
1189 3900 1353 3991 gladium,

319 4114 335 4179 ς
354 4119 373 4165 1.
392 4118 424 4166 ll.
437 4118 466 4166 (L
481 4133 548 4178 qoo;
566 4121 597 4166 Α.
613 4117 641 4168 C.
658 4117 700 4166 ⁵2.
717 4145 751 4158 ψ-
764 4117 831 4175 mo,
848 4117 958 4167 luxu.
972 4118 1079 4166 -Ceu
1091 4113 1302 4165 munaum
