2875 4900
300 398 371 489 450
459 399 527 468 JO.
555 398 917 505 incrusurum
951 400 1208 468 suerrum.

300 525 452 589 militibus
466 545 543 613 opus
557 537 650 604 esset,
670 545 763 585 ormo
776 537 967 610 captiuum:
984 522 1053 610 ipse
1067 538 1244 587 convocato
1254 518 1353 588 senatu

235 628 238 637 ’
300 630 418 711 refert,
438 626 572 715 quidde
588 629 625 688 iis
628 620 713 712 fieri
722 623 856 711 placcat
864 672 875 703 ,
895 625 953 712 qui
965 639 1065 689 essent
1078 627 1112 688 in
1129 624 1282 688 custodias
1295 636 1354 688 ttu-

300 731 368 793 diti.
390 730 475 793 Tum
501 726 656 791 Decimus
680 724 797 787 Junius
815 725 942 789 Silanus
966 726 1082 789 consul
1108 725 1288 815 designatus
1305 725 1353 811 (hi

299 832 386 895 enim
404 829 506 893 ferme
522 828 716 892 senteutiam
735 828 833 914 primi
848 826 1074 916 rogabantur)
1088 828 1127 892 de
1141 829 1223 911 Hir's,
1240 842 1270 894 et
1277 851 1353 918 prce·

297 950 381 998 terea
392 931 431 995 dc
443 933 480 996 L.
499 930 622 1010 Cossio,
637 929 676 994 P.
694 930 866 1010 Umbreno,
880 930 920 993 P.
937 929 1064 1012 Fulvio,
1083 933 1123 1019 Q.
1137 934 1259 1015 Annio,
1272 955 1353 1022 quun

213 1056 217 1071 ‘
297 1036 477 1127 deprehensi
482 1032 600 1122 forent
609 1082 618 1111 ,
637 1032 825 1123 supplicium
840 1034 1022 1097 sumendum
1040 1040 1168 1101 censuit.
1185 1038 1353 1101 Assentien·

299 1141 387 1204 tibus
404 1138 492 1217 aliis,
513 1136 564 1201 Ti.
585 1135 674 1199 Nero
688 1134 912 1199 debellandum
923 1150 1020 1199 antea
1035 1136 1210 1202 Cotilurom
1225 1137 1300 1201 dixit
1313 1138 1353 1199 ui·

296 1242 382 1320 deri;
398 1252 525 1302 caeteros
539 1237 650 1299 haberi
661 1239 694 1299 iu
707 1236 853 1300 custodia
861 1286 872 1318 ,
881 1238 1042 1325 proesidiis
1053 1238 1185 1321 additis,
1204 1240 1299 1303 donec
1307 1240 1352 1301 ite·

297 1365 368 1405 rum
384 1364 422 1404 eu
436 1340 475 1402 de
489 1364 522 1405 rc
533 1336 697 1425 referatur.

341 1447 393 1507 CI.
419 1442 483 1506 Ubi
507 1457 642 1505 ventum
660 1441 701 1504 ad
724 1442 884 1506 Caesarem
903 1458 970 1523 est,
997 1444 1054 1531 qui
1076 1459 1148 1506 tum
1169 1460 1238 1507 erat
1254 1460 1353 1531 prator

297 1544 504 1634 designatus,
524 1555 653 1606 mortem
670 1566 692 1605 a
710 1544 771 1607 diis
785 1544 1014 1608 tmowrtalibur
1029 1545 1175 1633 supplicii
1187 1569 1283 1609 causa
1294 1568 1352 1608 eon·

294 1648 437 1709 stitutum
452 1666 594 1735 negans,
609 1644 664 1707 scd
671 1646 777 1733 potius
784 1660 912 1733 portum
926 1647 1093 1735 quemdam
1108 1649 1314 1725 miserturum,
1328 1660 1353 1710 tt

296 1751 427 1837 quietern
441 1748 586 1811 laborum
598 1770 658 1811 esse
665 1772 677 1827 ,·
689 1748 844 1828 vinculis,
859 1751 962 1836 eisque
972 1749 1177 1835 senpiternis,
1190 1747 1352 1813 coercendos

298 1850 461 1931 decrevit,
480 1851 563 1913 bouo
575 1849 777 1938 publicando
784 1898 795 1930 ,
813 1853 894 1939 ipsos
909 1852 944 1913 in
961 1852 1153 1938 muniturus,
1174 1874 1248 1940 quae
1265 1850 1352 1916 Cicero

295 1952 407 2017 consul
411 1952 576 2043 probasset
581 1999 592 2030 ,
607 1950 767 2014 habendos
773 1976 786 2030 ;
800 1974 862 2014 ueu
874 1954 945 2040 quis
955 1952 996 2014 de
1007 1953 1165 2040 inpostea
1175 1954 1225 2016 ad
1231 1966 1353 2016 senatun

294 2052 440 2139 referret,
459 2076 533 2117 neue
544 2075 615 2117 cum
622 2052 744 2143 populo
757 2065 886 2139 ageret,
904 2054 1127 2141 municipibus,
1143 2058 1253 2144 siquis
1264 2074 1352 2118 conon

295 2156 427 2221 vincula
441 2158 585 2243 rupisset,
601 2166 723 2217 atroces
731 2178 840 2242 poenoe
847 2158 1142 2243 praestitucreutur:
1156 2160 1200 2219 sic
1211 2154 1311 2243 effugi
1317 2157 1352 2215 io·

297 2258 413 2323 viuum
420 2306 431 2339 ,
446 2280 484 2320 ne
500 2258 571 2346 quis
584 2256 659 2319 civis
674 2255 795 2318 indicta
810 2279 909 2319 causa
925 2268 1053 2319 necatus
1065 2257 1234 2338 videntum
1246 2258 1352 2321 reosin·

296 2366 380 2425 terea
394 2357 524 2448 gravius
535 2355 651 2446 plecti,
667 2378 767 2445 quum
780 2358 810 2419 si
821 2356 1006 2445 supplicium
1016 2371 1211 2445 paterentur.

340 2462 411 2524 CII.
436 2459 525 2524 Adeo
549 2474 770 2522 commoverat
788 2459 915 2522 animos
939 2475 1005 2523 tarn
1025 2460 1179 2526 facundia
1197 2458 1350 2534 orationis,

295 2584 394 2650 quam
413 2559 559 2648 potentia
573 2559 651 2640 viri,
669 2574 707 2623 ut
724 2581 792 2622 non
809 2558 910 2624 modo
926 2562 1033 2625 caeteri
1044 2561 1200 2652 deinceps
1215 2587 1282 2629 eam
1297 2582 1352 2625 sen·

297 2663 432 2726 tentiam
452 2677 681 2749 sequerentur,
701 2661 759 2725 sed
773 2662 831 2750 qui
845 2663 1039 2727 seutentiam
1053 2665 1144 2753 prius
1162 2665 1317 2744 (fixerant,
1328 2675 1352 2724 et

297 2766 366 2853 ipsc
379 2781 455 2828 ante
466 2785 580 2828 omnes
597 2763 742 2852 Silanus,
759 2779 988 2844 retractarent,
1004 2788 1076 2852 quar
1087 2783 1297 2846 censuerant,
1308 2775 1353 2826 aut

295 2865 562 2954 interpretatione
583 2863 767 2946 mollirent;
784 2888 887 2953 quum
906 2882 981 2954 post
991 2867 1175 2932 orationem
1191 2869 1351 2956 insignem,

295 2993 313 3032 a
338 2967 472 3032 consule
497 2965 746 3054 interpositam,
771 2989 864 3055 paene
887 2967 973 3030 inter
997 2968 1129 3032 ultimos
1161 2969 1352 3056 (adolescens

295 3069 383 3134 enirn
400 3066 526 3149 adhuc,
543 3083 576 3130 et
590 3066 744 3132 tribunus
757 3067 861 3155 plebis
874 3067 1062 3157 designatus
1075 3070 1164 3152 erat)
1177 3071 1352 3135 sententiam

295 3172 341 3236 M.
364 3173 444 3234 Cato
462 3186 612 3259 rogatus,
628 3169 670 3233 ita
687 3186 719 3234 et
734 3169 833 3234 Silani
846 3171 1035 3257 perstrinxit
1048 3171 1313 3250 inconstantiam,
1328 3182 1352 3230 tt

297 3274 455 3335 Caesarem
476 3271 717 3359 suspicionibus
733 3287 766 3334 et
778 3271 900 3335 invidia
914 3272 1042 3348 obruit,
1056 3274 1142 3337 utin
1156 3275 1226 3356 ejus
1241 3289 1352 3338 senten·

299 3374 393 3454 tiam,
410 3373 595 3436 sumendum
607 3373 646 3436 de
659 3375 833 3462 conjuratis
847 3375 1048 3462 supplicium,
1064 3373 1299 3442 decerneretur.

342 3475 427 3538 CIII.
443 3473 548 3538 Etiam
563 3474 650 3538 bona
663 3475 824 3563 publicari
836 3475 991 3540 volebant
1004 3476 1171 3566 plerique3
1186 3477 1350 3549 sedeam,

297 3574 466 3661 iudignum
484 3597 546 3638 csse
562 3590 718 3657 testatus,
740 3576 777 3639 id
792 3599 891 3640 unum
909 3601 954 3640 ex
972 3579 1125 3642 scatentia
1146 3603 1207 3644 suo
1225 3575 1349 3650 retineri,

295 3675 384 3765 quod
394 3689 465 3741 erat
475 3679 680 3763 asperrinutm
697 3677 778 3762 (uec
791 3679 880 3742 enirn
894 3679 948 3742 alii
964 3680 1029 3745 hoc
1042 3681 1256 3767 censuerant)
1271 3697 1352 3765 repu-

330 3912 347 3977 §
364 3911 394 3961 C.
415 3913 468 3962 Cic.
485 3912 517 3959 ad
535 3913 619 3962 Famil.
636 3915 661 3972 1,
676 3929 716 3978 cp.
732 3928 757 3974 9.
778 3941 813 3950 —
828 3916 886 3965 nio.
907 3941 943 3951 -
960 3915 1027 3966 Plut.
1043 3943 1079 3954 -
1094 3919 1205 3985 Appian.
1221 3945 1260 3990 ''.
1267 3914 1349 3964 sallust.

294 4023 329 4032 -
342 3995 358 4060 S
370 3997 411 4046 CI.
426 3995 528 4045 Sueten.
539 4024 573 4034 —
584 3997 642 4046 Dic.
653 4024 689 4032 -
699 3997 763 4046 Plut
773 3997 799 4045 in
813 3997 876 4048 Caes.
886 4026 922 4036 -
933 4001 986 4050 Cic.
1000 4001 1027 4048 in
1039 4001 1113 4052 Catil.
1124 4004 1170 4061 tv,
1184 4003 1208 4052 5.
1222 4029 1255 4040 -·
1267 3999 1350 4048 Sallust·

296 4107 327 4116 -·
342 4077 358 4143 S
371 4080 425 4130 cst.
440 4082 548 4146 Appiae.
564 4109 599 4118 -
613 4081 678 4130 Plut.
693 4083 721 4129 in
734 4079 787 4130 Cat.
806 4084 866 4130 min·
884 4111 919 4120 -
940 4085 992 4136 Cic.
1008 4085 1035 4133 iu
1053 4085 1125 4136 Cutil.
1141 4089 1187 4145 tv,
1207 4097 1233 4135 ct
1244 4084 1274 4133 ad
1284 4079 1349 4130 tuit·

294 4163 683 4223 x11‚2=.-vut.11,35.-
697 4165 795 4216 Sallust.
806 4193 842 4204 -
854 4166 913 4216 nio.
