2875 4900
9 4314 15 4499 l

9 4582 13 4747 l

255 416 310 486 in
339 415 452 485 noc.
480 415 577 486 trs.
604 421 793 490 txxvn
821 421 1031 526 alvum.
1123 381 1179 498 ἰι

150 535 233 600 LIV.
249 535 400 602 Habebat
410 537 474 602 sub
486 538 586 627 signis
601 541 752 630 equitum
764 543 1185 635 quatuormillia,peditum

109 637 285 726 decuplum
298 662 306 704 :
320 637 379 706 sed
395 639 500 704 victus
512 641 554 704 ab
564 641 734 725 hostibus,
746 644 850 708 ferme
859 642 972 710 decem
986 645 1087 711 millia
1099 649 1185 712 miii-

108 759 177 806 tum
196 744 228 807 in
244 743 355 832 praelio
370 742 497 826 amisit3
514 759 638 810 catera
648 747 751 836 copim
764 745 927 836 dissipatas
935 747 972 812 in
984 746 1111 813 diversa
1126 747 1184 814 ab·

108 845 227 910 ierunt.
239 845 414 935 Aquillius,
433 844 475 910 ad
492 845 686 938 Sangarium
703 845 841 914 fluvium
854 847 932 939 iuga
952 848 1097 932 delatus,
1111 851 1188 916 licet
1280 881 1284 897 ·

104 947 169 1026 jam
188 971 255 1012 nor
272 963 397 1036 tegeret
414 964 537 1031 terras,
559 949 750 1016 transmisso
769 950 877 1015 statim
900 949 1059 1034 flumine,
1076 967 1190 1040 postca

110 1049 303 1138 Pergamum
313 1049 413 1114 venit.
425 1051 537 1114 Castra
547 1073 683 1138 quoque
698 1051 768 1132 ejus
781 1066 875 1142 capta
882 1069 971 1118 sunt.
983 1052 1047 1125 Sed
1056 1053 1187 1118 Mithri-

108 1151 214 1232 dates,
232 1151 375 1239 captivos
384 1199 394 1232 ,
404 1151 490 1216 sicut
504 1167 598 1216 antea
611 1153 717 1218 facere
731 1169 965 1237 consueverat,
980 1177 1085 1243 quum
1097 1154 1188 1219 Asia-

109 1252 162 1316 tici
175 1267 301 1334 essent,
319 1251 459 1316 comiter
473 1253 682 1342 alloquutus,
703 1277 780 1319 cum
791 1255 937 1320 restibus
956 1273 990 1320 et
1006 1255 1124 1321 viatico
1146 1256 1188 1321 ad

107 1377 186 1418 snos
198 1376 367 1443 quemque
379 1353 485 1420 redire
503 1378 637 1446 passus,
654 1371 783 1421 tantum
797 1357 916 1422 excivit
932 1357 1187 1440 benevolentia,

106 1473 145 1522 ut
171 1457 320 1521 certatim
346 1454 388 1520 ad
411 1479 487 1521 eum
518 1459 629 1522 omnia
654 1456 851 1543 deficerent3
875 1460 1039 1550 legatique
1065 1483 1188 1550 magno

108 1581 249 1622 numero
279 1557 471 1623 accederent
497 1557 627 1624 decreta
648 1559 817 1624 civitatum
840 1559 1033 1643 afferentes,
1062 1561 1186 1650 quibus

108 1679 219 1748 regem
237 1658 279 1722 ad
295 1681 332 1724 se
342 1659 523 1744 vocabant,
537 1661 640 1725 Deum
648 1675 745 1750 atque
755 1661 951 1726 Servatorem
962 1663 1182 1751 appellantes:

112 1775 144 1823 et
159 1782 373 1848 quocumque
385 1762 527 1827 venisset
537 1809 546 1844 ,
556 1761 686 1826 obviam
698 1761 811 1827 effusis
824 1785 903 1827 cum
914 1763 1084 1851 splendida
1097 1781 1188 1830 reste

112 1861 270 1926 omnibus
284 1861 475 1944 ordinibus,
489 1885 617 1928 summa
634 1863 744 1928 laetitia
758 1863 991 1952 excipiebatur.

151 1963 219 2028 LV.
238 1963 355 2050 Neque
373 1964 504 2028 Cassius
523 1980 556 2029 et
573 1963 785 2048 Nicomedes,
802 1981 836 2030 et
857 1965 915 2054 qui
933 1965 986 2030 alii
1004 1966 1186 2057 legatorum

107 2087 322 2128 romanorum
339 2063 379 2128 iis
394 2064 474 2129 locis
493 2083 603 2148 erant,
620 2067 771 2131 inhibere
788 2067 950 2155 impetum
963 2069 1186 2156 properantis,

107 2179 164 2228 aut
184 2187 351 2253 opponere
370 2187 405 2228 se
419 2165 528 2231 ruenti
545 2166 628 2230 Asiae
645 2167 831 2251 audebaut;
847 2169 1034 2257 frustraque
1054 2169 1185 2234 tentatis

108 2266 278 2356 Phrygum
292 2264 437 2348 auxiliis,
447 2289 551 2355 quum
560 2267 712 2333 homines
729 2267 771 2335 ad
782 2269 930 2335 militiam
945 2271 1074 2360 ineptos
1091 2293 1184 2335 exer-

107 2389 183 2431 cere
206 2367 300 2432 irrito
327 2367 438 2432 labore
465 2368 698 2451 instituissent,
727 2369 923 2434 dimiserunt
946 2393 1079 2456 omnes,
1102 2387 1136 2436 et
1166 2397 1184 2437 a

108 2470 241 2535 castello
260 2468 429 2559 Phrygias,
443 2470 535 2558 quod
553 2472 702 2535 Leonum
717 2472 881 2561 appellant
898 2490 998 2563 caput
1020 2478 1083 2561 (eo
1095 2474 1184 2538 enim

108 2589 244 2663 propter
267 2572 487 2636 munitionem
507 2572 572 2636 loci
599 2572 848 2660 convenerant)
879 2573 997 2639 diversi
1020 2574 1183 2639 abierunt.

108 2674 240 2739 Cassius
268 2676 441 2763 Apameam
462 2672 594 2739 reduxit
622 2698 722 2752 suos,
747 2674 943 2741 Nicomedes
968 2675 1184 2765 Pergamum,

107 2776 282 2841 Mancinus
294 2775 449 2841 Rhodum
463 2776 510 2841 ire
523 2778 702 2841 constituit.
718 2778 746 2840 A
758 2776 917 2867 Pergamo
925 2775 1133 2857 Nicomedes,
1146 2792 1185 2839 ut

107 2892 290 2967 conspectu
306 2898 367 2940 suo
383 2876 455 2964 plus
472 2894 618 2941 moveret
633 2892 803 2959 senatum,
820 2878 854 2941 in
870 2876 996 2940 Italiam
1012 2875 1182 2965 navigavit.

151 2980 236 3044 LVI.
251 2980 322 3043 Hoc
336 2978 393 3043 ubi
406 2977 555 3043 auditum
568 2980 677 3060 estiis,
687 2980 746 3068 qui
759 2977 971 3043 occludendis
982 2978 1110 3043 Pontici
1120 3000 1186 3041 ma·

106 3084 150 3145 ris
161 3080 313 3145 faucibus
327 3079 370 3145 ad
382 3080 572 3167 Byzantium
591 3080 814 3161 excubabant,
828 3078 946 3167 partim
962 3076 1188 3167 diffugerunt,

106 3185 160 3248 alii
187 3183 310 3262 majore
334 3180 456 3271 llagitio
480 3203 576 3245 naves
606 3202 741 3269 quoque
770 3176 960 3244 Nicomedis
980 3178 1185 3244 tradiderunt

106 3281 303 3349 Mithridati.
328 3281 480 3371 Bithynia
502 3284 595 3346 omni
620 3304 742 3371 paucos
763 3280 849 3344 intra
871 3278 941 3344 dies
960 3296 1109 3369 recepta,
1130 3305 1187 3346 rex

107 3386 315 3451 Mithridates
335 3384 480 3450 civitates
493 3384 632 3465 obiens,
650 3382 808 3473 pecunias
830 3399 1089 3471 apparatumque
1111 3383 1188 3448 belli

106 3488 233 3575 ubique
255 3486 296 3551 ab
317 3485 467 3551 hostibus
487 3486 599 3551 relicta
620 3484 809 3575 colligebat3
831 3500 1006 3569 ceterum,
1030 3509 1098 3575 quo
1122 3486 1187 3552 cie·

107 3590 253 3653 mentius
278 3588 452 3676 imperium
480 3602 684 3678 speraretur,
711 3586 821 3651 debita
845 3585 995 3676 publica,
1020 3587 1119 3651 simul
1149 3611 1187 3653 ac

106 3692 251 3779 privata,
268 3688 532 3756 remittebantur.
556 3690 614 3753 His
633 3688 677 3753 ita
692 3712 733 3753 ex
749 3688 899 3777 praesenti
922 3710 986 3753 usu
1008 3688 1187 3769 ordinatis,

104 3810 238 3859 rocetos
253 3793 287 3856 in
301 3792 495 3859 concionem
512 3772 630 3857 niilites
648 3807 798 3856 accurata
808 3789 958 3855 oratione
976 3787 1018 3853 ad
1031 3790 1187 3854 virtutem

141 4022 158 4087 s
177 4024 242 4070 tlv.
255 4022 287 4069 U.
300 4022 328 4071 C.
344 4022 409 4079 6643
423 4020 454 4069 Δ.
469 4022 497 4072 C.
516 4024 560 4071 88.
580 4049 615 4058 -
635 4022 728 4071 Justtn.
742 4024 895 4081 xxxvln,
907 4022 930 4069 3.
948 4047 983 4057 —
996 4017 1103 4069 Diodor.
1119 4022 1187 4085 apud

106 4108 192 4155 vales.
207 4134 242 4143 -
254 4104 308 4156 Cic.
324 4122 372 4169 pro
388 4104 490 4165 Flacco,
502 4122 556 4171 cap.
573 4105 614 4153 25.
625 4133 661 4142 -
673 4105 781 4172 Appiam
791 4133 823 4144 -
837 4103 854 4170 S
868 4105 920 4155 tv.
933 4101 1056 4151 Plutarch.
1069 4102 1189 4153 nenia.

115 4205 168 4255 cap.
185 4192 226 4238 Sa.
238 4214 273 4229 -
286 4189 396 4255 Appiam
408 4216 441 4227 -
452 4189 531 4239 strab.
542 4188 584 4238 lib.
594 4191 657 4252 tttt,
672 4207 697 4255 p.
709 4190 769 4239 562.
