2875 4900
279 397 322 468 7²
454 373 522 441 JO.
550 372 891 440 FREINSHEMII
920 373 1164 443 SUPPLEM.

274 527 287 550 a
297 491 490 582 decutienda
505 508 584 557 sunt
604 492 801 556 sullanamm
817 493 959 580 partium
976 493 1080 582 capita
1097 516 1105 558 ε
1121 517 1190 557 non
1210 495 1277 558 nisi·
1291 497 1344 570 bis

273 628 286 652 a
296 596 444 678 remotis,
461 595 590 666 stabiles
605 609 722 660 nostro
733 595 768 657 in
783 591 1018 681 rempublicam
1033 617 1112 683 opes
1125 611 1233 660 erunt.
1249 598 1343 679 Quin

274 712 328 760 «et
345 697 425 761 illud
443 695 619 780 addidero,
639 697 767 760 tametsi
786 713 931 770 nostram
945 717 1093 778 causam,
1111 696 1202 785 quod
1219 698 1347 762 abomis

273 829 286 854 α
299 821 377 881 nor,
395 797 525 863 oderint
541 797 601 879 dil,
618 814 717 886 atque
731 798 841 861 omnia
857 796 953 867 nobis
969 798 1084 863 acerba
1097 815 1195 887 atque
1211 800 1345 870 funesta

272 899 451 981 «efficiant,
473 914 598 980 tamen,
622 901 649 963 si
668 915 796 978 mature
811 898 855 970 de
874 899 1014 963 inimicis
1037 900 1156 964 nostris
1178 900 1343 966 ultionem

272 992 549 1087 «sumpserimus,
575 1001 661 1063 hanc
682 1000 777 1067 nobIs
801 1000 1021 1088 voluptatem,
1047 1001 1133 1065 hanc
1153 1001 1342 1066 felicitatem

274 1123 364 1164 anon
384 1116 540 1188 poterunt
561 1100 801 1189 eripereaMibi,
820 1123 914 1181 sane,
935 1116 975 1165 ut
995 1123 1050 1166 me
1068 1103 1162 1167 robis
1179 1103 1342 1186 indicem,

274 1235 287 1258 ι
297 1201 393 1265 morti
408 1202 520 1266 similis
533 1201 597 1275 rita
609 1201 789 1283 videbitur,
803 1202 831 1266 si
839 1199 958 1266 cadem
972 1201 1045 1264 luce
1057 1201 1221 1267 fruentem
1236 1203 1346 1292 adspi-

274 1334 287 1359 α
300 1304 383 1368 ciam
408 1303 579 1384 Catulum,
603 1300 770 1384 beneficii,
792 1325 860 1390 quo
884 1318 1029 1366 servatus
1052 1320 1120 1385 est,
1143 1320 1342 1393 perpetuum

276 1435 289 1460 ι
298 1406 566 1486 obtrectatorem
583 1404 610 1468 si
624 1406 805 1486 Caesarum,
822 1404 849 1468 si
864 1406 1055 1469 Crassorum
1068 1404 1151 1469 odiis
1165 1406 1271 1470 vicem
1287 1429 1344 1470 ne·

273 1528 413 1594 «queam
430 1524 605 1593 reponere3
620 1507 648 1569 si
664 1505 814 1580 Metallos
829 1505 968 1570 tolerare
980 1505 1119 1589 diutius,
1134 1521 1168 1570 et
1175 1506 1342 1570 Antonios

275 1629 404 1697 ucogar.

317 1708 487 1772 XXXVII.
501 1739 514 1764 ι
523 1707 587 1773 sed
602 1729 710 1796 neque
722 1729 796 1790 vos,
810 1707 943 1795 opinor,
959 1707 1034 1772 llcet
1045 1707 1213 1771 mitiorem·
1222 1708 1342 1794 aliquis

275 1841 288 1866 a
298 1809 444 1873 animum
460 1809 608 1891 simulet,
623 1809 773 1872 inimicos
787 1825 912 1885 vestros
927 1809 1053 1890 vivere,
1069 1825 1168 1896 atque
1185 1808 1268 1873 adeo
1283 1833 1342 1873 va·

275 1909 362 1973 «lere
379 1909 538 1997 patienter
557 1909 692 1981 feretis:
711 1910 775 1973 nisi
790 1911 873 1975 forte
894 1909 1052 1998 collegam
1071 1925 1167 1979 tuum
1188 1910 1344 1975 lubenter

274 2010 518 2096 amplecteris,
542 2010 645 2074 Cinna
667 2010 802 2091 consul,
824 2031 844 2072 a
862 2033 929 2098 quo
951 2011 1053 2085 multa
1074 2025 1209 2086 tuorum
1233 2012 1343 2076 occisa

275 2111 411 2193 amillia,
425 2125 457 2174 te
470 2112 640 2199 expulsum
651 2111 757 2192 Urbe,
771 2112 862 2175 omni
875 2111 1027 2200 deinceps
1041 2114 1238 2178 contumelia
1248 2137 1343 2178 rexa-

275 2229 367 2278 stum
391 2211 578 2277 meministi.
597 2212 688 2296 Quid
708 2214 736 2277 si
751 2215 788 2278 L.
802 2213 927 2278 Merula
949 2213 1010 2277 tibi
1031 2230 1199 2294 occurret,
1222 2216 1341 2280 tertius

275 2316 395 2395 majus
407 2316 487 2396 anni
498 2316 630 2397 consul,
647 2314 740 2395 cujus
752 2337 875 2378 nomeu
891 2337 959 2378 non
976 2315 1052 2399 alia,
1065 2337 1163 2403 quam
1179 2337 1239 2404 per
1252 2339 1343 2381 sum-

275 2439 384 2481 ·mam
404 2415 555 2497 injurium
573 2432 681 2499 tuam,
700 2417 842 2507 irrepere
858 2417 893 2482 in
910 2416 1009 2499 fastos
1024 2417 1209 2507 potuisset}l
1232 2418 1340 2483 ceteri

276 2540 375 2593 ,vero
385 2540 540 2606 perquam
552 2519 613 2583 tibi
622 2518 760 2599 jucundi
771 2536 848 2584 sunt
858 2520 979 2602 futurI,
992 2542 1135 2609 quorum
1146 2521 1216 2585 beo
1226 2522 1341 2585 omnia

274 2617 427 2683 «decreta
449 2620 637 2704 sententiis,
659 2636 788 2710 peracta
808 2622 991 2703 voluntate,
1015 2622 1132 2711 opibus
1153 2622 1347 2711 animisque·

273 2720 427 2786 «defensa
443 2722 604 2799 novimus.

318 2822 502 2903 XXXVIII,
518 2822 682 2904 «Quodsi
697 2820 770 2910 quis
786 2825 869 2887 forte
882 2822 923 2887 ab
939 2824 1001 2888 hac
1012 2825 1139 2888 ratione
1153 2822 1339 2906 dissentiat,

215 2974 217 2989 .
273 2954 286 2989 r
296 2946 399 3011 quum
409 2924 552 3013 primum
564 2922 736 3012 adhortor,
748 2940 799 3007 ut,
813 2924 1002 3013 priusquam
1012 2925 1225 3013 obloquatur,
1234 2943 1343 2990 rnatu·

274 3025 364 3089 rrius
383 3046 494 3089 secum
512 3024 597 3089 dicta
618 3047 688 3089 mea
710 3023 910 3114 perpendat,
928 3022 1066 3105 deinde,
1084 3022 1245 3111 siquidem
1260 3047 1339 3112 per·

273 3140 378 3188 «stare
400 3124 435 3187 in
458 3126 616 3190 sententia
630 3126 724 3209 velit,
742 3121 1017 3208 commonefacio,
1038 3125 1084 3188 ita
1105 3140 1281 3213 temperet,
1301 3143 1341 3189 ut

274 3256 288 3285 κ
298 3242 405 3290 tamen
415 3228 549 3302 amicior
558 3228 663 3311 nobis,
673 3251 772 3316 quam
783 3226 945 3308 hostibus,
955 3248 1025 3290 esse
1033 3225 1190 3292 rideatur.
1200 3228 1338 3309 »Quum

274 3325 319 3401 ita
329 3325 451 3389 Marius
463 3326 609 3410 dixisset,
622 3344 656 3393 et
665 3329 829 3416 plerisque
839 3326 952 3391 cadem
965 3325 1136 3391 crudelitas
1145 3343 1243 3404 esset,
1257 3329 1339 3393 elios

273 3426 447 3491 auctoritas
464 3428 567 3510 illius,
582 3445 615 3493 et
632 3430 753 3494 horum
772 3428 939 3491 Inclinatio
956 3426 1150 3509 deterreret,
1172 3427 1239 3491 huc
1254 3449 1339 3491 con-

273 3549 426 3609 cursum3
442 3544 676 3617 pectorumque
697 3546 730 3593 et
748 3526 959 3609 jurisjurandi
974 3528 1119 3616 neglecta
1138 3525 1220 3608 lide,
1240 3528 1340 3592 multi

272 3626 414 3716 insignes
426 3627 487 3699 riri
504 3631 625 3711 necati,
641 3644 675 3693 et
688 3630 808 3720 capita,
819 3630 985 3717 volutiani
1001 3644 1133 3717 recepto
1149 3651 1256 3711 more,
1275 3652 1339 3717 po·

273 3729 333 3807 sita
350 3728 384 3791 in
398 3730 523 3793 llostris
539 3746 625 3795 sunt.
731 3724 734 3729 ¹

316 3831 470 3911 XXXIX,
489 3832 552 3909 «Iu
572 3833 622 3910 his
643 3834 678 3899 G.
697 3834 811 3899 Atilius
834 3825 991 3899 Serranus
1010 3834 1061 3897 rir
1081 3834 1282 3915 consularis,
1306 3851 1340 3899 et

305 4045 322 4111 s
335 4045 484 4095 xxxvm.
501 4046 608 4117 Appiam.
624 4046 679 4097 Cir.
692 4044 737 4093 lib.
751 4046 774 4093 1.
788 4070 824 4081 -·
841 4044 894 4093 Cic.
908 4043 940 4092 dc
953 4046 1022 4093 Orat.
1035 4046 1087 4103 111,
1103 4046 1128 4094 3.
1147 4071 1182 4082 -
1194 4043 1251 4093 vat
1264 4045 1336 4095 Mu.

272 4130 308 4188 V,
322 4129 345 4177 l.
355 4155 390 4166 -
400 4129 463 4178 Flor.
475 4132 512 4178 111
520 4164 527 4191 ,
539 4144 582 4191 at,
596 4157 630 4169 -
643 4129 708 4191 Plut.
719 4129 748 4189 iu
760 4128 858 4188 Murio,
876 4143 930 4193 cap.
943 4136 984 4189 74.
1005 4162 1010 4169 ·
