2875 4900
284 361 355 447 aaa
462 345 898 435 toreumatum
927 362 1172 433 sorrentu.

281 482 568 569 stititllunquam
584 497 676 547 tanto
690 482 862 547 inferiores
875 506 1016 547 numero
1031 485 1173 549 Romani
1192 507 1356 575 pugnave-

281 600 373 650 rant:
386 607 447 651 nec
458 584 546 649 enim
557 584 745 661 vicesimam
758 584 905 649 hostium
918 601 1043 674 partem
1055 586 1184 651 Luculli
1200 586 1357 653 exercitus

280 687 481 776 adaequabat.
500 686 565 750 Sed
580 685 668 774 apud
688 686 811 774 peritos
831 685 908 751 belli
924 688 989 751 hoc
1008 688 1128 751 summi
1145 686 1242 751 ducis
1266 710 1358 775 argu·

282 806 432 853 mentum
441 788 638 869 habebatur,
650 785 741 875 quod
752 786 880 851 duabus
890 788 1115 853 diversissimis
1123 789 1271 869 artibus,
1283 789 1358 853 cele·

280 892 440 955 berrimos
452 890 536 955 duos
548 889 649 953 aetatis
656 889 726 969 ejus
737 913 844 979 reges,
854 889 1079 957 Mithridatem
1088 890 1240 980 fregisset
1253 914 1355 971 mora,

283 995 456 1084 Tigranem
468 993 629 1057 celeritate
644 991 840 1057 obtrivisset.

326 1096 363 1159 L.
380 1097 490 1181 Atque
505 1116 557 1157 res
571 1110 637 1157 tarn
648 1093 825 1181 improvisa
837 1094 934 1160 etiam
946 1094 1170 1159 Mithridatem
1185 1094 1354 1173 fefellerat,

281 1197 357 1285 qui,
373 1195 547 1261 Lucullum
566 1196 676 1283 priore
693 1194 771 1260 belli
792 1194 928 1284 gerendi
946 1196 1072 1261 ratione
1090 1218 1235 1263 usurum
1254 1210 1355 1274 ratus,

283 1320 351 1362 non
370 1312 587 1361 maturaverat
602 1295 643 1360 ad
657 1297 832 1385 Tigranem
846 1296 1020 1362 accedere:
1039 1295 1192 1361 tendenti
1207 1293 1251 1359 ad
1268 1294 1354 1358 illum

284 1414 501 1463 occurrerunt
518 1399 554 1461 in
570 1398 687 1463 itinere
703 1397 799 1486 pauci
813 1396 1102 1485 primum,deinde
1120 1397 1234 1485 plures
1247 1393 1323 1483 prof
1340 1428 1354 1443 ·

282 1523 400 1589 gorum
422 1522 459 1563 ex
486 1499 618 1587 praelio:
635 1497 726 1563 unde
747 1499 880 1587 cognito
904 1499 1051 1587 Tigranis
1072 1521 1166 1580 casu,
1188 1496 1353 1585 requisivit

280 1624 357 1665 eum
382 1599 573 1691 diligentem
590 1622 698 1689 neque
721 1599 864 1665 reddidit
882 1601 1113 1683 contumelias,
1137 1600 1198 1665 sed
1216 1622 1257 1663 ex
1274 1618 1352 1685 equo

280 1702 447 1784 desiliens,
463 1718 585 1766 vestem
597 1702 627 1765 ei
639 1702 779 1790 regiam,
792 1702 882 1767 haud
892 1702 1099 1785 inferiorem,
1117 1725 1220 1791 quam
1235 1716 1351 1791 gestare

280 1822 348 1869 erat
359 1805 492 1886 solitus,
503 1804 619 1892 suique
632 1805 806 1869 comitatus
819 1820 942 1893 partem
956 1804 1063 1887 dedit;
1078 1803 1239 1892 bonoque
1249 1800 1350 1865 animo

281 1928 350 1970 esse
360 1906 509 1986 jussum,
523 1903 564 1968 ad
580 1903 739 1992 parandas
753 1905 829 1969 alias
845 1906 971 1994 copias,
984 1906 1177 1993 bellumque
1192 1924 1350 1967 resumen-

283 2007 364 2072 dum
382 2006 597 2071 confirmavit.

322 2111 375 2173 LI.
398 2109 489 2174 Inter
499 2108 569 2176 haec
579 2130 710 2174 reverso
723 2109 765 2175 ad
778 2111 1008 2202 Tigranocerta
1021 2108 1179 2191 Lucullo,
1192 2108 1348 2172 Mancaeus

277 2212 387 2301 graecis
401 2210 558 2282 militibus
572 2213 796 2294 mercenariis,
812 2212 903 2300 quod
920 2228 1087 2301 suspectos
1099 2210 1257 2291 haberet,
1268 2225 1348 2271 arma

277 2311 409 2377 ademit.
422 2314 518 2378 Unde
531 2314 578 2377 illi
590 2314 755 2378 acerbiora
769 2315 879 2397 veriti,
893 2316 961 2379 dies
973 2330 1152 2402 noctesque
1168 2306 1346 2401 congregati

279 2414 529 2502 permanebant,
540 2414 681 2488 fustibus
691 2438 860 2481 armorum
871 2416 944 2484 loco
956 2416 1109 2505 arreptis:
1123 2414 1248 2480 idcirco
1260 2412 1345 2478 Man·

279 2538 364 2580 cacus
374 2538 451 2581 cum
461 2515 591 2580 armatis
604 2515 639 2579 in
655 2539 712 2580 eos
726 2517 885 2606 impetum
899 2519 997 2601 fecit,
1015 2534 1134 2581 eventu
1149 2536 1285 2606 prorsus
1300 2513 1344 2574 iu·

279 2619 424 2706 opinato.
447 2619 598 2706 Namque
616 2619 750 2684 brachia
764 2636 852 2684 veste
868 2620 1024 2685 obvoluta
1041 2620 1233 2708 clypeorum
1249 2617 1343 2680 vicem

279 2720 480 2803 objicientes,
488 2721 726 2786 fustibushaud
735 2723 872 2811 impigre
879 2743 913 2786 se
921 2721 1151 2803 defenderunt3
1160 2721 1345 2786 occisorum·

216 2861 220 2869 ·
279 2844 344 2909 que
360 2820 577 2886 Barbarorum
591 2821 689 2886 armis
705 2823 853 2886 celeriter
866 2823 952 2887 inter
966 2845 1000 2888 se
1013 2823 1140 2904 divisis,
1157 2821 1342 2888 moeniomm

278 2938 403 3010 partem
415 2939 629 3012 occuparunt.
645 2925 731 2988 Cum
743 2924 782 2988 iis
797 2947 913 3012 magna
927 2947 1061 3013 quoque
1074 2947 1148 3013 pars
1164 2925 1342 2990 Graecorum

277 3025 393 3087 urbem
411 3024 625 3088 incolentium
641 3025 812 3090 sentiebat.
829 3025 874 3088 Ea
890 3024 1051 3090 discordia
1066 3025 1224 3090 Romanis
1237 3019 1341 3085 urbem

276 3125 425 3212 aperuit,
443 3124 679 3214 thesaurosque
697 3127 799 3216 regis,
821 3143 854 3190 et
877 3127 1017 3190 aliorum
1040 3127 1252 3215 amplissimas
1274 3137 1341 3207 opes

278 3225 420 3291 tradidit.
430 3228 515 3292 Octo
527 3226 626 3299 millia
640 3227 800 3292 talentum
812 3227 943 3317 signatae
952 3227 1099 3316 pecunie
1110 3227 1242 3293 inventa
1256 3233 1339 3287 sunt:

278 3327 358 3392 urbs
379 3326 561 3417 diripienda
577 3329 735 3394 militibus
753 3329 841 3412 data,
859 3345 892 3393 et
904 3331 1039 3418 insuper
1056 3329 1225 3394 distributi
1238 3328 1269 3389 in
1281 3323 1340 3386 sin·

208 3447 212 3453 ’
278 3431 372 3520 gulos
390 3430 515 3495 denarii
531 3432 722 3522 octingenti.
739 3431 834 3496 Multi
850 3431 970 3495 scenici
983 3429 1120 3502 artifices
1138 3431 1224 3520 capti
1242 3435 1338 3498 erant,

278 3553 361 3618 quos
373 3531 414 3594 ad
425 3529 644 3598 dedicandum
656 3532 821 3596 theatrum
828 3533 984 3622 Tigranes
994 3548 1218 3597 contraxerat:
1235 3527 1271 3592 iis
1282 3525 1338 3588 Lu·

231 3601 246 3645 l
277 3633 382 3699 cullus
395 3631 437 3696 ad
449 3631 546 3698 ludos
561 3633 705 3697 victoriae
721 3656 787 3698 suae
803 3657 882 3698 usus
897 3651 955 3698 est.

320 3733 389 3799 LII.
403 3732 574 3798 Convenas
584 3733 702 3798 deinde
711 3735 872 3798 variarum
885 3735 1051 3824 gentium,
1065 3735 1185 3823 quibus
1195 3734 1337 3820 Tigfflfles

309 3973 431 4040 sm.
442 3971 566 4037 xiphilin.
586 3997 622 4007 -—
641 3971 765 4022 Plutarch.
781 3973 910 4039 Apopbth.
927 3975 1001 4024 Rom.
1015 3985 1040 4022 et
1058 3973 1085 4022 iu
1102 3973 1213 4022 Lucullo.
1233 3993 1266 4006 --
1282 3959 1332 4028 §L

273 4063 402 4111 Menon.
414 4082 451 4094 -
463 4055 587 4107 Plutarch.
601 4083 637 4094 -
653 4057 761 4123 Appiae.
776 4057 890 4107 Mithrid.
904 4085 938 4098 -
952 4057 969 4124 S
990 4059 1030 4108 tt.
1050 4059 1114 4128 pto,
1132 4058 1176 4108 lib.
1190 4051 1291 4108 mv.
1304 4067 1333 4081 ’-

272 4148 401 4197 Memnon.
412 4167 447 4179 -
460 4138 586 4196 Plutarch.
