2875 4900
308 364 363 435 IN
391 366 504 435 Luc.
531 366 624 433 LlB.
652 364 742 433 CVI
771 364 986 456 LlVlANl.
1109 361 1179 435 583

107 485 294 553 multidudo
319 486 495 568 conviciis,
518 507 596 551 mox
619 486 715 549 etium
738 484 915 574 lapidibus,
940 486 1115 575 appetivit,
1141 503 1181 551 ut

105 588 377 679 tbffugientibus,
394 590 543 675 quicum
560 586 781 667 deducebant,
797 586 1007 651 vehementer
1019 602 1178 653 oonttuus
1299 649 1303 658 ,

105 706 207 778 atquc
227 690 365 769 jactatus
378 690 431 753 vix
449 689 484 753 in
502 690 617 753 Rostra
635 704 828 778 penetraret.
847 688 928 752 Inde
948 710 1124 753 conversus
1136 689 1179 753 nd

106 792 259 873 turbam,
282 790 463 857 constantia
483 791 593 855 vultus
613 791 700 855 illico
721 788 913 855 seditionem
938 790 1179 877 clamoremque

102 892 319 981 comps-essin
335 916 412 957 mox
425 909 500 981 apta
509 893 649 981 tempori
662 892 809 956 oratione
821 892 868 955 sic
881 891 1033 957 disseruit
1043 890 1085 955 de
1096 913 1178 979 prse-

102 995 278 1078 sentibus,
308 1010 347 1059 ut
373 995 536 1060 tumultus
561 994 667 1058 omnis
692 993 794 1057 semel
817 995 1072 1081 conquiesceret.
1099 993 1178 1081 Legi

102 1113 234 1177 nmen,
251 1118 355 1184 quum
371 1118 390 1160 a
405 1094 595 1163 consulibus
610 1118 649 1159 ex
665 1096 946 1160 senatusconsulto
963 1098 1121 1177 serremr,
1136 1116 1179 1158 ne

101 1200 183 1287 ipsis
199 1200 334 1287 quidem
350 1198 557 1279 nolentibus,
573 1198 788 1261 intercessum
806 1213 867 1261 est.

149 1301 193 1365 X.
217 1302 285 1365 Nec
305 1300 380 1365 ideo
404 1300 514 1365 miuus
538 1298 700 1363 tribunitii
717 1296 897 1380 candidati,
917 1298 1075 1389 depositis
1089 1299 1178 1388 apud

100 1402 152 1467 Μ.
177 1402 336 1466 ὼωιιεω
360 1400 533 1491 quingenis
555 1398 730 1481 sestertiis,
758 1401 1056 1487 compromiserunt
1074 1415 1178 1490 petere

99 1502 326 1589 magistram
341 1500 502 1589 logiciae,-
521 1502 579 1589 qui
597 1512 707 1564 contra
713 1498 861 1587 fecisset,
878 1500 1037 1567 arbitram
1050 1502 1179 1567 Catonis

99 1602 383 1683 condemnarsmr,
402 1602 638 1692 depositnmqtoe
649 1604 820 1691 pecuniam
829 1602 985 1691 potuerat.
1008 1604 1120 1672 Unum
1137 1628 1177 1669 ex

100 1726 145 1771 eo
163 1726 304 1769 numero
320 1726 424 1793 quum
441 1706 522 1769 Cato
538 1703 740 1785 damnasset,
761 1704 1099 1793 competitoribusque
1119 1728 1178 1794 pe·

100 1807 235 1871 crtniam
248 1805 395 1887 jussisset
412 1806 555 1887 solvere,
577 1806 623 1871 illi
643 1805 768 1887 judicio
782 1806 915 1870 Catonis
935 1808 1101 1888 contenti,
1118 1830 1177 1895 pe·

99 1908 236 1972 cuniam
262 1907 415 1973 damnato
442 1908 648 1974 remiserunt.
674 1910 796 1973 Euros
815 1923 854 1972 ut
878 1906 1037 1973 illustrem
1059 1910 1177 1973 Catoni

98 2009 257 2099 gloriam,
272 2010 317 2075 its
333 2009 572 2075 acerbissimam
589 2008 742 2075 invidiam
756 2008 882 2093 studit,
898 2008 989 2097 quod
999 2032 1088 2075 unns
1102 2011 1176 2097 plus

98 2111 259 2175 omnibns
272 2126 306 2175 et
318 2111 486 2201 legibuset
496 2110 625 2191 judiciis
639 2111 775 2175 valuisse
784 2109 960 2175 videretur.
973 2110 1175 2175 Erclsmssse

99 2228 176 2275 turn
199 2211 393 2277 Ciceronem
417 2214 544 2293 lerunt,
560 2212 618 2276 «Ο
639 2228 672 2275 te
697 2211 841 2294 felicem,
861 2212 908 2275 M.
930 2212 1044 2295 Porci,
1072 2236 1175 2301 aquo

98 2346 112 2369 ι
122 2334 198 2378 rem
213 2314 397 2403 improbam
415 2328 525 2402 petere
541 2336 639 2379 nemo
656 2314 798 2379 audet!»

145 2416 206 2482 XI.
230 2417 390 2482 Ceterum
409 2418 490 2481 Cato
504 2415 657 2482 adversus
674 2431 797 2482 tantam
810 2416 876 2480 vim
894 2416 1097 2504 perditorum
1112 2420 1176 2486 bo·

98 2518 231 2583 minum
253 2519 447 2607 plerumque
470 2517 590 2584 frustra
617 2518 819 2601 luctabamr,
844 2519 1008 2608 multique
1023 2523 1094 2603 ejus
1115 2544 1174 2590 00.

98 2635 198 2685 natus
216 2619 251 2683 in
268 2621 396 2684 initum
413 2617 591 2700 cudebant3
609 2617 889 2706 quemadmodum
902 2636 936 2684 et
950 2622 984 2684 in
1005 2625 1042 2687 C.
1058 2623 1172 2690 Ponti·

97 2719 175 2801 nio,
190 2741 308 2807 quem,
324 2741 365 2786 se
376 2721 471 2802 vivo,
487 2719 766 2808 triumphaturum
787 2723 867 2785 Crto
888 2741 1068 2809 negaverat.
1088 2727 1172 2792 Nam

96 2822 153 2886 ille
169 2843 270 2911 supra
287 2821 483 2903 triennium,
499 2838 575 2910 post
591 2821 736 2886 devictos
757 2821 965 2914 Allobroges,
989 2824 1031 2889 sd
1049 2827 1171 2892 Urbem

95 2923 244 2988 baerebut
257 2924 463 3012 triumphum
480 2921 667 3012 postulsns3
685 2921 792 2987 donec
807 2925 876 2988 Ser.
896 2925 1057 3013 Sulpicius
1069 2927 1171 2992 Galbs

95 3040 241 3114 pretor,
260 3024 322 3113 qui
338 3025 462 3114 legatus
478 3024 512 3088 in
536 3023 639 3090 Gallis
655 3024 810 3090 Pontinio
830 3027 955 3107 fuerat,
973 3026 1015 3091 de
1032 3028 1171 3116 imperio

94 3123 220 3206 eiusad
230 3125 389 3214 populum
402 3125 465 3190 sub
476 3125 576 3213 ipsum
589 3147 740 3190 aurorum
752 3126 844 3207 tulit,
854 3149 957 3214 quum
968 3145 1044 3193 ante
1055 3130 1169 3196 horum

94 3227 238 3317 primam
258 3227 311 3317 ogi
331 3247 407 3290 cum
427 3227 551 3315 populo
565 3226 692 3291 soleret.
711 3227 815 3315 Igitur
829 3227 911 3290 Cato
922 3243 955 3292 et
967 3228 1003 3294 P.
1018 3230 1170 3295 Servilius
1251 3230 1258 3256 ⁸

93 3321 270 3418 pretores,
284 3349 362 3392 cum
374 3327 509 3392 tribuno
520 3327 625 3416 plebis
643 3329 684 3410 Q.
697 3328 809 3392 Mucio
825 3327 980 3410 Sotevoln,
994 3333 1170 3419 probibere

94 3427 304 3516 triumphum
318 3428 537 3510 conabantur,
552 3451 651 3517 quem
664 3444 740 3493 ante
751 3429 840 3494 diem
849 3431 898 3495 lll
906 3451 986 3497 non.
999 3437 1167 3501 novembr.

93 3546 166 3596 emt
182 3529 361 3594 ductrtrus:
378 3529 508 3618 fuitque
523 3553 592 3595 non
606 3531 684 3596 levis
698 3555 736 3597 es
751 3531 804 3596 die
820 3531 1003 3615 contentio,
1015 3551 1054 3600 ut
1069 3537 1167 3603 etium

93 3632 138 3697 sd
156 3631 259 3696 <mdes
277 3632 512 3720 perveniretur.

140 3735 216 3798 ΧΗ.
239 3733 304 3800 Sed
323 3734 499 3823 plerosque
512 3751 688 3824 pratorum
705 3751 804 3824 atque
824 3735 1035 3801 tribunorum
1055 3757 1166 3801 secum

93 3835 269 3900 Pontinius
286 3835 442 3917 habebat,
464 3852 497 3901 et
514 3838 682 3902 consulem
703 3839 866 3926 Appium:
884 3861 982 3927 aquo
1000 3839 1168 3928 insiguiter

130 4040 207 4105 Stx.
219 4041 271 4090 Clo.
281 4040 312 4089 sd
326 4040 403 4090 suto.
417 4042 463 4100 tt,
478 4041 522 4098 td,
533 4053 559 4090 et
568 4041 599 4091 sd
613 4045 645 4112 Q.
656 4043 724 4093 fmtr.
734 4046 772 4102 11,
790 4044 830 4091 15.
839 4065 874 4080 -·
885 4043 948 4092 etta.
961 4043 1032 4092 eret.
1041 4043 1105 4092 llist.
1115 4058 1169 4094 nat.

95 4152 128 4162 -
147 4123 163 4186 s
180 4125 226 4172 xt.
243 4125 297 4172 cic.
313 4124 343 4173 sd
359 4127 434 4173 Attio.
445 4126 490 4178 tv.
506 4127 544 4172 16.
560 4153 592 4161 -—
606 4127 663 4174 Dio.

1397 4082 1399 4132 t

1396 4150 1398 4232 t

1368 4342 1397 4562 l
