2875 4900
308 306 364 412 liv
395 344 509 413 noc.
536 346 631 413 me.
660 336 753 413 cm
782 343 999 413 mrum.
1116 339 1192 439 459

111 464 206 529 decus
215 512 226 545 ,
246 487 319 552 quae
336 488 454 553 semper
470 469 659 554 optimarum
674 463 963 555 partirenfiaisset,
980 464 1138 553 abJ'z'ceret.
1153 470 1195 529 At

112 567 177 647 illi,
192 582 367 655 postquam
382 569 489 657 rogari
508 570 626 650 sensit,
643 569 744 632 erevit
759 568 908 649 animus;
925 568 1126 655 Catonisque
1138 568 1196 631 do·

112 669 230 731 mitam
245 667 429 732 libertatem
445 668 560 733 cedere
575 670 637 733 sibi
651 686 683 735 et
696 670 909 734 succumbere
922 684 1058 757 putans,
1073 692 1112 732 eo
1124 693 1198 757 pro-

111 771 205 858 rupit
223 771 429 853 temeritatis,
452 789 490 836 ut
510 774 567 837 vel
588 776 685 837 invito
706 786 817 837 senatu
831 789 934 861 capta
948 787 1196 861 exequuturum

112 870 248 937 diceret.
263 874 350 936 Tum
366 894 443 936 vero
460 890 586 937 mutato
603 875 669 937 oris
685 874 820 957 habitu,
836 890 869 937 et
884 896 1000 938 vocem
1016 896 1054 938 ac
1072 874 1194 935 oratio-

112 995 189 1035 nem
201 996 220 1035 a
229 974 330 1060 priori
342 975 592 1039 mansuetudine
601 974 643 1039 ad
652 978 900 1041 contentionem
910 993 943 1039 et
954 975 1191 1039 vehementiam

112 1098 287 1157 revocans,
305 1080 386 1141 Cato
406 1079 561 1143 acerrime
582 1100 657 1141 cum
676 1078 732 1141 illo
749 1078 926 1166 disputavit
944 1077 985 1141 de
1000 1076 1190 1166 republica:

110 1194 280 1265 postremo
299 1177 433 1261 adjecit,
453 1180 633 1268 Pompeium
650 1194 811 1242 arnratum
831 1202 862 1242 se
880 1181 954 1242 vivo
969 1192 1140 1242 venturum
1155 1179 1191 1239 io

115 1280 231 1345 Urbem
247 1302 400 1343 neeesse.

156 1381 246 1444 XVI.
259 1381 365 1445 Ambo
380 1381 514 1444 exivisse
524 1380 564 1444 de
574 1395 734 1469 potestate
745 1380 958 1463 videbantur;
974 1380 1032 1445 sed
1042 1379 1193 1444 Metellus

112 1484 256 1572 quadam
272 1485 419 1548 infernali
435 1483 523 1547 rabie
536 1484 712 1565 concitari,
735 1486 818 1547 Cato
838 1483 960 1546 eoelitus
980 1481 1124 1546 afflatum
1139 1481 1194 1543 fu·

112 1608 224 1649 rorem
243 1586 361 1649 furere.
388 1586 501 1667 Quum
523 1583 641 1648 deinde
657 1607 733 1647 cum
747 1584 872 1672 populo
890 1583 1006 1673 agendi
1023 1583 1091 1647 dies
1106 1581 1197 1645 ades·

113 1701 182 1765 set,
198 1684 232 1748 in
248 1708 345 1773 quem
361 1686 511 1750 Metellus
525 1702 622 1773 atque
638 1688 744 1749 Caesnr
756 1686 822 1748 vim
835 1701 868 1749 et
883 1708 972 1748 arma
985 1698 1194 1772 paraverant,

114 1809 321 1875 magnusque
332 1785 502 1850 conflictus
513 1804 770 1875 exspectaretur,
783 1785 978 1851 domesticos
989 1786 1101 1849 anxios
1112 1788 1195 1848 Cato

115 1886 341 1969 confirmavit,
366 1910 522 1975 coenaque
548 1886 589 1951 de
618 1911 709 1951 more
735 1903 882 1976 sumpta,
904 1887 1027 1975 quievit
1045 1887 1089 1949 ita
1105 1902 1195 1949 tram

113 1988 234 2075 quille,
249 2004 287 2050 ut
302 2010 321 2051 a
336 1988 377 2069 Q.
395 1988 543 2052 Minucio
560 1989 705 2053 Thermo
725 1989 846 2084 collega
861 2004 948 2051 arcte
961 1988 1127 2052 dormiens
1142 2010 1195 2060 ex·

114 2091 281 2154 citaretur.
303 2092 388 2155 Cum
412 2091 476 2154 hoc
493 2090 535 2154 ad
552 2092 710 2179 templum
727 2092 867 2155 Castoris
884 2112 1094 2178 progressus,
1112 2111 1193 2152 con·

114 2206 225 2279 specta
243 2208 442 2255 armatorum
460 2191 687 2273 multitudine,
705 2223 717 2247 «ι
728 2192 906 2273 Homines,
922 2191 1045 2278 inquit,
1060 2187 1194 2253 timidos

115 2321 129 2347 ι
143 2308 176 2353 et
192 2314 354 2379 nequam,
373 2292 430 2380 qui
448 2307 562 2355 contra
583 2315 687 2356 unum
711 2310 744 2358 et
764 2294 922 2356 inermem
940 2308 1067 2357 tantum
1085 2290 1195 2381 praesi·

116 2422 129 2448 ι
140 2392 234 2458 dium
254 2397 499 2483 compararunt!
515 2425 527 2450 u
547 2394 619 2458 Hoc
635 2392 742 2476 dicto,
761 2416 977 2483 perrumpens
993 2391 1196 2481 perdensam

115 2495 399 2559 circumstantium
426 2495 580 2577 turbam,
605 2496 753 2560 Minucio
784 2497 924 2577 comite,
951 2513 983 2560 et
1008 2496 1194 2559 Munatium

115 2597 298 2660 amicorum
324 2597 476 2661 intimum
498 2620 600 2662 manu
617 2599 669 2662 vix
685 2599 896 2686 pertrahens,
916 2600 1037 2663 caeteris
1056 2597 1193 2662 exclusis

116 2697 291 2780 omnibus,
318 2697 464 2761 medium
486 2720 521 2762 se
541 2699 674 2763 Metello
699 2716 733 2763 et
754 2701 871 2764 Caesari
888 2700 1105 2788 interposuit,
1126 2721 1193 2787 quo

116 2798 321 2886 colloquium
340 2823 455 2863 eorum
475 2799 651 2866 dirimeret.

161 2901 268 2965 XVII.
280 2902 336 2964 Ibi
350 2902 503 2966 omnibus
517 2901 635 2966 devita
652 2903 721 2983 ejus
735 2902 943 2979 timentibus,
960 2925 1035 2975 cum
1050 2901 1193 2964 Thermo

116 3001 241 3090 collega
259 3002 440 3101 intercessit
455 3003 529 3092 legi.
550 3005 700 3068 Metellus
717 3005 802 3068 ferre
818 3004 1060 3091 perseverabat:
1078 3003 1122 3065 illi
1140 3023 1192 3064 re-

117 3103 219 3168 citare
240 3103 380 3166 scribam
402 3120 588 3168 vetuerunt.
613 3107 720 3186 Tum,
745 3121 873 3192 arrepto
892 3103 1024 3185 codice,
1043 3102 1195 3167 Metellus

116 3204 263 3269 instituit
282 3205 438 3286 recitare3
455 3207 534 3268 Cato
557 3206 587 3268 ci
610 3207 744 3269 extorsit
766 3204 923 3269 codicem.
947 3204 1119 3283 Metellus,
1137 3202 1194 3290 qui

117 3308 309 3372 memoriter
332 3308 465 3370 tenebat
490 3307 588 3370 verba
610 3308 712 3394 legis,
737 3306 951 3370 nihilominus
974 3329 1044 3369 eam
1069 3305 1195 3394 populo

118 3409 285 3498 satagebat
304 3431 487 3496 exponere,
510 3432 614 3496 quum
633 3408 796 3472 Thermus
813 3411 961 3497 opposita
984 3433 1083 3473 manu
1102 3432 1194 3472 com·

117 3511 238 3601 pressit
263 3535 299 3575 os
322 3511 469 3593 homini,
495 3511 619 3598 farique
640 3511 819 3599 prohibuit.
845 3511 895 3574 Ibi
919 3512 1087 3592 Metellus,
1113 3534 1195 3574 con·

118 3613 239 3678 stantia
262 3613 407 3676 virorum
432 3614 581 3702 cognita,
606 3613 701 3702 signo
726 3613 802 3677 dato
816 3615 939 3695 excivit
956 3631 1106 3678 armatos.
1123 3614 1196 3675 Hoc

116 3732 212 3779 metu
230 3737 334 3800 quum
353 3737 467 3778 omnes
485 3715 701 3805 diffugerent,
714 3717 803 3779 solus
819 3718 900 3780 Cato
915 3716 1097 3796 resisteret,
1109 3713 1195 3777 saxis

118 3834 151 3883 et
169 3815 313 3881 fustibus
330 3815 510 3903 petebatur.

164 3918 288 3980 XVIII.
312 3919 355 3980 At
379 3918 493 3982 consul
512 3919 676 3998 Manena,
701 3941 886 4006 quanquam
906 3933 1073 3981 aecusatus
1094 3939 1113 3978 a
1133 3918 1197 3978 Ca-

155 4107 172 4174 s
185 4109 256 4158 XVI.
272 4111 372 4158 Suetou.
387 4135 422 4147 -
435 4109 499 4158 Plut.
510 4108 537 4156 in
546 4109 598 4157 Cat.
612 4135 647 4146 -
658 4109 710 4158 Cic.
725 4125 772 4175 pro
786 4110 854 4157 Sext.
866 4123 921 4172 cap,
934 4121 977 4169 ²9·
999 4143 1004 4150 .
