2875 4900
322 361 375 434 ru
405 363 519 431 noc.
549 365 642 432 mu
669 366 758 433 orn
790 366 1005 435 mvmur.
1127 365 1197 462 725

133 501 233 570 atque
244 480 408 548 munitum
420 483 619 549 meminerat.
638 484 796 572 Legiones
810 502 1036 550 veteranorum
1051 502 1115 551 tres
1129 489 1197 552 An-

135 585 245 648 tonius
257 585 447 665 transvexit,
463 607 564 648 unam
580 586 726 648 tironum
741 584 829 671 (hac
845 603 938 650 erant
949 586 1076 650 circiter
1085 587 1198 676 viginti

137 685 276 750 militum
304 685 442 772 millia),
466 685 591 774 equites
620 685 836 775 octingentos.
867 687 994 750 Horum
1015 686 1197 768 adventus,

135 786 252 852 eodem
263 788 366 851 ferme
379 804 525 876 tempore
537 787 650 852 Caesari
664 788 885 875 Pompeioque
895 788 1063 877 cognitus,
1075 804 1200 854 utrum·

136 910 201 975 que
219 889 351 969 excint,
367 904 405 952 ut
420 887 536 952 codem
551 885 604 952 die
623 903 725 952 castra
741 905 909 953 moverent
924 908 933 952 t
947 888 1017 971 hic,
1034 903 1072 952 ut
1083 910 1199 952 occur-

137 1006 221 1053 reret
237 989 457 1070 venientibus,
475 1003 507 1052 et
523 1011 565 1050 ne
584 1011 659 1051 cum
672 989 794 1053 Caesare
807 989 961 1077 conjungi
976 1005 1123 1077 possent,
1136 989 1198 1052 im·

136 1088 278 1176 pediret5
294 1091 365 1172 ille,
383 1107 421 1154 ut
438 1104 573 1166 conatus
593 1087 742 1177 Pompeii
763 1112 863 1156 vanos
884 1089 1034 1156 efficeret.
1054 1090 1129 1154 Uno
1145 1089 1199 1155 die

129 1187 272 1256 ,celerius
293 1191 436 1256 occurrit
456 1189 616 1279 Magnus,
643 1190 718 1276 quia
743 1191 871 1255 nullum
893 1192 939 1255 illi
964 1188 1198 1255 transeundum

136 1287 259 1354 [lumen
289 1293 413 1373 fuerat,
445 1293 601 1354 Caesarem
628 1289 749 1354 vadum
774 1290 987 1378 quaerendum
1010 1289 1197 1355 tardaverat.

134 1389 201 1456 Sed
214 1391 366 1458 adversus
389 1394 453 1458 vim
470 1393 615 1458 hostium
635 1392 797 1458 Antonius
817 1393 927 1457 castris
947 1414 982 1456 se
999 1393 1199 1475 tenuit3‘su-

136 1509 296 1578 perventu
309 1493 428 1559 deinde
443 1494 572 1558 Caesaris
589 1494 765 1580 Pompeius
778 1490 819 1556 ad
835 1491 1074 1581 Dyrrhachium
1090 1492 1201 1581 posuit

136 1607 255 1673 castra,
272 1593 344 1658 loco
359 1594 498 1680 idoneo,
514 1596 726 1683 Asparagium
739 1610 866 1658 vocant.
1254 1644 1257 1648 -

180 1692 287 1757 XXX.
310 1693 544 1782 Theophanem
561 1693 697 1774 deinde,
721 1716 788 1781 quo
809 1692 960 1782 proiecto
976 1693 1105 1757 fabrum
1126 1709 1199 1758 ute·

136 1792 252 1874 batur,
270 1796 374 1876 misit,
394 1796 450 1883 qui
468 1794 615 1860 Rhodios
631 1796 747 1860 amissa
764 1795 865 1859 classe
881 1795 1119 1875 consolaretur,
1137 1817 1201 1858 non

134 1895 179 1958 ab
201 1894 339 1960 hostibus
364 1912 491 1985 accepto
513 1896 722 1976 detrimento,
749 1896 807 1962 sed
832 1895 924 1960 illato
948 1896 1199 1984 αυῳιείαῑίὂιιες

135 2017 235 2081 neque
249 1996 395 2062 navalem
411 1997 540 2062 illorum
562 1997 726 2085 deliquisse
740 1997 878 2086 ghn'am
886 2045 897 2076 ,
915 2008 963 2077 st,
982 1998 1070 2085 quod
1084 1998 1200 2061 virium

134 2096 324 2178 decessisset,
341 2099 378 2162 id
396 2100 523 2165 abunde
539 2097 686 2184 beneficti)
704 2114 828 2164 senatus
847 2112 942 2187 atque
959 2098 1100 2187 Pompeii
1110 2121 1200 2162 recu-

128 2213 299 2285 peraturos
319 2223 363 2262 ex
382 2203 539 2280 vt'ctoria,
561 2223 659 2290 quam
676 2215 794 2264 certam
808 2200 1068 2288 exploratamque
1085 2221 1148 2264 esse
1167 2201 1199 2262 in

135 2301 293 2364 ntanibus.
309 2303 353 2370 At
367 2302 487 2384 Caesar,
497 2302 563 2384 jam
578 2302 747 2367 abundans
762 2302 883 2390 copiis,
896 2301 956 2365 Cn.
970 2298 1116 2366 Domitio
1130 2299 1201 2361 Cal·
1297 2341 1304 2349 -

137 2398 227 2464 vinio
240 2416 304 2467 nes
323 2402 465 2491 legiones
481 2425 556 2468 curn
574 2403 737 2491 equitibus
755 2402 958 2492 quingentis,
976 2403 1012 2467 L.
1027 2399 1137 2464 Cassio
1153 2401 1200 2463 le·

135 2500 268 2588 gionem
285 2504 428 2568 tironum
442 2520 475 2569 et
489 2505 613 2592 equites
628 2504 802 2586 ducentos,
816 2508 852 2569 C.
863 2502 999 2567 Calvisio
1012 2502 1133 2565 Sabino
1146 2522 1201 2564 co-

138 2604 249 2667 hortes
263 2604 409 2692 quinque
422 2628 497 2669 curn
510 2606 620 2693 paucis
635 2605 798 2692 equitibus
812 2604 975 2684 attribuit,
989 2617 1027 2666 ut
1037 2625 1096 2689 per
1108 2602 1199 2665 illum
1229 2620 1236 2632 ·

137 2702 344 2787 Macedonia,
363 2727 420 2792 per
434 2705 533 2769 istum
551 2706 731 2787 Thessalia,
754 2728 812 2793 per
834 2705 923 2770 hunc
943 2703 1061 2771 AEtolia
1081 2702 1201 2789 recipe-

138 2820 270 2884 rentum
284 2804 382 2868 simul
390 2828 441 2869 res
450 2805 659 2871 frumentaria
669 2805 789 2871 horum
798 2829 896 2894 opera
906 2804 996 2869 fieret
1004 2802 1198 2891 expeditior:

137 2905 209 2992 ipsc
222 2904 414 2993 Pompeium
431 2906 641 2993 insequutus,
659 2922 760 2971 castra
774 2908 883 2971 castris
897 2906 966 2986 ejus
982 2905 1152 2993 opposuit,
1169 2920 1202 2967 et

140 3006 312 3094 postridie,
328 3007 429 3095 copiis
442 3008 625 3089 instructis,
642 3024 833 3095 potestatem
847 3006 1014 3097 pugnandi
1026 3006 1112 3069 fecit.

129 3156 132 3163 ⁴
184 3106 307 3171 XXXI.
324 3107 387 3171 Sed
404 3108 560 3195 Pompeio
581 3109 691 3172 castris
711 3132 745 3173 sc
763 3124 910 3190 tenente,
927 3125 1058 3196 postero
1075 3105 1128 3170 die
1144 3128 1202 3193 per

138 3209 347 3275 circumitum
365 3226 530 3297 tectusque
547 3210 685 3273 arbustis
703 3210 768 3277 vias
785 3209 1024 3297 Dyrrhachium
1040 3222 1201 3295 properat.

137 3311 288 3375 Decurrit
306 3310 422 3375 endem
441 3311 634 3400 Pompeius,
651 3310 708 3377 sed
723 3312 799 3399 quia
814 3311 945 3376 Caesaris
959 3308 1131 3377 consilium
1144 3307 1202 3371 ali·

137 3427 263 3499 quantn
279 3413 381 3477 serius
405 3430 618 3501 cognoverat,
634 3412 783 3477 exclusus
803 3413 845 3477 ab
861 3410 1001 3499 oppido,
1018 3410 1203 3497 propinquo

138 3513 220 3577 colle
238 3512 388 3601 (Petram
404 3514 562 3579 vocabant
576 3513 816 3602 Dyrrhachini)
831 3528 933 3578 castra
946 3512 1065 3600 posuit.
1084 3514 1202 3591 Caesar,

138 3614 258 3697 frustra
269 3616 508 3705 expugnatione
519 3630 654 3696 tentata,
664 3631 801 3705 propter
810 3613 1093 3703 inexpugnabilem
1104 3613 1202 3678 situm

133 3714 221 3794 loci,
245 3730 370 3779 mature
388 3716 551 3799 revocavit
571 3738 658 3781 suns.
683 3717 814 3805 Quippe
839 3715 1078 3803 Dyrrhachium
1097 3714 1130 3777 in
1147 3735 1203 3775 ex·

139 3834 242 3881 trema
262 3816 459 3883 Macedonia
476 3842 555 3899 ora,
577 3840 675 3905 quarn
699 3818 777 3881 olim
800 3817 922 3905 illyrica
944 3816 1032 3880 natio
1057 3813 1203 3879 Parthini

139 3934 334 3998 tenuerunt,
355 3935 469 4005 praeter
486 3919 638 4007 exiguum
654 3919 769 3992 collem
787 3917 931 4006 undiquc
947 3917 1028 3982 mari
1043 3916 1203 4005 cingitur,

176 4104 193 4167 3
204 4106 302 4154 xxtx.
317 4106 379 4155 Plut.
390 4106 415 4155 in
428 4108 521 4157 Antan.
535 4134 568 4144 -·
578 4108 638 4157 Caes.
648 4133 680 4144 -
690 4104 706 4171 5
720 4099 806 4155 ΧΠᾸ
818 4106 882 4169 l'lut.
893 4106 918 4159 in
927 4106 978 4155 Cic.
989 4133 1024 4143 -
1032 4105 1091 4153 Dio.
1099 4132 1132 4142 -·
1142 4104 1202 4154 Ces.
