2875 4900
321 372 387 470 198
491 374 560 443 JO.
587 373 929 445 FREINSHEMII
961 376 1206 447 SUPPLEM.

315 495 424 579 lieret,
441 510 477 559 et
494 515 538 561 uo
559 494 634 583 quis
654 493 849 561 tribunitius
870 496 970 561 alinrn
996 496 1218 585 magistratum
1243 512 1370 586 punct,

315 596 410 664 tulit:
424 618 569 685 qnorum
585 596 689 660 altero
704 594 873 685 provisum
891 612 959 662 erat
966 645 987 679 „
999 618 1042 663 ne
1059 597 1181 686 plebis,
1205 620 1298 688 qnam
1315 597 1369 660 Pa·

316 714 425 781 trium,
441 698 597 781 majorem
613 696 774 761 rationem
786 696 912 763 tribuni
925 696 1102 782 ducerent,
1119 700 1234 777 altero,
1252 697 1371 786 nequis

316 801 437 891 insigni
449 820 585 888 genere,
598 812 656 862 aut
665 797 776 863 lavore
787 798 916 888 populi,
931 815 988 865 ant
1000 800 1057 889 qui
1069 822 1180 865 rerum
1192 820 1371 891 magnarum

314 918 402 967 esset
413 915 587 989 appetens,
598 898 802 965 tribunatum
813 900 987 967 affectaret.
1002 901 1197 969 Pontificum
1210 923 1374 993 anginum·

317 1026 382 1091 que
407 1002 580 1091 collegium
602 1000 786 1089 ampliavit,
814 1018 853 1067 ut
874 1018 983 1068 cuent
1005 1002 1203 1091 quindecim.
1226 1004 1371 1069 Senatum

315 1126 375 1195 per
397 1102 598 1172 seditionum
618 1101 847 1193 bellorumque
869 1102 975 1169 clades
996 1104 1236 1193 infrequentem
1253 1101 1373 1169 tributis

314 1205 455 1272 comitiis
471 1227 511 1270 ex
531 1204 674 1293 equestri
691 1203 809 1269 ordine
831 1206 1012 1295 supplevit5
1032 1206 1152 1273 allectis
1172 1206 1298 1271 circiter
1316 1219 1373 1273 tre·

315 1308 428 1373 centis.
448 1308 634 1391 Quaestores
655 1306 753 1371 etiam
771 1308 947 1395 quotannis
970 1308 1085 1398 viginti
1105 1308 1207 1373 creari
1224 1306 1319 1389 jussit
1338 1302 1374 1369 ad

315 1409 581 1498 supplementum
596 1424 744 1493 senatus,
761 1409 815 1474 cui
827 1408 950 1491 judicia
967 1408 1153 1475 tradiderat.

359 1512 435 1577 llll.
447 1510 709 1599 Proscriptomm
726 1510 836 1575 liberis
848 1512 902 1593 jus
913 1510 1131 1600 petendorum
1144 1510 1309 1577 honorum
1321 1504 1375 1573 eri·

315 1613 409 1703 pnit;
437 1626 495 1695 ut,
517 1611 609 1701 quod
628 1610 893 1701 indignissimum
918 1614 1065 1702 prolecto
1089 1628 1174 1695 erat,
1197 1626 1374 1679 senatorum

317 1712 376 1779 lilii
389 1729 423 1778 et
437 1734 539 1779 onera
552 1711 677 1778 ordinis
691 1713 908 1797 sustinerent,
925 1728 958 1779 et
965 1714 1039 1795 jura
1053 1713 1376 1804 perderent3proese1*

317 1816 378 1881 tim
400 1837 503 1904 quum
528 1814 625 1880 etiarn
646 1814 735 1879 bona
755 1835 870 1879 eorum
889 1815 1062 1898 venderet,
1085 1831 1142 1883 aut
1162 1814 1374 1905 dilargiretur:

316 1916 408 2006 quod
423 1914 558 2005 quidem
571 1916 606 1980 in
623 1928 712 2003 tanta
724 1914 903 1981 calamitate
916 1916 1021 1981 multo
1036 1917 1282 1983 acerbissimum
1294 1910 1375 1977 vide·

315 2018 431 2100 batnr3
450 2038 554 2105 quum
571 2015 641 2104 ipse
658 2015 691 2079 in
708 2015 865 2081 tribunali
885 2016 1019 2100 sedens,
1039 2017 1232 2083 mulieribus
1256 2016 1375 2092 torma,

315 2142 414 2209 qnam
437 2118 549 2201 famae,
573 2116 734 2199 melioris,
754 2117 1035 2207 histrionibusqne
1051 2135 1084 2184 et
1099 2120 1241 2202 scurris,
1266 2116 1375 2207 quibus

314 2220 462 2309 impense
478 2218 716 2299 delectabatur,
735 2234 769 2283 et
784 2218 1013 2285 libertinorum
1030 2220 1194 2307 pessimis,
1211 2238 1304 2311 agros
1323 2238 1375 2305 po·

314 2321 399 2412 pulis
414 2320 629 2401 suffecturos,
645 2335 679 2383 et
694 2319 860 2410 vectigalia
877 2321 1043 2387 civitatum
1058 2320 1266 2389 concederet.
1278 2320 1376 2405 cny-

314 2444 478 2512 sogonum
494 2436 582 2486 certe
596 2420 685 2486 bona
698 2421 771 2488 Sex.
781 2421 909 2506 Roscii,
928 2445 1001 2512 quas
1016 2439 1109 2490 erant
1122 2423 1285 2514 sexagies,
1301 2420 1377 2486 duo·

315 2524 379 2588 bus
401 2525 544 2589 millibus
567 2545 742 2588 nummum
763 2526 896 2608 emisse,
914 2526 1081 2591 Ciceronis
1105 2525 1211 2592 oratio
1232 2534 1375 2600 testatur,

316 2647 415 2714 qnam
433 2625 589 2712 proximis
608 2623 729 2690 deinde
752 2625 942 2692 consulibus
960 2649 1016 2692 sex
1034 2642 1068 2692 et
1089 2626 1205 2718 viginti
1225 2644 1376 2692 annorum

314 2723 504 2791 adolescens
525 2724 650 2792 habuit.
668 2723 750 2792 bd.
768 2725 918 2794 kalendas
937 2729 1044 2809 junias
1061 2728 1130 2794 haec
1147 2729 1259 2794 auctio
1272 2725 1376 2814 coepit:

317 2849 422 2915 qunm
438 2825 578 2916 plurium
590 2849 631 2892 ex
645 2827 697 2892 bis
714 2842 809 2896 autea
821 2830 981 2918 rapuisset
994 2830 1098 2910 Sulla,
1113 2845 1306 2896 caeterorum
1320 2827 1379 2916 ple

317 2951 418 3017 raque
437 2927 607 3010 donasset,
626 2944 684 2994 aut
698 2925 854 2996 vilissimo
875 2931 981 3020 pretio
1004 2931 1198 3014 addixisset,
1218 2931 1376 2998 redactum

315 3045 365 3096 est
381 3045 432 3094 ter
446 3029 562 3095 millies
578 3029 796 3119 quingenties.

359 3132 452 3196 XIII.
475 3132 535 3196 llis
557 3132 602 3196 ita
620 3155 683 3221 pro
707 3133 842 3198 arbitrio
865 3132 1003 3199 decretis
1027 3135 1202 3223 lactisque,
1223 3149 1377 3200 attamen

315 3228 422 3320 aliqua
435 3233 579 3321 pristina
590 3233 777 3322 reipublice
792 3235 914 3323 specics
928 3252 1029 3316 esset,
1043 3237 1193 3302 consules
1207 3258 1316 3302 creare
1328 3255 1380 3322 po·

317 3335 396 3422 pulo
417 3334 574 3421 permisit.
598 3335 689 3398 inter
710 3334 898 3400 candidatos
922 3337 965 3419 Q.
982 3337 1152 3404 Lucretius
1175 3339 1281 3404 Ofella
1303 3347 1378 3414 erat,

317 3436 375 3524 qui
388 3433 551 3500 Praeneste
566 3452 711 3522 ceperat,
728 3437 851 3502 meritis
869 3439 935 3512 suis
951 3453 983 3506 et
999 3439 1095 3506 Sulla
1111 3442 1214 3530 gratia
1233 3438 1377 3506 confisus.

315 3537 359 3600 At
373 3535 482 3617 hunc,
499 3537 576 3624 quia
588 3551 704 3608 contra
716 3539 821 3627 legem
835 3561 947 3604 recens
960 3539 1056 3606 latam
1069 3541 1217 3629 petebat,
1235 3537 1379 3606 nondum

307 3635 486 3700 inferiores
507 3637 712 3724 magistratus
728 3637 883 3727 adeptus,
901 3640 1008 3728 primo
1026 3642 1157 3706 monuit
1172 3641 1282 3724 Sulla,
1301 3637 1379 3706 deti-

316 3751 435 3817 sterct3
451 3735 588 3818 deinde,
603 3754 796 3828 postquam,
812 3757 920 3828 spreta
935 3742 1101 3808 dictatoris
1117 3743 1307 3824 voluntate,
1323 3759 1381 3806 tua·

348 3902 364 3968 §
377 3903 425 3951 11.
437 3901 491 3949 tta.
505 3901 614 3966 Epit-
625 3903 735 3967 Appian.
747 3931 783 3940 --
796 3905 894 3955 Sallust.
904 3906 969 3955 llist.
979 3911 1004 3966 l,
1017 3909 1043 3956 in
1056 3919 1118 3957 orat.
1132 3907 1170 3958 Μ.
1180 3909 1279 3975 Lepidi.
1290 3934 1324 3946 -
1332 3903 1379 3952 Cic·

314 3989 346 4038 de
358 3989 432 4051 lagg.
442 3987 495 4044 111,
510 3998 535 4047 9.
546 4013 581 4023 -
594 3985 693 4036 rodan.
705 3987 732 4034 in
744 3989 815 4036 Vsa-r.
829 3991 851 4039 t.
864 4017 900 4028 -
916 3991 1039 4040 Plutarch.
1055 3993 1083 4040 in
1095 3993 1178 4054 Sulla,
1198 4009 1222 4044 c.
1237 3995 1287 4054 63,
1299 4003 1322 4041 et
1333 3990 1379 4042 Cit-

314 4089 338 4120 e.
351 4073 391 4120 ¹5.
404 4068 513 4118 -Velt
522 4070 564 4130 11,
576 4071 619 4118 αθ.
629 4097 664 4108 -—
673 4070 778 4138 Dionys.
791 4073 865 4132 vm,
879 4072 1380 4140 pa.-Tac.Am.11‚as.-sxll.

317 4157 369 4208 Cic.
379 4172 427 4222 pro
436 4158 503 4205 Sext.
512 4155 587 4204 lione.
596 4173 617 4203 c.
630 4155 683 4204 det
694 4163 736 4212 ht.
748 4183 780 4194 -·-
794 4155 892 4206 Sallust.
902 4151 972 4207 Catil.
983 4175 1005 4207 c.
1017 4159 1057 4219 37.
