2875 4900
311 400 381 487 264
405 406 473 471 JO.
495 403 844 469 r'ttrsrnsstrrrt
864 400 916 467 ΙΝ
942 400 1052 467 LOC.
1073 400 1164 467 ΗΒ.
1187 402 1310 469 XClll.

308 546 384 587 «me
400 522 441 587 ad
463 523 529 587 boc
545 520 666 587 bellurn
689 520 809 600 majore
828 516 958 599 studio,
974 538 1072 605 quarn
1092 496 1238 599 consilio,
1252 510 1346 605 prole-

309 638 439 705 «1ctum3
454 624 574 711 quippe
588 621 646 708 qui
663 620 797 683 nomine
814 617 914 683 ruodo
933 618 1058 705 imperii
1075 640 1093 681 a
1109 620 1199 683 vobis
1215 634 1347 708 recepto,

311 756 324 780 ι
335 722 448 789 diebus
463 721 672 811 quadraginta
688 720 863 784 exercitum
877 720 1004 807 paravi,
1020 718 1193 809 hostesque
1208 722 1239 783 iu
1257 720 1347 783 cerri·

309 823 424 887 «cibus
446 822 512 901 jum
532 822 630 886 ltaliae
650 835 780 909 egentes
802 820 842 883 ab
862 820 996 907 Alpibus
1020 821 1054 883 irr
1080 822 1260 911 Hispaniam
1278 820 1347 883 sub-

310 925 438 1004 «movi3
459 944 518 1010 per
538 920 671 984 essiter
689 920 795 999 eliud,
816 936 913 1006 utque
931 920 1109 1002 Hannibal,
1132 922 1223 985 nobis
1241 940 1347 1007 oppor-

309 1056 322 1078 ·
333 1025 444 1087 tunius
462 1023 607 1109 patefeci.

354 1124 475 1187 XXXI.
492 1122 631 1210 «llecepi
651 1122 806 1203 Gellium,
825 1122 1030 1210 Pyrenaeum,
1051 1122 1266 1201 homnium,
1284 1119 1349 1182 ller-

309 1240 441 1312 «getes,
454 1238 488 1286 et
504 1223 646 1311 primurn
659 1221 817 1310 impeturn
833 1222 966 1287 Sertorii
978 1223 1108 1286 victoris
1123 1222 1216 1285 novis
1232 1216 1349 1307 quideru

309 1323 506 1405 «militibus,
526 1336 559 1386 et
577 1323 682 1386 multo
700 1322 908 1410 paucioribus
923 1322 1084 1402 sustinui;
1103 1322 1302 1407 hiememque
1321 1316 1349 1378 in

310 1425 443 1487 -costris
457 1425 542 1488 inter
552 1424 741 1487 sevissimos
752 1424 883 1503 hostes,
900 1416 965 1487 rrorr
983 1447 1041 1511 per
1053 1422 1170 1511 oppidu
1182 1471 1191 1504 ,
1205 1440 1307 1509 neque
1319 1440 1351 1481 er

311 1523 509 1589 auurbitione
526 1545 617 1603 mes,
637 1524 699 1616 egi.
722 1523 811 1605 Quid
830 1524 905 1587 dein
927 1525 1052 1611 proelia,
1072 1540 1129 1589 sut
1144 1521 1351 1612 expeditiones

310 1654 323 1680 ι
334 1625 502 1706 hibernas,
519 1624 637 1715 oppida
650 1626 787 1705 exsoles,
803 1640 859 1689 sut
873 1640 1000 1712 receptu
1013 1624 1222 1690 enumerem?
1234 1618 1351 1711 quondo

310 1754 322 1779 ·
333 1745 383 1789 res
399 1728 473 1814 plus
486 1727 614 1808 velent,
632 1712 730 1814 quem
743 1726 851 1791 verbu.
869 1727 977 1790 Castra
989 1726 1132 1789 bostium
1145 1724 1234 1812 apud
1249 1722 1352 1787 Sucro·

282 1876 285 1882 .
311 1846 410 1891 «nem
428 1842 537 1916 cepta,
557 1843 592 1892 et
604 1828 750 1915 prelium
766 1826 853 1915 opud
871 1824 991 1891 flumen
1012 1827 1164 1908 Durium,
1185 1842 1218 1889 et
1230 1821 1352 1888 durbo-

311 1928 431 1992 «stium
446 1931 483 1992 G.
496 1928 679 1992 Herennius
691 1950 766 1992 curn
780 1927 861 1993 urbe
874 1928 1034 2003 Valentis,
1052 1944 1085 1991 et
1098 1928 1241 2009 exercitu
1253 1922 1352 2000 deleti,

312 2060 325 2084 κ
335 2028 501 2093 sutisclere
506 2028 599 2091 vobis
613 2028 869 2117 sunt.Proquis,
880 2052 901 2093 o
915 2030 996 2117 greti
1009 2030 1137 2107 Patres,
1150 2042 1316 2117 egestatem
1327 2037 1352 2084 er

313 2134 452 2195 nl'arneru
469 2129 611 2196 redditis.
629 2131 744 2217 ltaque
759 2152 832 2193 meo
848 2130 1036 2194 etbostiunr
1052 2130 1205 2194 exercitui
1219 2149 1274 2216 per
1286 2144 1353 2188 corr·

311 2230 413 2294 «ditio
427 2246 495 2293 est:
510 2252 651 2317 namque
663 2230 858 2318 stipendium
873 2232 981 2294 neutri
993 2230 1102 2313 datur3
1115 2231 1220 2295 victor
1231 2243 1354 2311 uterque

310 2364 322 2386 «
333 2333 367 2394 in
384 2332 507 2395 Italiam
527 2333 637 2395 venire
649 2346 766 2418 potest.
781 2331 882 2412 Quod
894 2354 955 2420 ego
968 2354 1024 2395 vos
1040 2354 1159 2395 moneo
1172 2346 1354 2419 quoesoquet

311 2444 371 2494 «nt
379 2430 652 2512 animadvertatis,
665 2453 731 2495 neu
742 2432 862 2520 cogetis
876 2432 1117 2497 necessitatibus
1127 2431 1276 2520 privatim
1288 2423 1355 2490 ruilrl

312 2531 513 2596 aconsulere.
541 2531 728 2618 Hispaniam
754 2533 955 2614 citeriorem,
979 2557 1050 2621 quse
1073 2555 1141 2597 non
1161 2533 1203 2597 ob
1221 2529 1355 2596 hostibus

312 2645 479 2711 «terretur,
495 2653 555 2694 nos
571 2647 626 2695 aut
643 2631 804 2696 Sertorius
824 2631 864 2696 ad
884 2635 1137 2698 internecionem
1155 2631 1355 2702 munimus,

310 2764 323 2786 ι
333 2747 448 2820 praeter
462 2732 636 2796 maritimus
648 2733 810 2812 civitates,
830 2721 1002 2818 querultro
1017 2733 1111 2798 uobis
1127 2731 1274 2822 sumptui
1289 2747 1357 2792 one·

313 2853 440 2919 «nque.
574 2885 581 2902 .

356 2934 498 2996 XXXIL
512 2963 525 2988 ι
534 2933 635 2997 Gellia
648 2934 813 3021 superiore
825 2956 912 2996 anno
928 2934 1047 2998 Metelli
1061 2935 1238 2998 exercitum
1254 2931 1359 3018 stipen-

221 3092 223 3095 ,
315 3032 393 3096 «dio
407 3035 640 3120 frumentoque
659 3033 758 3112 oluit3
780 3049 814 3096 et
833 3055 922 3098 nunc
943 3035 1033 3098 mulis
1051 3033 1212 3098 fructibus
1231 3035 1296 3122 ipso
1314 3029 1358 3090 vlt

313 3135 440 3222 «agitet.
457 3136 527 3220 Ego
539 3155 607 3196 nou
618 3155 686 3197 rem
701 3135 886 3197 familiarem
899 3128 1137 3215 ruodo,verurn
1148 3133 1359 3206 cusmidem,

312 3267 323 3288 a
335 3235 529 3320 consumpsi.
547 3235 674 3321 lleliqni
688 3250 747 3297 *eos
761 3235 854 3316 estis,
866 3234 922 3322 qui
937 3235 998 3298 nisi
1012 3235 1208 3316 subvenitis,
1225 3234 1322 3298 invito
1334 3243 1360 3290 et

312 3334 528 3421 «predicente
549 3356 619 3415 rue,
642 3335 800 3398 exercitus
823 3334 895 3414 hic,
918 3350 950 3399 et
968 3355 1044 3398 curn
1068 3357 1107 3398 eo
1131 3357 1232 3399 omne
1250 3332 1360 3397 bellum

312 3465 325 3487 n
336 3434 494 3522 llispsuie
514 3436 549 3496 in
571 3435 693 3498 Italiam
714 3435 998 3524 transgredietur.»
1016 3435 1092 3500 lloec
1110 3435 1246 3524 epistola
1264 3450 1363 3522 perte·

315 3547 405 3596 neret
417 3535 574 3614 llornam,
590 3557 691 3620 quurn
705 3534 812 3598 adbuc
825 3536 858 3598 in
871 3536 952 3600 urbe
961 3537 1113 3600 Lucullus
1126 3537 1244 3600 consul
1253 3545 1362 3624 ageret.

312 3633 438 3696 Idcirco
450 3635 581 3720 negotio
598 3655 734 3723 propere
745 3635 786 3698 od
798 3651 945 3700 serrorum
960 3636 1074 3714 relato,
1090 3654 1194 3722 quum
1208 3649 1243 3698 et
1256 3655 1306 3698 res
1316 3651 1362 3693 co

240 3778 246 3788 -
314 3749 419 3823 geret,
438 3748 472 3796 et
489 3733 642 3798 Lucullus
661 3751 771 3816 metu,
793 3755 835 3799 ne
853 3736 1026 3824 Pompeius
1044 3734 1085 3800 ad
1104 3736 1221 3800 urbem
1239 3733 1363 3798 veniens

314 3834 565 3898 mithridaticum
584 3836 643 3897 sibi
663 3836 783 3899 bellunr
804 3838 1006 3924 praeriperet,
1026 3859 1155 3900 summo
1178 3835 1290 3901 studio
1310 3855 1363 3895 arr·

314 3936 485 4013 niteretur,
505 3934 698 4022 stipendium
713 3938 743 4002 ei
758 3939 890 4002 missurn
905 3953 960 4001 est.

347 4129 470 4196 SXXXI.
485 4129 546 4178 l'lut.
557 4133 584 4178 irr
598 4132 710 4190 lucullo,
724 4149 778 4197 etp.
791 4147 830 4178 ιο.
843 4127 912 4196 -ls
923 4133 1038 4184 ssllll.
1051 4133 1146 4181 bellust.
1158 4159 1193 4170 -··
1207 4132 1273 4180 l’lrtt.
