2875 4900
272 346 354 414 ¹(ioo
458 344 476 411 J
485 343 529 411 Ο.
556 339 900 409 FREINSHEMII
930 338 1177 407 SUPPLEM,

278 464 506 545 jocushorum
524 462 649 550 impetu
666 458 812 540 Partitis,
829 459 864 522 in
881 457 1027 523 medium
1046 474 1197 547 acceptus
1215 459 1343 547 impera·

270 582 334 629 ¹tor
353 577 418 645 est,
441 584 508 627 non
531 577 623 627 scuta
645 560 762 649 magis,
775 583 886 647 xqum
903 582 1040 648 corpora
1060 582 1119 623 sua
1140 574 1273 623 strenue
1289 583 1343 649 pro

281 688 320 729 eo
339 663 583 752 opponentibus
603 662 740 731 cunctis
762 662 868 750 Igitur
884 662 1042 741 Surenas,
1062 682 1121 738 ue,
1137 660 1258 725 iterum
1272 684 1342 748 pro-

280 764 380 829 ducto
400 763 442 829 ad
465 780 596 827 noctem
612 762 744 850 praelio,
762 762 919 827 Romanis
936 762 970 826 in
987 777 1118 847 montes
1137 761 1257 825 deinde
1275 784 1341 826 era·

279 864 378 931 dendi
392 865 485 953 copia
497 864 605 945 fieret,
617 862 659 926 ad
671 862 785 927 dolum
798 885 833 927 se
845 862 1019 943 convertit,
1034 885 1132 950 quern
1143 861 1341 941 jamdudum

272 983 447 1048 struxerat,
459 982 497 1031 ut
506 964 711 1035 simulatione
719 964 808 1053 pacis
816 963 968 1052 deceptos
978 964 1238 1028 circumveniret.
1252 964 1342 1027 Hunc

277 1070 310 1133 in
328 1091 425 1133 usum
442 1090 482 1132 ex
495 1067 676 1154 composito
690 1068 725 1129 in
737 1067 891 1154 parthicis
903 1067 1014 1131 castris
1024 1088 1192 1131 sermones
1207 1067 1247 1129 iis
1258 1065 1341 1146 locis,

277 1172 335 1235 ubi
352 1170 455 1259 excipi
471 1192 489 1232 a
510 1168 641 1256 captivis
657 1184 808 1257 possent,
825 1168 889 1233 seri
903 1169 1062 1250 jusserat,
1079 1165 1227 1258 beneficiis
1247 1170 1341 1255 magis

275 1270 405 1357 illigare
419 1270 594 1349 Romanos,
609 1292 706 1357 quam
723 1271 912 1336 internecivo
925 1268 1006 1335 bello
1020 1269 1139 1349 delere,
1156 1272 1341 1337 constiutitte

274 1395 386 1460 regem.

319 1473 399 1537 LIV.
418 1470 456 1537 Id
472 1474 608 1561 captivi,
631 1472 672 1537 de
687 1473 848 1539 industria
866 1474 1082 1564 negligentius
1098 1477 1272 1557 asservati,
1289 1474 1338 1538 de·

275 1572 422 1637 ferebant
441 1572 482 1637 ad
505 1596 582 1637 suos
605 1598 613 1637 :
637 1574 736 1638 simul
755 1597 900 1663 pugnam
922 1576 1128 1641 remittebant
1147 1577 1295 1658 Barbari,
1311 1591 1338 1639 et

274 1695 350 1735 curn
367 1673 570 1739 nobilissimo
591 1698 724 1763 quoque
742 1676 864 1740 sensim
881 1676 922 1740 ad
944 1678 1059 1741 collem
1077 1676 1235 1743 advectus
1250 1679 1337 1743 Sure-

274 1796 351 1856 nas,
366 1797 467 1839 nervo
483 1798 576 1839 arcus
590 1776 743 1858 remisso,
761 1778 857 1841 invito
872 1800 942 1864 rege
956 1780 1107 1843 virtutem
1119 1800 1151 1842 se
1157 1779 1336 1866 parthicam

274 1876 441 1939 ostendisse
461 1878 634 1958 Romanis,
659 1876 783 1958 aiebat,
807 1899 892 1941 onoc
914 1875 972 1941 illo
996 1876 1117 1941 volente
1138 1876 1294 1941 daturum
1311 1890 1337 1937 et

271 1976 480 2043 humanitatis
501 1980 672 2067 specimen,
696 1976 954 2067 r'ctoq'uesoedere
973 1978 1110 2042 saltuem
1125 1980 1336 2065 praestiturwo

272 2081 470 2145 abeuntibus:
480 2080 557 2143 Haec
569 2102 635 2143 non
649 2101 743 2144 secus
754 2079 795 2142 ah
806 2078 962 2143 Romanis
972 2077 1233 2167 aceipiebantur,
1246 2098 1335 2165 quam

271 2182 356 2247 siah
376 2182 447 2271 ipso
468 2203 543 2270 rege
560 2180 757 2247 dicerentur.
776 2181 916 2245 Surenas
932 2180 1019 2244 enim
1039 2201 1105 2243 noo
1124 2178 1204 2263 viri,
1221 2177 1279 2245 sed
1293 2176 1335 2241 di·

270 2284 401 2373 gnitatis
418 2305 555 2365 nomen,
574 2282 678 2369 eoque
699 2280 862 2345 inferioris
883 2281 979 2345 etiam
995 2281 1054 2344 aevi
1073 2280 1180 2353 Persis
1203 2300 1334 2367 usurpa·

270 2400 358 2467 tum,
371 2384 558 2474 magistrum
574 2384 680 2448 vexilli
687 2430 698 2465 ,
714 2384 781 2448 sive
793 2382 932 2465 militiae,
946 2380 1145 2472 significante
1161 2381 1333 2459 vocabulo,

269 2486 438 2574 proximus
462 2487 653 2550 auctoritate
671 2500 703 2548 et
721 2485 866 2572 potentia
876 2484 952 2573 ¹regi
970 2499 1055 2565 erat3
1075 2483 1183 2570 etqui
1207 2500 1279 2551 tutn
1299 2503 1333 2544 eo

270 2583 397 2652 honore
415 2585 628 2676 fungebatur,
646 2586 764 2674 opibus
781 2602 815 2650 et
827 2609 944 2676 genere
956 2585 1167 2672 praecellebat.

312 2687 377 2752 LV.
400 2686 566 2750 Gentilitia
589 2686 618 2749 ei
638 2687 848 2776 praerogativa
874 2702 961 2768 erat,
987 2703 1025 2750 ut
1054 2687 1122 2775 regi
1140 2686 1332 2752 Parthorum

268 2786 416 2851 diadema
432 2787 557 2874 primus
577 2787 770 2874 imponeret.
788 2786 837 2850 Ad
855 2787 924 2854 haec
940 2789 990 2852 uti
1005 2803 1127 2852 statura
1142 2803 1177 2850 et
1191 2786 1332 2875 pulchri·

268 2887 382 2952 tudine
399 2887 560 2974 corporis,
577 2887 622 2951 ita
636 2885 757 2952 virtute
774 2903 808 2950 et
821 2889 975 2969 consilio,
996 2887 1089 2952 facile
1102 2903 1171 2952 erat
1187 2888 1331 2956 omnium

266 2988 433 3076 princeps,
450 2987 527 3058 licet
537 2987 736 3051 tricesimum
756 2989 857 3052 aetatis
871 3011 995 3053 aunum
1010 2987 1160 3052 noudum
1174 2988 1331 3078 impleris·

267 3103 325 3154 set.
352 3089 480 3176 Ipsum,
504 3087 559 3175 qui
579 3103 649 3154 tutu
666 3089 838 3177 regnabat,
855 3089 1006 3171 Oroden,
1024 3090 1157 3178 pulsum
1174 3113 1194 3153 a
1210 3090 1329 3154 Parthis

266 3187 458 3269 reduxerat3
476 3205 509 3254 ct
529 3211 678 3278 magnam
697 3189 873 3259 Seleuciam
890 3179 1058 3280 redegerat
1072 3191 1105 3254 io
1122 3207 1329 3279 potestatem,

265 3290 390 3378 primus
407 3291 556 3356 omnium
572 3313 751 3356 conscenso
765 3315 878 3374 muro,
895 3307 927 3356 et
942 3291 1079 3379 repulsis
1096 3290 1328 3357 defensoribus.

266 3390 404 3471 Quoties
428 3391 489 3454 iter
510 3391 646 3474 faceret,
670 3393 758 3456 mille
776 3393 890 3457 cameli
910 3416 987 3460 cum
1008 3393 1158 3475 sarcinis,
1177 3410 1211 3458 et
1227 3393 1327 3458 rheda

264 3490 413 3555 ducentae
435 3492 587 3580 pellicum
612 3494 855 3582 sequebantur3
878 3495 1004 3582 equites
1026 3494 1223 3583 cataphracti
1248 3495 1327 3559 mille

264 3591 440 3680 stipabant,
456 3592 570 3656 leviter
585 3610 783 3660 armatorum
797 3595 902 3659 multo
920 3595 1023 3675 major
1038 3619 1208 3662 numerus.
1223 3598 1326 3664 Clien-

247 3694 347 3758 “tium
369 3691 465 3761 etiam
485 3709 518 3757 et
536 3715 703 3760 servorum
721 3696 816 3783 (nam
837 3712 869 3760 et
886 3720 996 3762 servos
1016 3698 1185 3762 armabant
1203 3693 1326 3781 Parthi)

261 3794 403 3865 habebat
414 3791 505 3860 haud
518 3794 602 3858 intra
619 3793 732 3872 decern
749 3797 858 3862 millia.

305 3898 386 3964 tvl.
409 3896 472 3962 Sed
496 3897 647 3980 Crassus,
671 3899 767 3964 toties
786 3899 961 3989 deceptus,
980 3900 1195 3964 cunctabatur
1211 3901 1324 3967 habere

298 4092 314 4156 s
327 4094 389 4141 le,
404 4093 539 4142 Marcellin.
552 4093 646 4158 XXIV,
664 4093 687 4150 5,,
703 4121 736 4132 -
752 4094 817 4148 rtur.
829 4123 864 4132 -
875 4094 892 4160 ς
905 4096 957 4144 tv.
969 4096 1061 4146 tortu
1072 4096 1142 4154 m,
1154 4111 1179 4144 a.
