2875 4900
282 342 392 414 106.
450 346 518 415 JO.
547 344 1162 416 FREINSHEMIISUPPLEM.
1299 406 1303 412 .

274 486 375 553 quam
390 465 498 555 magni
514 464 607 531 ducis
623 487 732 547 more,
750 466 874 530 circum
892 465 1015 531 insulas
1026 466 1211 556 vagabatur.
1222 464 1285 530 Sed
1299 466 1338 529 ad

278 565 734 653 Zacynthum,.exscensione
756 568 859 650 facta,
886 590 989 656 quum
1012 567 1161 634 obsidere
1186 567 1337 656 oppidum

276 667 486 751 instituisset,
502 668 543 733 ab
559 668 732 757 oppidanis
748 668 852 734 ductu
867 669 1088 757 quorumdam
1101 670 1337 749 Romanorum,

276 768 334 855 qui
347 769 432 832 forte
448 769 493 833 ibi
509 770 775 859 negotiabantur,
793 786 954 835 nocturna
972 772 1144 859 eruptione
1162 771 1339 851 territus,e

276 869 412 959 vestigio
436 870 626 937 conscendit
649 894 766 954 naves,
784 870 1039 960 Chalcidemque
1061 871 1218 961 inglorius
1237 869 1338 934 rediit.

277 970 403 1035 Eodem
421 987 454 1037 et
466 972 625 1062 Dorylaus
639 973 801 1038 Philetaeri
816 973 853 1037 F.
866 994 942 1038 cum
959 994 1046 1036 novo
1062 971 1207 1043 exersitu
1224 960 1318 1034 venit.

321 1072 460 1138 XXVII.
473 1070 600 1139 Idcirco
611 1073 653 1139 ad
664 1075 804 1157 Sullam,
819 1096 923 1162 quum
931 1073 985 1137 vix
996 1073 1256 1137 Melittoeensium
1265 1068 1339 1135 fines

276 1170 477 1259 (Thessaliae
490 1173 648 1264 oppidum
667 1175 820 1240 Melittaea
840 1175 920 1256 fuit,
940 1172 1032 1262 quod
1054 1190 1088 1239 et
1103 1173 1234 1238 Mettea
1248 1192 1340 1237 voca-

279 1273 393 1363 batur)
411 1275 585 1365 attigisset,
608 1277 796 1366 frequentes
815 1275 964 1365 undique
988 1277 1096 1339 nuntii
1117 1286 1340 1353 accurrerunt,

277 1376 404 1459 omnia,
418 1400 490 1465 quae
501 1380 676 1467 recepisset
685 1402 705 1443 a
715 1394 826 1468 tergo,
840 1400 909 1442 non
921 1377 1119 1462 minoribus,
1134 1400 1232 1466 quam
1242 1390 1340 1453 antea,

276 1478 380 1566 copiis
398 1501 457 1567 per
472 1479 668 1547 Mithridatis
688 1480 857 1569 prefectos
878 1478 1030 1569 opprimi.
1047 1480 1116 1543 Rex
1136 1477 1242 1559 eninr,
1258 1496 1342 1539 com·

279 1594 369 1665 perta
390 1580 549 1646 exercitus
570 1581 621 1647 sui
638 1597 762 1671 strage,
780 1580 830 1645 uti
847 1602 907 1669 par
928 1597 1013 1664 crat,
1034 1580 1182 1670 terrims,
1199 1578 1341 1643 animum

279 1696 388 1745 mmen
407 1681 542 1747 minime
562 1682 800 1772 desponderat,
822 1683 902 1771 quin
927 1705 967 1747 ex
984 1683 1078 1747 noris
1100 1682 1295 1760 delectibus,
1312 1690 1343 1740 ct

279 1804 362 1870 quos
379 1798 472 1847 antea
485 1785 675 1874 collegerat,
693 1785 860 1875 octoginta
876 1785 1050 1848 hominum
1064 1783 1165 1847 millia
1181 1779 1271 1847 classi
1285 1777 1341 1841 im·

280 1885 401 1973 posita,
417 1908 492 1950 cum
513 1886 656 1975 Dorylao
673 1885 758 1952 duce
775 1886 929 1951 mitteret.
943 1888 1050 1972 Atque
1065 1885 1111 1965 is,
1129 1905 1234 1972 quum
1251 1876 1343 1943 Chal·

278 1985 385 2051 cidem
401 1988 594 2076 appulisset,
610 1988 759 2053 celeriter
769 2002 899 2075 recepta
908 1986 1047 2068 Iloeotia,
1061 1987 1154 2050 ferox
1166 1998 1199 2048 et
1210 1979 1343 2045 exsulta·

279 2086 412 2153 bundas
421 2090 517 2153 Sullae
527 2110 738 2180 congressum
750 2088 898 2177 optabat,
911 2088 1175 2176 Archelaumque
1188 2082 1344 2149 deterrere

278 2212 391 2253 orsum
404 2190 599 2280 negligebat3
613 2190 697 2255 fama
711 2212 844 2278 quoque
856 2188 1019 2277 dispersa,
1030 2212 1096 2253 non
1104 2182 1344 2276 stneproditioae

278 2290 367 2355 ducis
375 2304 422 2355 tot
429 2291 614 2355 bellatorum
624 2291 727 2355 usitata
734 2306 803 2355 tam
799 2288 909 2378 facila
914 2290 1015 2355 deleri
1019 2290 1202 2354 allomeris
1202 2282 1343 2375 pomz‘sse.

325 2392 480 2458 XXVIII.
498 2392 672 2458 Enimvero
686 2392 773 2456 circa
787 2391 1017 2480 Tilphossum,
1036 2410 1166 2454 reverso
1179 2385 1286 2463 Sulla,
1300 2380 1343 2443 le·

143 2545 152 2552 ,
279 2494 374 2560 vibus
397 2494 513 2582 praeliis
536 2515 679 2560 romanae
700 2493 829 2558 virtutis
853 2493 1113 2581 experimentum
1135 2491 1243 2579 cepit3
1265 2481 1343 2549 adeo

282 2611 405 2660 mutata
424 2597 600 2679 sententia,
620 2611 658 2660 ut
676 2593 854 2684 postmodo
873 2593 1042 2682 princeps,
1068 2590 1256 2656 ducendum
1278 2602 1343 2649 esse

282 2699 424 2781 bellum,
440 2699 691 2786 sumptibusque
705 2714 739 2763 et
755 2713 903 2786 tempore
917 2693 1123 2760 atterendum
1138 2693 1234 2758 Sullae
1246 2689 1344 2775 impe-

263 2815 373 2880 ·tum,
394 2815 550 2864 censeret.
572 2798 637 2865 Sed
660 2799 738 2881 ubi,
758 2798 870 2864 castris
891 2797 934 2863 ad
954 2795 1202 2861 Orchomenum
1220 2786 1344 2879 positis,

283 2901 347 2966 loci
357 2899 476 2966 fiducia
489 2923 581 2991 spem
594 2902 753 2968 Archelao
765 2899 877 2983 dabat,
891 2897 982 2987 quod
990 2897 1175 2987 equitibus,
1187 2915 1251 2984 qua
1261 2902 1344 2980 parte

283 3003 402 3067 vinum
419 3003 499 3094 regii
516 3003 733 3092 prestabant,
752 3017 937 3091 opportuna
952 3000 1101 3089 planities
1119 3021 1155 3064 sc
1171 2993 1344 3087 pandebat,

283 3125 396 3191 parare
412 3127 447 3168 se
462 3105 576 3193 coepit,
591 3121 746 3194 tanquam
759 3127 868 3169 casum
882 3102 983 3192 praelii
998 3102 1106 3190 primo
1122 3119 1258 3188 quoque
1272 3109 1346 3158 tem·

282 3227 363 3292 pore
374 3205 554 3272 subiturus.
568 3207 686 3296 Copias
699 3206 745 3270 ita
758 3204 951 3297 digesserat,
962 3219 1002 3268 ut
1014 3203 1049 3266 in
1066 3203 1175 3267 fronte
1189 3193 1345 3288 quadrigoe

284 3303 405 3370 falcatae
420 3325 547 3389 essent3
563 3325 637 3397 post
651 3310 710 3374 has
727 3309 830 3373 locata
843 3307 985 3396 phalanx
997 3320 1081 3386 erat,
1094 3297 1293 3369 macedonici
1303 3294 1347 3359 iu·

285 3407 390 3472 stituti
407 3409 500 3475 acies.
516 3411 618 3475 Tertii
636 3411 804 3476 auxiliares
826 3409 969 3491 stabant,
987 3429 1064 3471 cum
1081 3403 1224 3469 romanis
1236 3395 1345 3473 armis,

285 3509 393 3575 mixtis
412 3510 525 3576 italice
545 3513 651 3602 gentis
668 3512 812 3603 fugitivis
833 3535 842 3576 ι
863 3526 939 3600 post
956 3531 1073 3574 omnes
1094 3508 1173 3572 levis
1190 3515 1346 3569 armatum

285 3612 484 3677 constiterat.
497 3614 671 3702 Equitatus
685 3630 865 3703 utrumque
880 3614 963 3678 latus
978 3610 1163 3690 claudebat,
1179 3601 1346 3673 commisso

284 3713 395 3801 praelio
411 3713 454 3778 ad
466 3715 789 3781 circumveniendum
803 3715 933 3780 hostem
949 3715 1147 3779 evolaturas.

328 3817 452 3882 XXIX.
467 3815 649 3884 Adversum
662 3819 733 3884 haec
750 3816 861 3882 omnia
877 3819 1061 3899 Romanus,
1075 3815 1139 3879 loci
1156 3807 1345 3893 numerique

319 4031 446 4098 sarva.
459 4001 539 4082 san.
552 4031 596 4081 aa.
608 4034 647 4092 x,
660 4048 686 4096 p.
702 4033 764 4093 ηε.
781 4057 817 4068 -
834 4029 957 4080 arama.
974 4057 1010 4068 -
1027 4029 1136 4096 sppae
1156 4055 1191 4068 -
1209 4025 1226 4092 5
1244 4015 1347 4072 srva.

285 4116 408 4166 Plutarch.
423 4145 459 4156 —
472 4116 603 4176 Oros.V1‚
618 4133 642 4165 a.
657 4145 691 4154 —
706 4115 722 4181 S
735 4115 1125 4174 xxvu1.rrom.smr.11,s.
