2875 4900
295 386 349 455 IN
380 385 495 455 LOC.
523 384 619 455 LlB.
647 386 740 456 CIII
774 386 990 457 LlVlANl.
1109 390 1180 489 509

104 528 184 571 rum
195 506 362 572 Garumna
373 504 506 588 fluvius,
520 528 560 570 ex
572 506 728 595 Pyrenaeo
742 523 855 573 monte
868 507 1037 600 delapsus,
1052 512 1086 575 in
1099 512 1179 579 duas

103 608 291 697 provincias
306 624 403 672 secat.

153 711 279 777 CXLV.
304 710 423 773 Primae
444 724 544 797 caput
564 708 748 799 Biturigum
777 709 947 775 Cuborum
974 711 1084 777 civitas
1109 731 1180 796 est,

103 834 200 878 nunc
219 813 388 901 Burgcasis
408 810 710 898 arcdt'qrtkcopatm
731 832 918 899 quanquam
941 812 1099 903 Biturigas
1111 817 1181 879 'Lu-

102 912 270 1005 gdunensi
283 913 396 1001 primae
407 910 615 975 Marcellinus
625 911 801 975 accensuit.
814 912 899 976 Huic
909 912 1096 1003 junguntur
1105 914 1180 979 civi·

103 1032 189 1080 tates
203 1017 436 1094 Arvernorum,
453 1014 671 1093 Rutenorum,
687 1010 924 1102 Albigensium,
944 1012 1178 1099 Cadurcorum,

101 1115 336 1197 Lemovicum,
353 1114 568 1195 Gabalorum,
581 1112 815 1179 Velaunorum.
834 1114 935 1199 Quod
949 1115 1067 1180 deiude
1080 1140 1099 1180 a
1110 1119 1180 1207 ripa

102 1218 284 1284 Garumnae
300 1218 340 1283 ad
361 1218 502 1308 Ligerim
519 1215 655 1281 fluvium
672 1214 899 1303 protenditur,
917 1218 979 1281 sub
997 1219 1179 1306 Aquitaniae

100 1320 254 1384 securadae
268 1320 435 1383 vocabulo
444 1339 500 1383 sex
519 1316 663 1381 civitates
679 1315 795 1380 babuit
804 1318 1095 1407 ,Agennensiuni,
1112 1322 1180 1385 En·

101 1420 376 1502 colismensium,
400 1418 581 1506 Angulema
598 1417 699 1483 bodie
717 1434 784 1499 est,
808 1419 1005 1502 Santonum,
1032 1422 1179 1487 Pictaro—

100 1544 183 1585 mm
194 1519 512 1603 ,Petrocoricrum,
538 1540 613 1583 cum
641 1518 815 1607 metropoli
836 1520 1023 1611 Burdegala.
1049 1524 1177 1589 Novem
1223 1572 1225 1579 >

100 1570 248 1709 populos
259 1644 361 1711 prope
377 1620 605 1708 Aqrtitaniam,
626 1634 864 1709 proptereaque
883 1626 1008 1685 tarnem
1028 1647 1047 1688 a
1067 1626 1178 1693 multis

101 1722 245 1804 dicum,
263 1724 299 1787 iu
319 1744 384 1810 qraa
403 1722 566 1785 Vascones
583 1722 749 1804 habitant,
766 1722 877 1789 Auscii
893 1724 1125 1790 commendant
1146 1744 1179 1792 et

101 1822 231 1887 Vasatoe
245 1822 469 1909 :reliquorum
485 1838 609 1911 septem
625 1823 695 1888 haec
707 1822 844 1888 fuerunt
860 1825 1014 1906 nomina,
1036 1828 1177 1911 Vibiscl,

99 1924 248 2007 Meduli,
266 1927 392 2006 Boatte,
410 1926 593 2006 Convenae,
615 1926 836 2006 Consaranni,
855 1924 1077 2014 Bigerriones,
1098 1930 1177 1993 Tar·

100 2026 193 2091 belli.

146 2128 291 2194 CXLVI.
306 2130 434 2193 Horum
446 2127 620 2192 duodecim
631 2143 845 2191 recensentur
855 2128 889 2191 in
899 2128 1001 2191 reteri
1013 2128 1177 2194 itinerario

100 2230 268 2310 civitates,
283 2228 477 2294 Ausciorum
497 2228 704 2315 metropolis,
724 2229 905 2309 Convenae,
924 2252 996 2315 quae
1019 2228 1092 2293 dua
1108 2233 1175 2311 jam

101 2344 200 2394 astate
219 2329 387 2395 Strabonis
404 2330 457 2410 jus
478 2329 563 2393 latii
582 2329 765 2410 habebant3
782 2329 1002 2416 Aquensium,
1025 2329 1175 2395 Lactora·

102 2431 205 2514 tium,
223 2433 527 2512 Consarannorum,
542 2429 642 2496 hodie
659 2430 847 2510 Conectens,
867 2432 1019 2514 Beatum,
1036 2434 1175 2499 Benear-

102 2533 278 2614 ncnsium,
304 2533 541 2613 Aturensium,
567 2554 656 2596 nunc
679 2533 774 2612 Ar'rc,
805 2531 971 2613 Vasatica,
996 2535 1101 2598 Tarba
1124 2537 1177 2600 rel

102 2649 248 2698 metrum
262 2634 409 2724 Bigerra,
424 2657 515 2698 nunc
531 2637 723 2723 episcopatus
739 2633 1076 2721 Tarda-Bigorrensr's,
1098 2637 1175 2700 Elo-

101 2734 315 2817 ronensium,
329 2734 363 2799 id
377 2751 440 2816 est,
458 2733 585 2815 oleran,
601 2735 802 2816 Elusatium,
817 2733 851 2797 id
862 2750 927 2814 cst,
941 2735 1059 2813 Eausc,
1077 2758 1175 2822 quam

102 2837 329 2902 Narbonensis
342 2855 466 2924 partem
481 2837 556 2901 facit
571 2836 772 2900 Ammianus.
787 2833 850 2899 Scd
865 2835 916 2898 alii
930 2834 1175 2901 Narbonensem

102 2953 135 3001 et
150 2939 256 3027 ipsam
269 2937 433 3025 duplicem
449 2937 493 3000 ita
506 2937 731 3026 distinguunt,
746 2951 784 2999 ut
798 2935 935 3022 primam
946 2981 963 3016 ,κ
973 2957 1045 3022 qum
1059 2959 1077 2998 a
1089 2936 1175 3000 Varo

102 3037 356 3127 flumineusque
367 3039 410 3103 ad
420 3037 618 3103 Rhodanum
628 3059 741 3102 versus
752 3053 863 3100 ortum
875 3037 1069 3125 porrigitur,
1081 3060 1100 3100 a
1112 3061 1176 3101 me-
1212 3073 1217 3084 ·

102 3139 187 3204 ridie
202 3161 292 3204 mare
306 3139 467 3204 Gallicum
481 3139 596 3220 habet,
617 3138 772 3204 tredecim
789 3137 966 3227 insigniant
981 3138 1173 3204 civitatibus.

146 3241 309 3306 chvss.
330 3239 413 3305 Nam
435 3258 552 3329 praeter
572 3239 769 3327 metropolin
788 3238 1073 3319 Narbonensium,
1097 3240 1175 3303 civi·

105 3358 188 3407 tates
206 3342 236 3406 ei
260 3340 410 3406 tribuunt
427 3342 645 3421 Tolosatium,
667 3338 924 3419 Beterrensium,
945 3339 1174 3429 Agatensium,

104 3444 397 3524 Nemausensium,
408 3443 705 3531 Magalonensium,
724 3440 934 3522 Lutcnsium,
949 3442 1017 3504 sive
1031 3459 1173 3506 castrum

103 3547 240 3627 Littera,
253 3544 485 3608 Ucetiensium.
499 3541 647 3608 Secunda
660 3543 900 3623 Narbonensis,
915 3542 968 3606 cui
983 3545 1173 3632 metropolis

104 3663 153 3711 est
166 3645 369 3734 Aquensium
386 3644 513 3725 civitas,
531 3643 707 3733 Pyrenms,
723 3659 755 3707 et
769 3643 931 3707 Cebennis
949 3645 1116 3708 montibus
1133 3645 1173 3708 ab

105 3747 286 3836 Aquilone,
307 3746 389 3810 mari
408 3745 530 3812 Gallico
553 3769 571 3810 a
590 3745 724 3810 meridie
746 3745 923 3810 inclusam:
949 3768 1003 3810 sex
1020 3763 1174 3834 praeterea

104 3849 248 3912 civitates
262 3847 499 3924 lronestabant,
518 3849 730 3936 Aptansium,
747 3847 952 3928 Beiensiurn,
969 3848 1172 3927 Forojulien·

104 3955 209 4027 sium,
232 3948 506 4036 vapincensium,
530 3948 806 4038 Segestoriorum,
836 3947 1066 4036 Antipolitana.
1098 3951 1173 4013 Haec

140 4139 156 4203 s
171 4141 281 4188 cmv.
294 4139 356 4186 run¹
370 4140 414 4190 iv.
429 4156 468 4199 η.
