2875 4900
297 402 350 470 m
380 401 491 469 noc.
518 403 612 469 mn.
639 404 725 471 crv
755 356 966 472 mvmnr.
1101 404 1164 491 541

109 522 252 587 moribus
271 520 411 585 sordidis
432 536 465 584 et
484 520 708 602 illiberalibus,
731 520 924 607 Cybiosactes
949 521 1058 608 (quasi
1074 526 1170 589 salsa-

108 625 299 689 mentarium
311 622 454 709 diceres)
467 622 507 685 ab
517 622 741 687 Alexandrinis
755 624 948 711 appellatus,
957 647 1077 712 paucos
1088 626 1172 691 intra

108 727 173 790 dies
184 725 297 814 periit;
309 747 412 811 quum
422 722 594 788 Alexandri
604 724 715 812 Magni
727 724 871 788 loculum
883 748 1037 807 aureum,
1049 727 1170 791 substi-

107 843 177 890 tuto
186 827 309 905 vitreo,
326 826 502 913 rapuisset,
514 846 622 912 neque
633 824 812 913 quidquam
824 841 899 889 ante
913 825 1057 890 studium
1069 850 1170 915 pecu·

108 930 166 990 nie
182 943 338 1016 poneret,
352 926 446 1005 jussu
460 926 595 1015 reginae,
621 948 694 1012 quae
711 926 855 1013 perferre
877 924 988 991 sordes
1009 926 1169 1005 ejusmodi

109 1053 171 1094 non
184 1044 328 1119 poterat,
346 1028 573 1116 strangulatus.

148 1132 278 1195 LXXV.
302 1131 476 1215 Comperto
501 1126 638 1208 deinde,
664 1129 777 1192 Romae
804 1128 1012 1192 Ptolemaeum
1036 1127 1170 1216 degere,

108 1234 225 1319 legatos
243 1248 276 1294 et
290 1231 351 1318 ipsi
369 1245 499 1293 centum
518 1229 693 1307 miserunt,
712 1228 769 1314 qui
785 1228 826 1291 ad
843 1229 978 1291 crimina
992 1226 1169 1316 responde·

107 1349 176 1395 rent
190 1332 295 1421 regis,
313 1346 345 1393 et
367 1330 454 1392 ultro
478 1330 586 1415 ipsum
608 1344 807 1392 accusarent.
831 1329 895 1392 Sed
916 1352 955 1391 ex
977 1352 1016 1391 eo
1032 1350 1169 1392 numero

107 1434 249 1520 plerique
263 1433 297 1494 in
314 1431 445 1510 itinere,
462 1450 534 1517 pars
552 1430 585 1491 iu
606 1429 673 1516 ipsa
690 1428 773 1493 urbe
793 1430 957 1493 Ptolemaei
974 1430 1056 1493 dolis
1072 1430 1170 1495 occisi

107 1548 199 1612 sunt;
217 1553 321 1618 quum
335 1531 403 1609 ille,
418 1529 529 1593 multis
540 1531 763 1593 Romanorum
777 1531 914 1616 pecunia
928 1530 1106 1618 corruptis,
1120 1532 1170 1593 in-

107 1631 196 1695 sidias
213 1632 294 1695 locis
312 1630 466 1694 omnihus
482 1631 653 1716 posuisset.
668 1631 746 1693 llaec
762 1631 869 1693 omnia
887 1648 952 1693 tam
970 1647 1002 1694 et
1016 1650 1125 1719 aperte
1138 1649 1171 1696 et

108 1732 237 1820 impune
254 1732 557 1810 committebantur,
576 1746 614 1794 ut
631 1733 657 1793 si
673 1731 719 1794 Μ.
738 1732 918 1811 Favonius,
937 1733 1112 1797 catonianae
1130 1734 1168 1796 li-

107 1834 234 1899 bertatis
253 1834 407 1913 aemulus,
425 1832 591 1913 tacuisset,
605 1854 703 1896 nemo
717 1833 876 1896 relaturus
890 1830 931 1897 de
944 1849 1036 1897 tanto
1050 1836 1169 1899 scelere

106 1934 207 1999 luerit.
229 1936 291 1999 lllo
308 1950 477 1997 accusante
492 1935 694 2022 peregrinam
709 1934 940 2014 temeritatem,
957 1933 1167 2001 domesticam

106 2039 285 2116 avaritiam,
302 2023 424 2123 species
440 2035 546 2121 aliqua
561 2035 689 2123 pristini
704 2034 858 2122 pudoris,
875 2056 982 2121 neque
998 2034 1167 2117 diuturna,
1207 2089 1209 2098 .

106 2136 249 2219 incessit,
273 2152 312 2199 ut
334 2135 485 2223 princeps
507 2137 676 2224 legationis
696 2136 780 2215 Dio,
797 2135 885 2199 haud
907 2136 1077 2200 incelebris
1094 2160 1168 2201 aca-

107 2236 231 2303 demicae
253 2237 415 2326 sapientiae
430 2238 612 2325 professor,
628 2252 799 2301 vocaretur
818 2236 850 2298 in
868 2252 1034 2317 senatum,
1054 2237 1094 2301 de
1114 2261 1167 2302 re·

106 2337 162 2401 bus
178 2340 239 2403 illis
255 2336 514 2426 interrogandus.

145 2438 292 2503 LXXVI.
316 2439 387 2502 Hoc
404 2438 486 2502 adeo
508 2439 578 2501 siue
595 2461 671 2502 cura
688 2439 805 2503 veriet
823 2438 958 2503 honesti
969 2439 1110 2523 lactum,
1128 2459 1167 2504 ut

105 2541 287 2628 paulopost
303 2540 372 2628 ipse
390 2541 486 2603 etiam
503 2540 566 2602 Dio
582 2539 798 2619 occideretur,
818 2555 1010 2626 tantumque
1026 2543 1164 2628 pecunia

105 2641 182 2728 regis
196 2657 325 2729 posset,
342 2658 395 2720 ut,
418 2638 525 2703 donec
539 2640 609 2727 ipse
629 2643 742 2704 Romae
758 2640 837 2720 fuit,
855 2641 943 2704 nulla
961 2643 1003 2705 sit
1019 2643 1165 2708 instituta

105 2739 142 2802 de
157 2743 253 2805 tantis
270 2741 460 2804 criminibus
474 2742 619 2828 quaestio.
633 2741 908 2828 Desperabundus
924 2757 1031 2806 tamen
1048 2742 1089 2805 de
1106 2765 1164 2805 ne·

105 2844 178 2927 gotii
196 2859 336 2923 eventu,
355 2843 516 2906 concessit
530 2841 716 2928 Ephesum,
731 2857 769 2904 ut
784 2842 829 2904 ibi
845 2841 981 2904 velutin
998 2841 1166 2928 religiosis·

104 2941 181 3006 simo
196 2945 272 3007 loco
288 2944 410 3024 tutius,
426 2943 600 3030 minusque
615 2957 728 3006 contra
746 2939 933 3029 dignitatem
951 2943 1088 3028 regiam,
1105 2941 1164 3006 de·

105 3060 197 3129 geret.
211 3047 303 3109 lnter
313 3044 401 3124 haec,
415 3059 453 3106 ut
466 3042 688 3132 magistratum
701 3041 824 3104 tribuni
837 3042 999 3120 inierunt,
1014 3044 1048 3104 C.
1065 3043 1163 3123 Cato,

103 3146 305 3210 turbulentus
325 3145 512 3209 adolescens
529 3159 562 3207 et
582 3143 706 3225 audax,
725 3165 785 3206 nec
808 3143 983 3230 imparatus
1002 3141 1042 3205 ad
1059 3142 1166 3207 dicen·

104 3241 197 3328 dum,
215 3244 430 3310 concionibus
445 3242 580 3308 assiduis
596 3242 750 3308 invidiam
767 3259 800 3306 et
815 3243 1005 3325 Ptolemaeo,
1023 3245 1080 3330 qui
1098 3244 1162 3322 jam

103 3345 262 3429 profectus
278 3368 318 3409 ex
333 3344 422 3408 Urbe
439 3362 521 3427 erat,
539 3360 572 3408 et
586 3345 621 3408 P.
638 3346 777 3409 Lentulo
794 3344 939 3426 consuli,
957 3345 1082 3432 paranti
1098 3346 1163 3425 jam

104 3444 174 3524 iter,
192 3447 371 3526 concitare,
387 3445 532 3509 secundo
549 3443 681 3532 quidem
696 3445 810 3533 populi
828 3468 960 3510 rumore
975 3447 1082 3533 coepit.

142 3547 227 3612 Lxx
234 3550 304 3611 VH.
318 3548 423 3637 Igitur
436 3547 644 3627 Ptolemaeus,
659 3569 762 3632 quum
776 3547 833 3610 illo
849 3569 936 3611 anno
951 3549 1166 3634 promovisset

104 3647 195 3728 nibil,
212 3649 377 3735 sequenti,
396 3669 463 3734 quo
484 3647 543 3712 Cn.
561 3646 731 3711 Cornelius
750 3648 785 3712 P.
804 3649 839 3710 F.
857 3649 1013 3711 Lentulus
1029 3647 1166 3713 Marcel-

103 3744 199 3828 linus,
216 3751 253 3813 L.
269 3750 411 3813 Marcius
431 3750 467 3811 L.
490 3750 525 3812 F.
549 3747 717 3835 Philippus
738 3747 961 3836 magistratum
977 3765 1163 3836 gesserunt,

135 3968 576 4031 §txxrv.ctc.inv0n.1v,27.
593 3997 630 4006 -
646 3970 703 4018 Dio.
718 3997 753 4006 -
772 3967 853 4018 strab.
865 3969 908 4017 lib.
919 3971 1006 4026 xvu,
1020 3987 1045 4035 p.
1057 3978 1115 4032 794.
1129 3997 1162 4006 —

104 4047 230 4110 §UH
243 4055 308 4113 Dio,
322 4055 366 4103 lib.
383 4055 470 4104 XXX.
490 4079 527 4089 —-
545 4053 626 4102 strab.
640 4051 685 4100 lib.
698 4053 785 4108 xvn,
799 4069 824 4115 p.
837 4051 895 4114 ⁷9⁶·
911 4079 946 4090 -
960 4051 975 4116 S
990 4054 1104 4100 txxvr.
1123 4057 1162 4100 Fe-

107 4137 214 4197 nestella,
226 4143 292 4187 Auo.
302 4140 379 4189 xxlt
392 4137 460 4202 apud
470 4137 589 4185 Nonium.
