<?xml version="1.0" encoding="UTF-8"?>
<!DOCTYPE html PUBLIC "-//W3C//DTD XHTML 1.0 Transitional//EN"
    "http://www.w3.org/TR/xhtml1/DTD/xhtml1-transitional.dtd">
<html xmlns="http://www.w3.org/1999/xhtml" xml:lang="en" lang="en">
 <head>
  <title>
</title>
<meta http-equiv="Content-Type" content="text/html;charset=utf-8" />
  <meta name='ocr-system' content='tesseract 3.04.00' />
  <meta name='ocr-capabilities' content='ocr_page ocr_carea ocr_par ocr_line ocrx_word'/>
</head>
<body>
  <div class='ocr_page' id='page_1' title='image "bibliothecaclas116lemagoog_0582.png"; bbox 0 0 2875 4900; ppageno 0'>
   <div class='ocr_carea' id='block_1_1' title="bbox 284 388 1172 489">
    <p class='ocr_par' dir='ltr' id='par_1_1' title="bbox 284 388 1172 489">
     <span class='ocr_line' id='line_1_1' title="bbox 284 388 1172 489; baseline -0.014 -24"><span class='ocrx_word' id='word_1_1' title='bbox 284 392 352 489; x_wconf 76' lang='lat'><strong>57²</strong></span> <span class='ocrx_word' id='word_1_2' title='bbox 459 394 529 461; x_wconf 87' lang='lat' dir='ltr'><strong>JO.</strong></span> <span class='ocrx_word' id='word_1_3' title='bbox 556 389 896 465; x_wconf 79' lang='lat' dir='ltr'><strong>FREINSIIEIIII</strong></span> <span class='ocrx_word' id='word_1_4' title='bbox 928 388 1172 459; x_wconf 81' lang='lat' dir='ltr'><strong>SUPPLEM.</strong></span> 
     </span>
    </p>
   </div>
   <div class='ocr_carea' id='block_1_2' title="bbox 210 507 1393 4041">
    <p class='ocr_par' dir='ltr' id='par_1_2' title="bbox 283 507 1345 907">
     <span class='ocr_line' id='line_1_2' title="bbox 284 507 1343 601; baseline -0.008 -22"><span class='ocrx_word' id='word_1_5' title='bbox 284 514 483 594; x_wconf 84' lang='lat' dir='ltr'><strong>Germanos,</strong></span> <span class='ocrx_word' id='word_1_6' title='bbox 499 510 557 601; x_wconf 92' lang='lat' dir='ltr'><strong>qui</strong></span> <span class='ocrx_word' id='word_1_7' title='bbox 570 532 704 578; x_wconf 86' lang='lat' dir='ltr'><strong>omnem</strong></span> <span class='ocrx_word' id='word_1_8' title='bbox 722 509 904 599; x_wconf 82' lang='lat' dir='ltr'><strong>equitattrm</strong></span> <span class='ocrx_word' id='word_1_9' title='bbox 919 530 1038 589; x_wconf 83' lang='lat' dir='ltr'><strong>suum,</strong></span> <span class='ocrx_word' id='word_1_10' title='bbox 1050 522 1165 595; x_wconf 70' lang='lat' dir='ltr'><strong>preter</strong></span> <span class='ocrx_word' id='word_1_11' title='bbox 1180 507 1343 595; x_wconf 79' lang='lat' dir='ltr'><strong>octingen-</strong></span> 
     </span>
     <span class='ocr_line' id='line_1_3' title="bbox 283 608 1343 704; baseline -0.008 -25"><span class='ocrx_word' id='word_1_12' title='bbox 283 632 353 697; x_wconf 85' lang='lat' dir='ltr'><strong>tos,</strong></span> <span class='ocrx_word' id='word_1_13' title='bbox 369 614 591 704; x_wconf 79' lang='lat' dir='ltr'><strong>superioribus</strong></span> <span class='ocrx_word' id='word_1_14' title='bbox 604 612 721 679; x_wconf 85' lang='lat' dir='ltr'><strong>diebus</strong></span> <span class='ocrx_word' id='word_1_15' title='bbox 734 629 824 677; x_wconf 83' lang='lat' dir='ltr'><strong>trans</strong></span> <span class='ocrx_word' id='word_1_16' title='bbox 841 609 969 677; x_wconf 86' lang='lat' dir='ltr'><strong>lllosam</strong></span> <span class='ocrx_word' id='word_1_17' title='bbox 985 608 1166 699; x_wconf 71' lang='lat' dir='ltr'><strong>prelatum</strong></span> <span class='ocrx_word' id='word_1_18' title='bbox 1179 608 1343 687; x_wconf 78' lang='lat' dir='ltr'>miserant,</span> 
     </span>
     <span class='ocr_line' id='line_1_4' title="bbox 283 708 1345 806; baseline -0.006 -25"><span class='ocrx_word' id='word_1_19' title='bbox 283 740 427 806; x_wconf 81' lang='lat' dir='ltr'><strong>pugnam</strong></span> <span class='ocrx_word' id='word_1_20' title='bbox 451 730 636 805; x_wconf 79' lang='lat' dir='ltr'>equestrem</span> <span class='ocrx_word' id='word_1_21' title='bbox 657 714 801 779; x_wconf 67' lang='lat' dir='ltr'><strong>tactum</strong></span> <span class='ocrx_word' id='word_1_22' title='bbox 820 711 923 775; x_wconf 82' lang='lat' dir='ltr'><strong>luisse</strong></span> <span class='ocrx_word' id='word_1_23' title='bbox 939 726 1054 778; x_wconf 82' lang='lat' dir='ltr'><strong>contra</strong></span> <span class='ocrx_word' id='word_1_24' title='bbox 1069 710 1219 797; x_wconf 87' lang='lat' dir='ltr'><strong>quinque</strong></span> <span class='ocrx_word' id='word_1_25' title='bbox 1236 708 1345 787; x_wconf 77' lang='lat' dir='ltr'><strong>millia,</strong></span> 
     </span>
     <span class='ocr_line' id='line_1_5' title="bbox 285 814 895 907; baseline -0.01 -25"><span class='ocrx_word' id='word_1_26' title='bbox 285 820 348 883; x_wconf 89' lang='lat' dir='ltr'><strong>nisi</strong></span> <span class='ocrx_word' id='word_1_27' title='bbox 363 818 466 885; x_wconf 84' lang='lat' dir='ltr'><strong>coacti</strong></span> <span class='ocrx_word' id='word_1_28' title='bbox 480 832 578 907; x_wconf 85' lang='lat' dir='ltr'><strong>atque</strong></span> <span class='ocrx_word' id='word_1_29' title='bbox 592 814 730 881; x_wconf 83' lang='lat' dir='ltr'><strong>lacessiti</strong></span> <span class='ocrx_word' id='word_1_30' title='bbox 746 814 895 877; x_wconf 86' lang='lat' dir='ltr'><strong>fuissent.</strong></span> 
     </span>
    </p>

    <p class='ocr_par' dir='ltr' id='par_1_3' title="bbox 210 908 1348 2520">
     <span class='ocr_line' id='line_1_6' title="bbox 328 908 1346 1002; baseline -0.009 -17"><span class='ocrx_word' id='word_1_31' title='bbox 328 922 397 985; x_wconf 86' lang='lat' dir='ltr'><strong>Lll.</strong></span> <span class='ocrx_word' id='word_1_32' title='bbox 414 921 559 985; x_wconf 83' lang='lat' dir='ltr'><strong>Eventus</strong></span> <span class='ocrx_word' id='word_1_33' title='bbox 573 918 600 981; x_wconf 86' lang='lat' dir='ltr'><strong>is</strong></span> <span class='ocrx_word' id='word_1_34' title='bbox 614 916 694 1000; x_wconf 85' lang='lat' dir='ltr'><strong>fuit,</strong></span> <span class='ocrx_word' id='word_1_35' title='bbox 708 930 748 979; x_wconf 86' lang='lat' dir='ltr'><strong>ut</strong></span> <span class='ocrx_word' id='word_1_36' title='bbox 757 938 777 979; x_wconf 88' lang='lat' dir='ltr'><strong>a</strong></span> <span class='ocrx_word' id='word_1_37' title='bbox 791 929 883 979; x_wconf 89' lang='lat' dir='ltr'><strong>tanto</strong></span> <span class='ocrx_word' id='word_1_38' title='bbox 898 911 1108 1002; x_wconf 81' lang='lat' dir='ltr'>paucioribus</span> <span class='ocrx_word' id='word_1_39' title='bbox 1116 908 1346 980; x_wconf 78' lang='lat' dir='ltr'><strong>Romanifoedt</strong></span> 
     </span>
     <span class='ocr_line' id='line_1_7' title="bbox 285 1013 1345 1109; baseline -0.006 -26"><span class='ocrx_word' id='word_1_40' title='bbox 285 1019 362 1109; x_wconf 83' lang='lat' dir='ltr'><strong>luga</strong></span> <span class='ocrx_word' id='word_1_41' title='bbox 374 1042 479 1107; x_wconf 86' lang='lat' dir='ltr'><strong>usque</strong></span> <span class='ocrx_word' id='word_1_42' title='bbox 489 1017 529 1083; x_wconf 84' lang='lat' dir='ltr'><strong>ad</strong></span> <span class='ocrx_word' id='word_1_43' title='bbox 538 1032 752 1105; x_wconf 86' lang='lat' dir='ltr'><strong>conspectum</strong></span> <span class='ocrx_word' id='word_1_44' title='bbox 764 1031 945 1083; x_wconf 70' lang='lat' dir='ltr'><strong>manorum</strong></span> <span class='ocrx_word' id='word_1_45' title='bbox 957 1034 1094 1078; x_wconf 85' lang='lat' dir='ltr'><strong>suorum</strong></span> <span class='ocrx_word' id='word_1_46' title='bbox 1107 1013 1345 1101; x_wconf 79' lang='lat' dir='ltr'><strong>repellerentur.</strong></span> 
     </span>
     <span class='ocr_line' id='line_1_8' title="bbox 284 1115 1347 1207; baseline -0.008 -22"><span class='ocrx_word' id='word_1_47' title='bbox 284 1119 444 1185; x_wconf 82' lang='lat' dir='ltr'><strong>Postridie</strong></span> <span class='ocrx_word' id='word_1_48' title='bbox 465 1120 703 1183; x_wconf 87' lang='lat' dir='ltr'><strong>Germanorum</strong></span> <span class='ocrx_word' id='word_1_49' title='bbox 725 1116 887 1207; x_wconf 85' lang='lat' dir='ltr'><strong>principes</strong></span> <span class='ocrx_word' id='word_1_50' title='bbox 904 1115 1109 1203; x_wconf 84' lang='lat' dir='ltr'><strong>majoresque</strong></span> <span class='ocrx_word' id='word_1_51' title='bbox 1124 1130 1208 1179; x_wconf 89' lang='lat' dir='ltr'><strong>natu</strong></span> <span class='ocrx_word' id='word_1_52' title='bbox 1222 1136 1347 1193; x_wconf 81' lang='lat' dir='ltr'><strong>omues,</strong></span> 
     </span>
     <span class='ocr_line' id='line_1_9' title="bbox 285 1216 1348 1307; baseline -0.006 -22"><span class='ocrx_word' id='word_1_53' title='bbox 285 1221 333 1285; x_wconf 90' lang='lat' dir='ltr'><strong>uti</strong></span> <span class='ocrx_word' id='word_1_54' title='bbox 350 1234 562 1301; x_wconf 87' lang='lat' dir='ltr'><strong>convenerat,</strong></span> <span class='ocrx_word' id='word_1_55' title='bbox 574 1217 615 1283; x_wconf 90' lang='lat' dir='ltr'><strong>ad</strong></span> <span class='ocrx_word' id='word_1_56' title='bbox 629 1219 788 1285; x_wconf 80' lang='lat' dir='ltr'><strong>Caeearem</strong></span> <span class='ocrx_word' id='word_1_57' title='bbox 800 1239 870 1282; x_wconf 92' lang='lat' dir='ltr'><strong>uno</strong></span> <span class='ocrx_word' id='word_1_58' title='bbox 887 1217 1018 1307; x_wconf 78' lang='lat' dir='ltr'><strong>agmine</strong></span> <span class='ocrx_word' id='word_1_59' title='bbox 1028 1233 1202 1281; x_wconf 73' lang='lat' dir='ltr'><strong>venenmt.</strong></span> <span class='ocrx_word' id='word_1_60' title='bbox 1219 1216 1348 1297; x_wconf 80' lang='lat' dir='ltr'><strong>llle,l1is</strong></span> 
     </span>
     <span class='ocr_line' id='line_1_10' title="bbox 285 1316 1347 1407; baseline -0.005 -22"><span class='ocrx_word' id='word_1_61' title='bbox 285 1319 520 1407; x_wconf 83' lang='lat' dir='ltr'><strong>comprehendi</strong></span> <span class='ocrx_word' id='word_1_62' title='bbox 536 1320 697 1385; x_wconf 77' lang='lat' dir='ltr'><strong>hostiliter</strong></span> <span class='ocrx_word' id='word_1_63' title='bbox 714 1319 830 1401; x_wconf 79' lang='lat' dir='ltr'><strong>jussis,</strong></span> <span class='ocrx_word' id='word_1_64' title='bbox 852 1318 962 1388; x_wconf 79' lang='lat' dir='ltr'><strong>ttau‘m</strong></span> <span class='ocrx_word' id='word_1_65' title='bbox 978 1316 1090 1381; x_wconf 79' lang='lat' dir='ltr'><strong>educit</strong></span> <span class='ocrx_word' id='word_1_66' title='bbox 1104 1340 1205 1398; x_wconf 85' lang='lat' dir='ltr'><strong>suos,</strong></span> <span class='ocrx_word' id='word_1_67' title='bbox 1221 1317 1347 1382; x_wconf 81' lang='lat' dir='ltr'><strong>Germa·</strong></span> 
     </span>
     <span class='ocr_line' id='line_1_11' title="bbox 286 1418 1348 1511; baseline -0.005 -27"><span class='ocrx_word' id='word_1_68' title='bbox 286 1442 430 1508; x_wconf 83' lang='lat' dir='ltr'><strong>nosque,</strong></span> <span class='ocrx_word' id='word_1_69' title='bbox 449 1420 531 1485; x_wconf 92' lang='lat' dir='ltr'><strong>nihil</strong></span> <span class='ocrx_word' id='word_1_70' title='bbox 548 1420 611 1485; x_wconf 87' lang='lat' dir='ltr'><strong>tale</strong></span> <span class='ocrx_word' id='word_1_71' title='bbox 632 1421 831 1511; x_wconf 73' lang='lat' dir='ltr'><strong>cogitantes,</strong></span> <span class='ocrx_word' id='word_1_72' title='bbox 847 1419 1045 1508; x_wconf 78' lang='lat' dir='ltr'><strong>improvisus</strong></span> <span class='ocrx_word' id='word_1_73' title='bbox 1062 1442 1237 1508; x_wconf 78' lang='lat' dir='ltr'><strong>aggressor</strong></span> <span class='ocrx_word' id='word_1_74' title='bbox 1251 1418 1292 1483; x_wconf 89' lang='lat' dir='ltr'><strong>ad</strong></span> <span class='ocrx_word' id='word_1_75' title='bbox 1305 1418 1348 1479; x_wconf 91' lang='lat' dir='ltr'><strong>in·</strong></span> 
     </span>
     <span class='ocr_line' id='line_1_12' title="bbox 286 1520 1347 1609; baseline -0.005 -22"><span class='ocrx_word' id='word_1_76' title='bbox 286 1522 507 1587; x_wconf 82' lang='lat' dir='ltr'><strong>tcrnecionem</strong></span> <span class='ocrx_word' id='word_1_77' title='bbox 520 1521 624 1589; x_wconf 85' lang='lat' dir='ltr'><strong>caedit.</strong></span> <span class='ocrx_word' id='word_1_78' title='bbox 646 1522 798 1605; x_wconf 87' lang='lat' dir='ltr'><strong>Quantus</strong></span> <span class='ocrx_word' id='word_1_79' title='bbox 813 1538 1015 1593; x_wconf 82' lang='lat' dir='ltr'><strong>armatorum</strong></span> <span class='ocrx_word' id='word_1_80' title='bbox 1029 1544 1191 1585; x_wconf 86' lang='lat' dir='ltr'><strong>numerus</strong></span> <span class='ocrx_word' id='word_1_81' title='bbox 1209 1520 1347 1609; x_wconf 87' lang='lat' dir='ltr'><strong>perierit,</strong></span> 
     </span>
     <span class='ocr_line' id='line_1_13' title="bbox 286 1621 1346 1713; baseline -0.001 -25"><span class='ocrx_word' id='word_1_82' title='bbox 286 1645 354 1688; x_wconf 88' lang='lat' dir='ltr'><strong>nou</strong></span> <span class='ocrx_word' id='word_1_83' title='bbox 373 1621 509 1687; x_wconf 80' lang='lat' dir='ltr'><strong>traditur</strong></span> <span class='ocrx_word' id='word_1_84' title='bbox 526 1646 534 1687; x_wconf 90' lang='lat'>:</span> <span class='ocrx_word' id='word_1_85' title='bbox 549 1626 690 1712; x_wconf 84' lang='lat' dir='ltr'><strong>capitum</strong></span> <span class='ocrx_word' id='word_1_86' title='bbox 706 1622 942 1713; x_wconf 71' lang='lat' dir='ltr'><strong>quadringenta</strong></span> <span class='ocrx_word' id='word_1_87' title='bbox 962 1625 1097 1711; x_wconf 78' lang='lat' dir='ltr'><strong>trr‘gt&#39;nm</strong></span> <span class='ocrx_word' id='word_1_88' title='bbox 1116 1622 1225 1687; x_wconf 57' lang='lat' dir='ltr'><strong>nette</strong></span> <span class='ocrx_word' id='word_1_89' title='bbox 1232 1622 1346 1712; x_wconf 76' lang='lat' dir='ltr'><strong>fiu&#39;sse,</strong></span> 
     </span>
     <span class='ocr_line' id='line_1_14' title="bbox 286 1724 1347 1813; baseline -0.002 -26"><span class='ocrx_word' id='word_1_90' title='bbox 286 1724 391 1787; x_wconf 75' lang='lat' dir='ltr'><strong>Cesar</strong></span> <span class='ocrx_word' id='word_1_91' title='bbox 406 1724 550 1811; x_wconf 84' lang='lat' dir='ltr'><strong>scripsit,</strong></span> <span class='ocrx_word' id='word_1_92' title='bbox 569 1724 782 1793; x_wconf 88' lang='lat' dir='ltr'><strong>multitudine</strong></span> <span class='ocrx_word' id='word_1_93' title='bbox 801 1746 983 1813; x_wconf 88' lang='lat' dir='ltr'><strong>puerorum</strong></span> <span class='ocrx_word' id='word_1_94' title='bbox 1002 1725 1249 1813; x_wconf 81' lang='lat' dir='ltr'><strong>mulierumque</strong></span> <span class='ocrx_word' id='word_1_95' title='bbox 1268 1745 1347 1787; x_wconf 85' lang='lat' dir='ltr'><strong>oom-</strong></span> 
     </span>
     <span class='ocr_line' id='line_1_15' title="bbox 286 1824 1346 1915; baseline -0.004 -26"><span class='ocrx_word' id='word_1_96' title='bbox 286 1840 407 1912; x_wconf 86' lang='lat' dir='ltr'><strong>putata.</strong></span> <span class='ocrx_word' id='word_1_97' title='bbox 419 1826 524 1889; x_wconf 82' lang='lat' dir='ltr'><strong>Caesar</strong></span> <span class='ocrx_word' id='word_1_98' title='bbox 532 1848 692 1913; x_wconf 87' lang='lat' dir='ltr'><strong>perquam</strong></span> <span class='ocrx_word' id='word_1_99' title='bbox 703 1824 810 1915; x_wconf 77' lang='lat' dir='ltr'><strong>fragili</strong></span> <span class='ocrx_word' id='word_1_100' title='bbox 821 1825 1011 1902; x_wconf 84' lang='lat' dir='ltr'><strong>defensione</strong></span> <span class='ocrx_word' id='word_1_101' title='bbox 1025 1827 1148 1889; x_wconf 69' lang='lat' dir='ltr'><strong>fiactttm</strong></span> <span class='ocrx_word' id='word_1_102' title='bbox 1159 1825 1227 1891; x_wconf 92' lang='lat' dir='ltr'><strong>hoc</strong></span> <span class='ocrx_word' id='word_1_103' title='bbox 1238 1839 1346 1890; x_wconf 80' lang='lat' dir='ltr'><strong>mettu.</strong></span> 
     </span>
     <span class='ocr_line' id='line_1_16' title="bbox 290 1925 1347 2015; baseline -0.005 -24"><span class='ocrx_word' id='word_1_104' title='bbox 290 1926 520 2003; x_wconf 76' lang='lat' dir='ltr'><strong>Gennauarum</strong></span> <span class='ocrx_word' id='word_1_105' title='bbox 531 1928 687 2015; x_wconf 71' lang='lat' dir='ltr'><strong>pniteq&#39;aes</strong></span> <span class='ocrx_word' id='word_1_106' title='bbox 697 1950 761 2015; x_wconf 85' lang='lat' dir='ltr'><strong>per</strong></span> <span class='ocrx_word' id='word_1_107' title='bbox 780 1925 1009 1993; x_wconf 73' lang='lat' dir='ltr'><strong>simulationem</strong></span> <span class='ocrx_word' id='word_1_108' title='bbox 1028 1926 1153 1989; x_wconf 78' lang='lat' dir='ltr'><strong>adsue</strong></span> <span class='ocrx_word' id='word_1_109' title='bbox 1172 1939 1281 1989; x_wconf 71' lang='lat' dir='ltr'><strong>caetra</strong></span> <span class='ocrx_word' id='word_1_110' title='bbox 1299 1945 1347 1985; x_wconf 80' lang='lat' dir='ltr'><strong>ve·</strong></span> 
     </span>
     <span class='ocr_line' id='line_1_17' title="bbox 287 2026 1347 2116; baseline -0.001 -25"><span class='ocrx_word' id='word_1_111' title='bbox 287 2028 366 2091; x_wconf 73' lang='lat' dir='ltr'><strong>urire</strong></span> <span class='ocrx_word' id='word_1_112' title='bbox 374 2074 386 2107; x_wconf 93' lang='lat'><strong>,</strong></span> <span class='ocrx_word' id='word_1_113' title='bbox 405 2026 487 2091; x_wconf 85' lang='lat' dir='ltr'><strong>nilu&#39;l</strong></span> <span class='ocrx_word' id='word_1_114' title='bbox 498 2026 593 2091; x_wconf 81' lang='lat' dir='ltr'><strong>aliud</strong></span> <span class='ocrx_word' id='word_1_115' title='bbox 607 2041 749 2107; x_wconf 81' lang='lat' dir='ltr'><strong>acturos,</strong></span> <span class='ocrx_word' id='word_1_116' title='bbox 766 2050 863 2116; x_wconf 87' lang='lat' dir='ltr'><strong>quam</strong></span> <span class='ocrx_word' id='word_1_117' title='bbox 882 2038 920 2091; x_wconf 85' lang='lat' dir='ltr'><strong>ut</strong></span> <span class='ocrx_word' id='word_1_118' title='bbox 935 2044 1056 2115; x_wconf 84' lang='lat' dir='ltr'><strong>tempus</strong></span> <span class='ocrx_word' id='word_1_119' title='bbox 1071 2027 1264 2106; x_wconf 70' lang='lat' dir='ltr'><strong>aduiteram,</strong></span> <span class='ocrx_word' id='word_1_120' title='bbox 1274 2028 1347 2089; x_wconf 73' lang='lat' dir='ltr'><strong>iura</strong></span> 
     </span>
     <span class='ocr_line' id='line_1_18' title="bbox 288 2127 1346 2217; baseline 0 -24"><span class='ocrx_word' id='word_1_121' title='bbox 288 2127 377 2216; x_wconf 89' lang='lat' dir='ltr'><strong>quad</strong></span> <span class='ocrx_word' id='word_1_122' title='bbox 383 2131 539 2216; x_wconf 82' lang='lat' dir='ltr'><strong>equitatus</strong></span> <span class='ocrx_word' id='word_1_123' title='bbox 548 2130 871 2215; x_wconf 78' lang='lat' dir='ltr'><strong>suusrevertiposset:</strong></span> <span class='ocrx_word' id='word_1_124' title='bbox 882 2151 914 2192; x_wconf 80' lang='lat' dir='ltr'><strong>se</strong></span> <span class='ocrx_word' id='word_1_125' title='bbox 923 2151 1023 2216; x_wconf 81' lang='lat' dir='ltr'><strong>neque</strong></span> <span class='ocrx_word' id='word_1_126' title='bbox 1031 2127 1346 2217; x_wconf 56' lang='lat' dir='ltr'><strong>amandosputntsu</strong></span> 
     </span>
     <span class='ocr_line' id='line_1_19' title="bbox 210 2228 1348 2319; baseline -0.001 -26"><span class='ocrx_word' id='word_1_127' title='bbox 210 2274 213 2281; x_wconf 84' lang='lat'>·</span> <span class='ocrx_word' id='word_1_128' title='bbox 287 2230 359 2317; x_wconf 86' lang='lat' dir='ltr'><strong>qui,</strong></span> <span class='ocrx_word' id='word_1_129' title='bbox 369 2252 431 2318; x_wconf 84' lang='lat' dir='ltr'><strong>per</strong></span> <span class='ocrx_word' id='word_1_130' title='bbox 442 2228 553 2295; x_wconf 83' lang='lat' dir='ltr'><strong>dolum</strong></span> <span class='ocrx_word' id='word_1_131' title='bbox 565 2232 668 2319; x_wconf 84' lang='lat' dir='ltr'><strong>petita</strong></span> <span class='ocrx_word' id='word_1_132' title='bbox 678 2253 775 2319; x_wconf 80' lang='lat' dir='ltr'><strong>pace,</strong></span> <span class='ocrx_word' id='word_1_133' title='bbox 790 2228 907 2300; x_wconf 74' lang='lat' dir='ltr'><strong>bellium</strong></span> <span class='ocrx_word' id='word_1_134' title='bbox 921 2228 1008 2297; x_wconf 82' lang='lat' dir='ltr'><strong>ultro</strong></span> <span class='ocrx_word' id='word_1_135' title='bbox 1022 2228 1222 2309; x_wconf 62' lang='lat' dir='ltr'><strong>intulissem</strong></span> <span class='ocrx_word' id='word_1_136' title='bbox 1233 2245 1264 2293; x_wconf 85' lang='lat' dir='ltr'><strong>et</strong></span> <span class='ocrx_word' id='word_1_137' title='bbox 1278 2250 1348 2292; x_wconf 81' lang='lat' dir='ltr'><strong>stur·</strong></span> 
     </span>
     <span class='ocr_line' id='line_1_20' title="bbox 288 2330 1348 2421; baseline 0.001 -28"><span class='ocrx_word' id='word_1_138' title='bbox 288 2351 350 2394; x_wconf 83' lang='lat' dir='ltr'><strong>moe</strong></span> <span class='ocrx_word' id='word_1_139' title='bbox 364 2330 527 2396; x_wconf 77' lang='lat' dir='ltr'><strong>dementia</strong></span> <span class='ocrx_word' id='word_1_140' title='bbox 532 2330 696 2421; x_wconf 79' lang='lat' dir='ltr'><strong>judicasse</strong></span> <span class='ocrx_word' id='word_1_141' title='bbox 704 2378 715 2411; x_wconf 86' lang='lat'><em>‚</em></span> <span class='ocrx_word' id='word_1_142' title='bbox 731 2346 913 2421; x_wconf 66' lang='lat' dir='ltr'><strong>exspectare</strong></span> <span class='ocrx_word' id='word_1_143' title='bbox 919 2378 931 2413; x_wconf 88' lang='lat'><strong>,</strong></span> <span class='ocrx_word' id='word_1_144' title='bbox 947 2330 1047 2397; x_wconf 83' lang='lat' dir='ltr'><strong>donec</strong></span> <span class='ocrx_word' id='word_1_145' title='bbox 1057 2332 1198 2401; x_wconf 68' lang='lat' dir='ltr'><strong>tostum</strong></span> <span class='ocrx_word' id='word_1_146' title='bbox 1208 2350 1348 2419; x_wconf 62' lang='lat' dir='ltr'><strong>augerer</strong></span> 
     </span>
     <span class='ocr_line' id='line_1_21' title="bbox 289 2435 466 2520; baseline 0.006 -24"><span class='ocrx_word' id='word_1_147' title='bbox 289 2441 344 2496; x_wconf 86' lang='lat' dir='ltr'><strong>tur</strong></span> <span class='ocrx_word' id='word_1_148' title='bbox 357 2435 466 2520; x_wconf 74' lang='lat' dir='ltr'><strong>captia.</strong></span> 
     </span>
    </p>

    <p class='ocr_par' dir='ltr' id='par_1_4' title="bbox 288 2531 1351 3736">
     <span class='ocr_line' id='line_1_22' title="bbox 332 2531 1347 2626; baseline 0.001 -29"><span class='ocrx_word' id='word_1_149' title='bbox 332 2534 420 2599; x_wconf 86' lang='lat' dir='ltr'><strong>LIII.</strong></span> <span class='ocrx_word' id='word_1_150' title='bbox 433 2535 517 2598; x_wconf 87' lang='lat' dir='ltr'><strong>Sane</strong></span> <span class='ocrx_word' id='word_1_151' title='bbox 531 2557 660 2600; x_wconf 87' lang='lat' dir='ltr'><strong>causam</strong></span> <span class='ocrx_word' id='word_1_152' title='bbox 677 2559 768 2602; x_wconf 87' lang='lat' dir='ltr'><strong>suam</strong></span> <span class='ocrx_word' id='word_1_153' title='bbox 787 2560 830 2602; x_wconf 89' lang='lat' dir='ltr'><strong>ne</strong></span> <span class='ocrx_word' id='word_1_154' title='bbox 842 2539 1068 2603; x_wconf 83' lang='lat' dir='ltr'><strong>Romanorum</strong></span> <span class='ocrx_word' id='word_1_155' title='bbox 1081 2535 1221 2626; x_wconf 87' lang='lat' dir='ltr'><strong>quidem</strong></span> <span class='ocrx_word' id='word_1_156' title='bbox 1230 2531 1347 2624; x_wconf 64' lang='lat' dir='ltr'><strong>optium</strong></span> 
     </span>
     <span class='ocr_line' id='line_1_23' title="bbox 288 2635 1348 2732; baseline 0 -34"><span class='ocrx_word' id='word_1_157' title='bbox 288 2635 455 2732; x_wconf 63' lang='lat' dir='ltr'><strong>probavit,</strong></span> <span class='ocrx_word' id='word_1_158' title='bbox 474 2635 621 2724; x_wconf 83' lang='lat' dir='ltr'><strong>adeoque</strong></span> <span class='ocrx_word' id='word_1_159' title='bbox 637 2639 799 2704; x_wconf 83' lang='lat' dir='ltr'><strong>Tanmius</strong></span> <span class='ocrx_word' id='word_1_160' title='bbox 814 2639 975 2705; x_wconf 84' lang='lat' dir='ltr'><strong>Geminus</strong></span> <span class='ocrx_word' id='word_1_161' title='bbox 993 2637 1208 2704; x_wconf 86' lang='lat' dir='ltr'><strong>historiarum</strong></span> <span class='ocrx_word' id='word_1_162' title='bbox 1220 2637 1348 2723; x_wconf 82' lang='lat' dir='ltr'><strong>scriptor</strong></span> 
     </span>
     <span class='ocr_line' id='line_1_24' title="bbox 290 2734 1348 2829; baseline -0.001 -29"><span class='ocrx_word' id='word_1_163' title='bbox 290 2758 309 2800; x_wconf 89' lang='lat' dir='ltr'><strong>a</strong></span> <span class='ocrx_word' id='word_1_164' title='bbox 324 2737 370 2804; x_wconf 85' lang='lat' dir='ltr'><strong>M.</strong></span> <span class='ocrx_word' id='word_1_165' title='bbox 378 2739 500 2808; x_wconf 85' lang='lat' dir='ltr'><strong>Catone</strong></span> <span class='ocrx_word' id='word_1_166' title='bbox 510 2737 629 2802; x_wconf 88' lang='lat' dir='ltr'><strong>dictam</strong></span> <span class='ocrx_word' id='word_1_167' title='bbox 639 2739 739 2804; x_wconf 89' lang='lat' dir='ltr'><strong>tradit</strong></span> <span class='ocrx_word' id='word_1_168' title='bbox 750 2741 961 2824; x_wconf 85' lang='lat' dir='ltr'><strong>sententiam,</strong></span> <span class='ocrx_word' id='word_1_169' title='bbox 974 2763 1042 2829; x_wconf 90' lang='lat' dir='ltr'><strong>quo</strong></span> <span class='ocrx_word' id='word_1_170' title='bbox 1053 2734 1348 2828; x_wconf 78' lang='lat' dir='ltr'><strong>temporeenliteris</strong></span> 
     </span>
     <span class='ocr_line' id='line_1_25' title="bbox 289 2835 1347 2928; baseline 0.001 -24"><span class='ocrx_word' id='word_1_171' title='bbox 289 2838 420 2906; x_wconf 82' lang='lat' dir='ltr'><strong>Caesarie</strong></span> <span class='ocrx_word' id='word_1_172' title='bbox 437 2839 687 2928; x_wconf 88' lang='lat' dir='ltr'><strong>supplicationes</strong></span> <span class='ocrx_word' id='word_1_173' title='bbox 703 2839 982 2922; x_wconf 88' lang='lat' dir='ltr'><strong>decernebantur,</strong></span> <span class='ocrx_word' id='word_1_174' title='bbox 1000 2839 1180 2906; x_wconf 72' lang='lat' dir='ltr'><strong>dedendam</strong></span> <span class='ocrx_word' id='word_1_175' title='bbox 1196 2839 1289 2905; x_wconf 83' lang='lat' dir='ltr'><strong>illum</strong></span> <span class='ocrx_word' id='word_1_176' title='bbox 1299 2835 1347 2898; x_wconf 76' lang='lat' dir='ltr'><strong>lto·</strong></span> 
     </span>
     <span class='ocr_line' id='line_1_26' title="bbox 289 2934 1348 3031; baseline -0.003 -27"><span class='ocrx_word' id='word_1_177' title='bbox 289 2941 471 3020; x_wconf 72' lang='lat' dir='ltr'><strong>sulutem,</strong></span> <span class='ocrx_word' id='word_1_178' title='bbox 486 2941 525 3006; x_wconf 84' lang='lat' dir='ltr'><strong>ab</strong></span> <span class='ocrx_word' id='word_1_179' title='bbox 540 2939 706 3028; x_wconf 72' lang='lat' dir='ltr'><strong>legationis</strong></span> <span class='ocrx_word' id='word_1_180' title='bbox 721 2941 857 3006; x_wconf 64' lang='lat' dir='ltr'><strong>violatae</strong></span> <span class='ocrx_word' id='word_1_181' title='bbox 871 2941 973 3031; x_wconf 87' lang='lat' dir='ltr'><strong>nefas.</strong></span> <span class='ocrx_word' id='word_1_182' title='bbox 986 2941 1163 3008; x_wconf 84' lang='lat' dir='ltr'><strong>Suetonius</strong></span> <span class='ocrx_word' id='word_1_183' title='bbox 1177 2939 1287 3019; x_wconf 88' lang='lat' dir='ltr'><strong>addit,</strong></span> <span class='ocrx_word' id='word_1_184' title='bbox 1301 2934 1348 3000; x_wconf 84' lang='lat' dir='ltr'><strong>nli·</strong></span> 
     </span>
     <span class='ocr_line' id='line_1_27' title="bbox 291 3040 1348 3130; baseline -0.009 -20"><span class='ocrx_word' id='word_1_185' title='bbox 291 3041 423 3130; x_wconf 79' lang='lat' dir='ltr'><strong>quando</strong></span> <span class='ocrx_word' id='word_1_186' title='bbox 442 3065 462 3106; x_wconf 88' lang='lat' dir='ltr'><strong>a</strong></span> <span class='ocrx_word' id='word_1_187' title='bbox 479 3058 594 3118; x_wconf 83' lang='lat' dir='ltr'><strong>senatu</strong></span> <span class='ocrx_word' id='word_1_188' title='bbox 604 3042 779 3130; x_wconf 43' lang='lat' dir='ltr'><strong>,deeremm</strong></span> <span class='ocrx_word' id='word_1_189' title='bbox 794 3043 911 3124; x_wconf 80' lang='lat' dir='ltr'><strong>luisse,</strong></span> <span class='ocrx_word' id='word_1_190' title='bbox 927 3057 965 3108; x_wconf 90' lang='lat' dir='ltr'><strong>ut</strong></span> <span class='ocrx_word' id='word_1_191' title='bbox 979 3043 1027 3106; x_wconf 83' lang='lat' dir='ltr'><strong>ad</strong></span> <span class='ocrx_word' id='word_1_192' title='bbox 1038 3040 1277 3130; x_wconf 71' lang='lat' dir='ltr'><strong>explorandum</strong></span> <span class='ocrx_word' id='word_1_193' title='bbox 1293 3052 1348 3101; x_wconf 85' lang='lat' dir='ltr'><strong>sta·</strong></span> 
     </span>
     <span class='ocr_line' id='line_1_28' title="bbox 291 3134 1349 3232; baseline -0.01 -20"><span class='ocrx_word' id='word_1_194' title='bbox 291 3159 359 3212; x_wconf 87' lang='lat' dir='ltr'><strong>tum</strong></span> <span class='ocrx_word' id='word_1_195' title='bbox 385 3142 566 3210; x_wconf 82' lang='lat' dir='ltr'><strong>Galliarum</strong></span> <span class='ocrx_word' id='word_1_196' title='bbox 588 3142 691 3231; x_wconf 79' lang='lat' dir='ltr'><strong>legati</strong></span> <span class='ocrx_word' id='word_1_197' title='bbox 710 3147 925 3223; x_wconf 56' lang='lat' dir='ltr'><strong>maumam</strong></span> <span class='ocrx_word' id='word_1_198' title='bbox 949 3143 1038 3232; x_wconf 82' lang='lat' dir='ltr'><strong>quad</strong></span> <span class='ocrx_word' id='word_1_199' title='bbox 1056 3138 1187 3232; x_wconf 67' lang='lat' dir='ltr'><strong>assertas</strong></span> <span class='ocrx_word' id='word_1_200' title='bbox 1213 3134 1349 3225; x_wconf 75' lang='lat' dir='ltr'><strong>ecferas</strong></span> 
     </span>
     <span class='ocr_line' id='line_1_29' title="bbox 289 3239 1349 3334; baseline -0.002 -28"><span class='ocrx_word' id='word_1_201' title='bbox 289 3258 398 3330; x_wconf 78' lang='lat' dir='ltr'><strong>gentes</strong></span> <span class='ocrx_word' id='word_1_202' title='bbox 406 3266 429 3306; x_wconf 90' lang='lat' dir='ltr'><strong>a</strong></span> <span class='ocrx_word' id='word_1_203' title='bbox 442 3243 566 3308; x_wconf 81' lang='lat' dir='ltr'><strong>Caetare</strong></span> <span class='ocrx_word' id='word_1_204' title='bbox 580 3243 704 3325; x_wconf 79' lang='lat' dir='ltr'><strong>lacessi,</strong></span> <span class='ocrx_word' id='word_1_205' title='bbox 715 3268 833 3334; x_wconf 86' lang='lat' dir='ltr'><strong>parum</strong></span> <span class='ocrx_word' id='word_1_206' title='bbox 840 3270 857 3310; x_wconf 83' lang='lat' dir='ltr'><strong>e</strong></span> <span class='ocrx_word' id='word_1_207' title='bbox 865 3245 1026 3333; x_wconf 78' lang='lat' dir='ltr'><strong>republica</strong></span> <span class='ocrx_word' id='word_1_208' title='bbox 1035 3244 1213 3310; x_wconf 75' lang='lat' dir='ltr'><strong>videretur.</strong></span> <span class='ocrx_word' id='word_1_209' title='bbox 1228 3239 1349 3306; x_wconf 82' lang='lat' dir='ltr'><strong>interitu</strong></span> 
     </span>
     <span class='ocr_line' id='line_1_30' title="bbox 293 3339 1350 3434; baseline -0.006 -26"><span class='ocrx_word' id='word_1_210' title='bbox 293 3343 418 3430; x_wconf 81' lang='lat' dir='ltr'><strong>equites</strong></span> <span class='ocrx_word' id='word_1_211' title='bbox 436 3343 697 3412; x_wconf 86' lang='lat' dir='ltr'><strong>Tenchterorum</strong></span> <span class='ocrx_word' id='word_1_212' title='bbox 716 3361 750 3412; x_wconf 87' lang='lat' dir='ltr'><strong>et</strong></span> <span class='ocrx_word' id='word_1_213' title='bbox 764 3345 958 3434; x_wconf 79' lang='lat' dir='ltr'><strong>Usipetum,</strong></span> <span class='ocrx_word' id='word_1_214' title='bbox 973 3345 1084 3414; x_wconf 86' lang='lat' dir='ltr'><strong>audita</strong></span> <span class='ocrx_word' id='word_1_215' title='bbox 1099 3367 1238 3410; x_wconf 88' lang='lat' dir='ltr'><strong>suorum</strong></span> <span class='ocrx_word' id='word_1_216' title='bbox 1257 3339 1350 3415; x_wconf 77' lang='lat' dir='ltr'><strong>clade,</strong></span> 
     </span>
     <span class='ocr_line' id='line_1_31' title="bbox 294 3443 1351 3534; baseline 0.009 -29"><span class='ocrx_word' id='word_1_217' title='bbox 294 3463 352 3530; x_wconf 87' lang='lat' dir='ltr'><strong>per</strong></span> <span class='ocrx_word' id='word_1_218' title='bbox 366 3443 442 3508; x_wconf 81' lang='lat' dir='ltr'><strong>alias</strong></span> <span class='ocrx_word' id='word_1_219' title='bbox 452 3445 519 3512; x_wconf 82' lang='lat' dir='ltr'><strong>vias</strong></span> <span class='ocrx_word' id='word_1_220' title='bbox 532 3446 574 3511; x_wconf 85' lang='lat' dir='ltr'><strong>ad</strong></span> <span class='ocrx_word' id='word_1_221' title='bbox 587 3446 741 3511; x_wconf 87' lang='lat' dir='ltr'><strong>Rhenum</strong></span> <span class='ocrx_word' id='word_1_222' title='bbox 752 3463 932 3527; x_wconf 86' lang='lat' dir='ltr'><strong>venerunt,</strong></span> <span class='ocrx_word' id='word_1_223' title='bbox 946 3469 1053 3534; x_wconf 90' lang='lat' dir='ltr'><strong>eoque</strong></span> <span class='ocrx_word' id='word_1_224' title='bbox 1065 3445 1273 3526; x_wconf 76' lang='lat' dir='ltr'><strong>transmisso,</strong></span> <span class='ocrx_word' id='word_1_225' title='bbox 1284 3453 1351 3505; x_wconf 67' lang='lat' dir='ltr'><strong>sunl</strong></span> 
     </span>
     <span class='ocr_line' id='line_1_32' title="bbox 292 3542 1350 3638; baseline 0 -34"><span class='ocrx_word' id='word_1_226' title='bbox 292 3564 311 3605; x_wconf 89' lang='lat' dir='ltr'><strong>a</strong></span> <span class='ocrx_word' id='word_1_227' title='bbox 324 3542 497 3631; x_wconf 81' lang='lat' dir='ltr'><strong>Sigambris</strong></span> <span class='ocrx_word' id='word_1_228' title='bbox 514 3547 656 3635; x_wconf 85' lang='lat' dir='ltr'><strong>recepti:</strong></span> <span class='ocrx_word' id='word_1_229' title='bbox 674 3545 790 3614; x_wconf 88' lang='lat' dir='ltr'><strong>eodem</strong></span> <span class='ocrx_word' id='word_1_230' title='bbox 804 3549 899 3638; x_wconf 88' lang='lat' dir='ltr'><strong>pauci</strong></span> <span class='ocrx_word' id='word_1_231' title='bbox 915 3571 1050 3629; x_wconf 88' lang='lat' dir='ltr'><strong>eorum,</strong></span> <span class='ocrx_word' id='word_1_232' title='bbox 1067 3548 1124 3636; x_wconf 91' lang='lat' dir='ltr'><strong>qui</strong></span> <span class='ocrx_word' id='word_1_233' title='bbox 1135 3547 1248 3634; x_wconf 80' lang='lat' dir='ltr'><strong>praelio</strong></span> <span class='ocrx_word' id='word_1_234' title='bbox 1261 3546 1350 3608; x_wconf 87' lang='lat' dir='ltr'><strong>inter·</strong></span> 
     </span>
     <span class='ocr_line' id='line_1_33' title="bbox 292 3644 829 3736; baseline 0.013 -30"><span class='ocrx_word' id='word_1_235' title='bbox 292 3644 437 3725; x_wconf 80' lang='lat' dir='ltr'><strong>fuerant,</strong></span> <span class='ocrx_word' id='word_1_236' title='bbox 456 3667 496 3710; x_wconf 83' lang='lat' dir='ltr'><strong>ex</strong></span> <span class='ocrx_word' id='word_1_237' title='bbox 513 3645 588 3736; x_wconf 85' lang='lat' dir='ltr'><strong>iuga</strong></span> <span class='ocrx_word' id='word_1_238' title='bbox 604 3664 829 3736; x_wconf 85' lang='lat' dir='ltr'><strong>penetrarunt.</strong></span> 
     </span>
    </p>

    <p class='ocr_par' dir='ltr' id='par_1_5' title="bbox 292 3741 1393 4041">
     <span class='ocr_line' id='line_1_34' title="bbox 336 3741 1351 3840; baseline 0.008 -33"><span class='ocrx_word' id='word_1_239' title='bbox 336 3745 417 3810; x_wconf 89' lang='lat' dir='ltr'><strong>LIV.</strong></span> <span class='ocrx_word' id='word_1_240' title='bbox 432 3747 496 3810; x_wconf 90' lang='lat' dir='ltr'><strong>Eos</strong></span> <span class='ocrx_word' id='word_1_241' title='bbox 511 3770 615 3834; x_wconf 87' lang='lat' dir='ltr'><strong>quum</strong></span> <span class='ocrx_word' id='word_1_242' title='bbox 633 3751 739 3814; x_wconf 79' lang='lat' dir='ltr'><strong>Caesar</strong></span> <span class='ocrx_word' id='word_1_243' title='bbox 753 3749 830 3815; x_wconf 90' lang='lat' dir='ltr'><strong>dedi</strong></span> <span class='ocrx_word' id='word_1_244' title='bbox 844 3752 1041 3839; x_wconf 86' lang='lat' dir='ltr'><strong>postularet,</strong></span> <span class='ocrx_word' id='word_1_245' title='bbox 1057 3750 1236 3840; x_wconf 79' lang='lat' dir='ltr'><strong>Sigamhrn‘,</strong></span> <span class='ocrx_word' id='word_1_246' title='bbox 1250 3741 1351 3836; x_wconf 73' lang='lat' dir='ltr'><strong>populi</strong></span> 
     </span>
     <span class='ocr_line' id='line_1_35' title="bbox 292 3843 1393 3940; baseline 0.006 -30"><span class='ocrx_word' id='word_1_247' title='bbox 292 3851 419 3912; x_wconf 84' lang='lat' dir='ltr'><strong>romani</strong></span> <span class='ocrx_word' id='word_1_248' title='bbox 438 3851 600 3938; x_wconf 72' lang='lat' dir='ltr'><strong>inparium</strong></span> <span class='ocrx_word' id='word_1_249' title='bbox 615 3848 843 3934; x_wconf 79' lang='lat' dir='ltr'><strong>lllreuafiuiri,</strong></span> <span class='ocrx_word' id='word_1_250' title='bbox 861 3850 1103 3940; x_wconf 85' lang='lat' dir='ltr'><strong>responderunt</strong></span> <span class='ocrx_word' id='word_1_251' title='bbox 1120 3874 1128 3916; x_wconf 91' lang='lat'>:</span> <span class='ocrx_word' id='word_1_252' title='bbox 1143 3854 1173 3914; x_wconf 83' lang='lat' dir='ltr'><strong>si</strong></span> <span class='ocrx_word' id='word_1_253' title='bbox 1186 3853 1251 3939; x_wconf 65' lang='lat' dir='ltr'><strong>{ose</strong></span> <span class='ocrx_word' id='word_1_254' title='bbox 1264 3843 1350 3912; x_wconf 66' lang='lat' dir='ltr'><strong>ualle!</strong></span> <span class='ocrx_word' id='word_1_255' title='bbox 1392 3892 1393 3917; x_wconf 69' lang='lat' dir='ltr'><strong>t</strong></span> 
     </span>
     <span class='ocr_line' id='line_1_36' title="bbox 292 3948 1349 4041; baseline 0.005 -30"><span class='ocrx_word' id='word_1_256' title='bbox 292 3950 326 4012; x_wconf 84' lang='lat' dir='ltr'><strong>iu</strong></span> <span class='ocrx_word' id='word_1_257' title='bbox 345 3948 487 4014; x_wconf 86' lang='lat' dir='ltr'><strong>Galliam</strong></span> <span class='ocrx_word' id='word_1_258' title='bbox 499 3953 608 4016; x_wconf 70' lang='lat' dir='ltr'><strong>venue</strong></span> <span class='ocrx_word' id='word_1_259' title='bbox 621 3951 794 4018; x_wconf 81' lang='lat' dir='ltr'><strong>Germanos</strong></span> <span class='ocrx_word' id='word_1_260' title='bbox 801 4002 813 4034; x_wconf 91' lang='lat'><strong>,</strong></span> <span class='ocrx_word' id='word_1_261' title='bbox 827 3957 965 4018; x_wconf 71' lang='lat' dir='ltr'><strong>victist&#39;m</strong></span> <span class='ocrx_word' id='word_1_262' title='bbox 980 3967 1012 4016; x_wconf 87' lang='lat' dir='ltr'><strong>et</strong></span> <span class='ocrx_word' id='word_1_263' title='bbox 1028 3953 1089 4016; x_wconf 80' lang='lat' dir='ltr'><strong>siti</strong></span> <span class='ocrx_word' id='word_1_264' title='bbox 1099 3953 1186 4041; x_wconf 82' lang='lat' dir='ltr'><strong>juris</strong></span> <span class='ocrx_word' id='word_1_265' title='bbox 1202 3965 1263 4016; x_wconf 86' lang='lat' dir='ltr'><strong>aut</strong></span> <span class='ocrx_word' id='word_1_266' title='bbox 1269 3959 1349 4036; x_wconf 54' lang='lat' dir='ltr'><strong>poth</strong></span> 
     </span>
    </p>
   </div>
   <div class='ocr_carea' id='block_1_3' title="bbox 330 4128 1150 4196">
    <p class='ocr_par' dir='ltr' id='par_1_6' title="bbox 330 4128 1150 4196">
     <span class='ocr_line' id='line_1_37' title="bbox 330 4128 1150 4196; baseline 0.009 -16"><span class='ocrx_word' id='word_1_267' title='bbox 330 4128 346 4192; x_wconf 80' lang='lat' dir='ltr'>S</span> <span class='ocrx_word' id='word_1_268' title='bbox 359 4131 425 4180; x_wconf 82' lang='lat' dir='ltr'><strong>uti.</strong></span> <span class='ocrx_word' id='word_1_269' title='bbox 436 4133 538 4181; x_wconf 66' lang='lat' dir='ltr'><strong>Sunon-</strong></span> <span class='ocrx_word' id='word_1_270' title='bbox 555 4133 581 4181; x_wconf 87' lang='lat' dir='ltr'><strong>in</strong></span> <span class='ocrx_word' id='word_1_271' title='bbox 594 4130 656 4184; x_wconf 68' lang='lat' dir='ltr'><strong>cas.</strong></span> <span class='ocrx_word' id='word_1_272' title='bbox 669 4145 719 4196; x_wconf 74' lang='lat' dir='ltr'><strong>oet</strong></span> <span class='ocrx_word' id='word_1_273' title='bbox 729 4141 772 4189; x_wconf 70' lang='lat' dir='ltr'><strong>nt.</strong></span> <span class='ocrx_word' id='word_1_274' title='bbox 783 4161 817 4172; x_wconf 98' lang='lat'>-</span> <span class='ocrx_word' id='word_1_275' title='bbox 829 4135 896 4185; x_wconf 87' lang='lat' dir='ltr'><strong>Plut.</strong></span> <span class='ocrx_word' id='word_1_276' title='bbox 910 4138 936 4186; x_wconf 86' lang='lat' dir='ltr'><strong>in</strong></span> <span class='ocrx_word' id='word_1_277' title='bbox 946 4135 1034 4184; x_wconf 71' lang='lat' dir='ltr'><strong>emto</strong></span> <span class='ocrx_word' id='word_1_278' title='bbox 1047 4134 1094 4185; x_wconf 75' lang='lat' dir='ltr'><strong>nult</strong></span> <span class='ocrx_word' id='word_1_279' title='bbox 1105 4131 1150 4186; x_wconf 83' lang='lat' dir='ltr'><strong>liu·</strong></span> 
     </span>
    </p>
   </div>
   <div class='ocr_carea' id='block_1_4' title="bbox 0 0 1450 4900">
    <p class='ocr_par' dir='ltr' id='par_1_7' title="bbox 0 0 1450 4900">
     <span class='ocr_line' id='line_1_38' title="bbox 0 0 1450 4900; baseline 0 0"><span class='ocrx_word' id='word_1_280' title='bbox 0 0 1450 4900; x_wconf 95' lang='lat' dir='ltr'><strong> </strong></span> 
     </span>
    </p>
   </div>
  </div>
 </body>
</html>
