2875 4900
339 385 395 454 lu
424 384 534 453 uoc.
562 384 712 452 121ss.ss
745 384 960 453 121v1Au1.
1117 383 1188 479 393

115 510 266 574 Marcum
283 506 433 594 reperita
448 505 484 568 C.
498 502 656 568 Memmio
671 503 819 567 Gemello
834 502 968 565 tribuno
979 503 1099 590 plebis,
1111 526 1188 591 pro-

115 627 257 699 pterea,
274 631 347 697 quae
366 607 463 671 sullae
477 606 570 687 jussu
586 621 729 693 quaestor
748 620 905 693 gesserat,
924 605 1077 668 accusari.
1092 605 1189 668 Multi

116 712 206 776 euim
227 728 300 775 tum
319 710 353 773 iu
369 707 550 790 judicium,
570 706 614 771 ob
630 708 761 771 illorum
779 722 966 794 temporum
983 706 1116 788 delicta,
1129 729 1189 770 vo·

117 812 286 877 mbantur.
301 809 364 875 sed
376 810 428 874 ille
441 808 576 897 quidem
586 809 754 873 absolutus
766 825 831 873 est:
845 825 895 890 at,
909 809 995 872 facto
1006 809 1040 871 in
1051 809 1189 873 Luu'um

116 916 260 1003 impetu,
278 913 454 977 Memmius
471 932 547 975 cum
560 910 683 999 populo
703 910 801 999 coepit
819 932 930 999 agere,
948 924 986 973 ut
1000 909 1191 998 triumphum

117 1018 149 1078 ei
157 1026 289 1101 negaret
298 1059 308 1092 ,
325 1013 428 1076 multa
445 1010 534 1076 illmn
549 1013 766 1091 intervertisse,
783 1023 814 1075 et
834 1010 968 1091 bellum,
983 1005 1190 1099 quumfiuue

110 1130 235 1205 posset,
249 1114 333 1177 ultro
350 1114 481 1177 duussse
500 1135 649 1203 arguens.
669 1115 791 1177 Contra
806 1113 980 1193 Lucullus,
997 1113 1123 1177 ratione
1138 1134 1191 1201 ge·

116 1233 245 1281 storum
263 1214 404 1298 reddita,
425 1232 539 1280 coutm
559 1213 713 1279 invidiam
733 1214 856 1278 meritis
875 1214 1063 1303 pugnabat:
1082 1235 1190 1301 neque

117 1339 159 1380 eo
182 1317 292 1379 minus
312 1316 459 1404 Pompeii
475 1316 621 1405 potentia
642 1331 731 1379 tanta
747 1315 828 1398 fuit,
850 1331 889 1379 ut
904 1338 964 1403 per
981 1316 1109 1380 venales
1127 1316 1191 1378 ho-

118 1418 243 1500 mines,
258 1418 338 1481 tanti
352 1417 413 1481 viri
423 1418 621 1499 justissimus
635 1417 822 1506 triumphus
837 1417 870 1479 in
888 1430 996 1481 totum
1010 1417 1189 1482 tu'ennium

118 1519 318 1588 differretur.

152 1692 170 1757 s
190 1692 420 1741 xxV11.Plut.in
436 1692 554 1750 Lucullo,
568 1708 622 1756 unp.
638 1708 680 1753 77.
693 1718 729 1728 -
743 1692 837 1739 Ancon.
847 1693 948 1757 infrog.
960 1692 1067 1742 cnudid.
1081 1719 1115 1728 -
1134 1692 1190 1741 Nic.

119 1776 265 1825 umam.
280 1776 348 1842 apud
364 1776 458 1826 Athen.
473 1803 509 1813 -
523 1776 621 1824 Sallust.
633 1776 734 1825 Catiliu-
747 1792 803 1842 cap.
821 1777 863 1825 30.
884 1801 919 1812 -
938 1775 991 1825 cic.
1003 1775 1081 1826 Acad.
1096 1778 1189 1838 Quest.

118 1860 162 1911 lib.
172 1862 285 1926 metu.
299 1875 321 1908 ι.
