2875 4900
298 387 368 459 338
470 387 543 454 JO.
571 382 917 452 FREINSHEMII
947 380 1192 450 SUPPLEM.

297 533 350 574 ma
370 507 569 596 capiebatur.
588 503 653 570 Sed
670 519 742 566 tum
759 503 847 566 ultro
872 500 913 565 ad
935 515 1078 590 petram,
1100 523 1173 588 qua
1190 521 1270 564 sacra
1286 501 1349 564 Dea

297 613 456 690 habetur,
477 608 600 698 insigni
620 605 728 694 specie
749 605 809 668 bos
827 603 1030 684 concedens,
1051 625 1092 667 eo
1114 604 1187 666 loco
1207 599 1349 680 constitit,

297 712 506 800 demissoque
527 709 649 798 capite,
668 725 828 795 tauquam
848 721 932 770 reste
957 705 1159 788 traheretur,
1180 705 1308 768 hostiam
1323 725 1351 764 se

295 815 436 905 prebuit
457 813 605 880 Lucullo.
631 811 690 875 Ille
719 825 752 873 et
773 810 837 874 hoc
858 809 984 898 peregit
1006 829 1156 889 sacrum,
1182 822 1214 871 et
1235 819 1351 894 propter

296 916 423 982 facilem
442 913 615 979 transitum
632 927 764 975 taurum
783 910 965 975 immolavit
980 910 1151 998 Euphrati.

340 1015 494 1082 XXXIV.
506 1015 565 1080 His
577 1013 695 1079 eodem
707 1012 760 1078 die
769 1014 939 1103 perfectis,
950 1027 1082 1102 postero
1094 1010 1351 1100 sequentibusque

295 1141 355 1209 per
367 1117 543 1207 Sophenen
562 1117 624 1181 iter
637 1118 733 1198 fecit,
749 1131 863 1204 pacato
877 1115 1024 1206 agmine,
1043 1112 1134 1202 quod
1147 1113 1265 1178 incolas
1281 1109 1353 1198 paci·

296 1220 366 1285 ficis
380 1218 499 1285 animis
513 1219 670 1307 imperata
686 1218 842 1282 facientes
858 1217 947 1281 nulla
962 1239 997 1280 re
1012 1217 1127 1280 violari
1137 1217 1279 1282 voluerat
1289 1236 1296 1278 :
1307 1209 1352 1275 sed

296 1339 329 1388 et
344 1321 522 1403 militibus,
536 1320 705 1386 castellum
721 1319 909 1408 quoddam,
930 1318 988 1383 ubi
1004 1341 1140 1407 magnos
1154 1340 1222 1384 esse
1239 1316 1353 1380 thesau-

295 1444 350 1488 ros
375 1421 566 1504 audierant,
595 1444 710 1510 capere
732 1421 940 1502 volentibus,
965 1437 1098 1486 ostenso
1124 1420 1238 1510 procul
1258 1429 1353 1482 monte

296 1527 424 1607 Tauro,
445 1522 563 1588 «Istud
580 1526 708 1613 potius,
725 1523 849 1610 inquit,
867 1521 1124 1588 exscindendum
1147 1521 1242 1586 nobis
1263 1515 1354 1608 praesi-

294 1660 307 1684 «ι
317 1626 409 1692 dium
423 1642 472 1690 est
486 1651 495 1691 ε
510 1649 587 1690 nam
600 1625 672 1690 haec
684 1624 819 1714 quidem
830 1625 1009 1689 victoribus
1024 1641 1198 1689 servantur
1207 1655 1229 1689 ι.
1244 1617 1353 1709 Magnis

296 1728 415 1794 deinde
435 1728 609 1794 itineribus
629 1726 670 1792 ad
688 1728 822 1816 Tigrin,
847 1742 881 1791 et
900 1726 965 1791 hoc
985 1749 1121 1816 quoque
1144 1741 1307 1816 superato,
1326 1720 1352 1782 in

296 1831 483 1895 Armeniam
507 1829 676 1919 processit.
699 1829 770 1894 Nee
792 1828 966 1918 quisquam
989 1829 1058 1893 ibat
1082 1827 1233 1910 obviam,
1257 1827 1353 1914 ignaro

295 1933 445 1996 omnium
458 1932 616 2020 Tigrane,
636 1931 689 1994 cui
711 1931 864 1994 nuntiare
885 1931 1015 1994 Luculli
1034 1929 1213 1995 adventum
1233 1924 1353 1994 audebat

296 2025 411 2116 nemb,
431 2032 542 2122 quod,
565 2033 623 2120 qui
643 2033 771 2120 primus
792 2031 827 2097 id
852 2033 988 2114 fecerat,
1013 2049 1170 2121 tanquam
1192 2027 1354 2097 civitatibus

297 2135 468 2201 turbandis
480 2134 636 2198 nuntium
648 2132 803 2223 lingeret,
821 2134 949 2223 capitali
961 2135 1121 2224 supplicio
1136 2152 1206 2200 erat
1218 2135 1353 2199 affectis:

296 2254 329 2301 et
343 2237 528 2303 adulatores
542 2235 708 2300 blanditiis
722 2253 755 2300 et
768 2236 920 2301 laudibus
933 2257 1035 2301 vanos
1048 2237 1183 2326 spiritus
1200 2233 1354 2306 inflabant,

296 2341 455 2428 egregium
465 2336 547 2425 fore
568 2337 682 2403 ducem
700 2337 891 2419 Lucullum,
914 2337 1117 2420 dictitantes,
1140 2341 1171 2402 si
1192 2334 1246 2400 vel
1257 2329 1358 2423 Ephesi

296 2456 456 2531 exspectet
467 2443 550 2530 regis
568 2464 678 2529 regum
694 2443 843 2530 impetum
851 2488 862 2522 ,
887 2464 945 2505 nec
965 2437 1013 2505 ad
1022 2441 1166 2530 primm
1179 2448 1355 2527 compertum

297 2543 573 2609 innunoercbilaiem
591 2545 755 2632 coprus-tam
772 2540 943 2631 dffugmt.

340 2647 478 2711 XXXV.
494 2644 643 2711 Tandem
657 2668 746 2709 unus
759 2646 942 2709 amicorum
960 2645 1243 2711 Mithrobarzanes
1259 2656 1355 2705 verum

295 2745 440 2811 indicare
448 2768 564 2827 ansus,
578 2746 745 2836 evestigio
757 2747 931 2836 assumptis
946 2747 1051 2811 tribus
1067 2746 1219 2835 equitum
1231 2740 1356 2809 millibus

296 2864 330 2913 et
348 2848 474 2938 ingenti
491 2847 638 2939 peditum
653 2870 812 2927 numero,
829 2850 995 2919 Romanos
1014 2848 1167 2913 obterere
1181 2849 1287 2928 jussus
1303 2854 1357 2916 est,

296 2951 404 3014 solum
419 2949 539 3015 ducem
555 2950 667 3014 rivum
682 2948 855 3015 adducere.
869 2952 966 3015 Forte
980 2966 1084 3015 castra
1100 2951 1218 3017 metari
1230 2948 1357 3038 primum

295 3074 434 3117 suornm
452 3074 570 3142 agmen
587 3052 744 3117 Lucullus
755 3050 912 3135 jusserat,
927 3050 1034 3119 donec
1051 3052 1177 3140 reliqna
1192 3072 1264 3140 pars
1280 3064 1358 3110 exer·

296 3156 397 3236 citus,
411 3178 485 3244 quae
499 3154 608 3219 adhuc
621 3170 690 3219 erat
703 3155 739 3218 in
753 3154 888 3237 itinere,
905 3155 1131 3236 successisset;
1145 3176 1250 3244 quum
1263 3147 1358 3215 adesse

297 3257 343 3320 illi
360 3258 472 3321 hostes
490 3258 664 3321 nuntiatur
677 3280 685 3321 :
697 3254 838 3340 idcirco,
855 3278 898 3322 ne
916 3255 1085 3321 distractas
1102 3258 1214 3344 copias
1228 3243 1358 3319 Armenii

296 3359 535 3446 opprimerent,
558 3357 628 3447 ipse
652 3357 693 3422 ad
716 3374 820 3423 castra
835 3358 1075 3447 permunienda
1093 3358 1252 3423 substitit.
1271 3347 1358 3419 Sexti·

286 3459 378 3522 ·lium
392 3458 535 3547 legatum
549 3481 627 3523 cum
640 3458 729 3523 mille
744 3460 904 3525 sexcentis
918 3459 1101 3548 equitibus,
1119 3459 1321 3543 militumque
1333 3462 1358 3510 et

295 3559 430 3623 velitum
442 3558 531 3623 haud
543 3560 649 3625 multo
658 3560 782 3641 majore
794 3584 933 3625 numero
946 3561 1119 3650 praemisit,
1135 3559 1305 3637 mandato,
1318 3564 1360 3629 ut,

295 3682 393 3749 quum
411 3661 824 3751 appropinquassemus,
848 3667 930 3727 citra
941 3686 1066 3752 pugnae
1078 3661 1259 3753 pariendum
1279 3654 1358 3723 disti-

295 3774 382 3826 neret
394 3785 481 3843 eum,
495 3763 595 3826 donec
607 3766 732 3826 munita
745 3786 807 3828 esse
825 3777 933 3831 castra
947 3766 1113 3831 didicisset.

339 3864 493 3929 XXXVI.
517 3865 696 3953 Imperium
714 3863 807 3931 ducis
826 3890 930 3956 quum
947 3890 1074 3933 servare
1091 3868 1243 3933 Sextilius
1260 3862 1359 3933 vellet,

329 4072 344 4137 ς
361 4076 487 4124 xxxta.
503 4074 613 4141 Appias.
625 4044 787 4124 utana.'-
797 4076 861 4124 rut.
877 4104 911 4115 -
926 4076 942 4142 s
959 4080 1083 4128 xxxrv.
1094 4080 1205 4143 snagan
1218 4074 1283 4142 ,μα
1298 4070 1354 4121 rut.

294 4187 328 4197 -
341 4159 449 4223 Appian.
