2875 4900
227 411 276 480 IN
304 413 419 480 LOC.
446 411 540 480 LIB.
568 411 734 480 LXXIX
762 413 975 480 lettnt.
1089 411 1135 482 53

101 549 154 595 «cst
171 549 335 596 mortuus:
360 553 480 594 nomen
501 547 628 594 tantum
649 547 682 594 et
704 531 775 594 haec
794 532 882 594 veIut
905 531 1021 594 umbra
1041 533 1136 596 Marii

102 649 261 720 «superant,
277 655 375 720 quarn
394 654 501 720 nuper
517 634 552 696 L.
562 633 667 712 Sulla,
688 649 864 720 postquam
882 633 982 695 semei
995 649 1137 696 contem·

101 757 180 798 «nere
194 757 284 798 ausus
305 751 370 811 est,
386 733 477 796 nullo
493 733 604 797 labore
627 729 819 822 profligavit.
840 732 892 796 Ab
913 732 968 795 itta
991 747 1137 819 tempore

101 835 325 899 «calamitatibus
343 851 375 898 et
393 835 530 898 miseriis
548 833 769 914 conflictatus,
784 832 894 921 quales
910 834 1007 897 etiam
1020 834 1138 915 juven·

101 935 180 997 «tutis
190 936 388 1024 exstinguere
402 935 546 1023 vigorem
561 935 760 1022 potuissent,
775 933 866 1021 quod
880 936 983 1032 robur
998 935 1038 999 ad
1053 957 1138 998 com·

101 1057 229 1098 munem
245 1058 391 1114 causam,
409 1058 489 1122 quas
507 1036 560 1100 ille
577 1037 661 1100 vires
678 1036 814 1100 afferet?

133 1137 250 1200 XXXV.
270 1135 357 1200 *sed
377 1136 446 1218 fac,
466 1137 526 1201 alia
551 1153 638 1202 sorte
657 1139 693 1201 C.
705 1137 867 1218 Marium,
888 1160 985 1224 quam
1007 1152 1139 1213 caeteros

99 1239 266 1319 mortales,
285 1239 413 1318 vivere3
435 1238 575 1326 tempori
597 1253 629 1301 et
649 1237 743 1301 annis
757 1237 853 1301 licere
874 1237 908 1299 in
928 1237 1019 1300 illum
1041 1236 1139 1317 nihil,

99 1337 190 1422 «quod
201 1353 306 1402 tanmn
319 1361 370 1402 res
381 1339 450 1426 ipsa
459 1337 596 1402 refutat:
611 1361 652 1402 an
667 1339 767 1427 igitur
776 1337 980 1426 recipiendus
989 1337 1145 1424 estIEgo

98 1459 192 1520 aero,
209 1438 409 1503 admirentur
429 1439 519 1522 licet,
541 1439 597 1527 qui
618 1437 660 1502 ad
679 1462 783 1527 pauca
800 1439 1007 1526 respicientes
1026 1453 1139 1502 caetera

98 1559 169 1600 «non
180 1539 455 1621 animadvertunt,
472 1563 549 1631 ego,
566 1541 717 1628 inquam,
734 1540 785 1603 vel
796 1541 840 1603 ob
853 1541 917 1603 hoe
934 1540 1040 1627 ipsum
1055 1539 1140 1603 dice·

97 1661 169 1702 «rem
187 1641 408 1730 recipiendum
425 1664 494 1706 esse
511 1642 630 1705 minus.
647 1641 683 1704 L.
694 1641 798 1704 Cinna
818 1641 950 1722 consul,
966 1641 1138 1728 caeterique

97 1737 198 1804 «duces
218 1765 350 1822 ornnes,
371 1743 434 1805 sub
457 1743 556 1806 unius
578 1742 663 1805 senis
684 1741 801 1804 umbra
819 1741 917 1804 latere
938 1739 1142 1820 videremur,

97 1839 146 1902 aab
160 1841 219 1906 hoc
235 1841 385 1923 defendi,
402 1843 480 1906 huic
496 1841 613 1906 debere
628 1842 808 1906 victoriam.

130 1943 270 2008 XXXVI.
291 1946 445 2008 «atvero
463 1967 536 2032 quse
555 1965 615 2007 nos
631 1929 909 2007 tantanecessitas
926 1940 1063 2029 subigit,
1083 1957 1138 2022 ut,

96 2043 231 2108 «alienam
246 2045 383 2135 gloriam
396 2067 492 2132 supra
505 2042 640 2108 modum
658 2041 861 2122 extollendo,
876 2057 1019 2105 nostram
1036 2041 1142 2103 existi-

96 2147 274 2210 ·mationem
288 2147 372 2210 infra
389 2147 539 2209 meritum
556 2143 799 2233 deprimamus?
813 2145 877 2206 Res
893 2143 988 2206 nobis
1002 2157 1051 2206 est
1063 2165 1139 2205 cum

96 2245 327 2331 «optimatibus,
345 2246 441 2310 sntlae
458 2245 601 2310 discessu
619 2244 858 2333 propemodum
873 2244 1051 2307 exarmatis.
1071 2243 1139 2307 Sub

96 2347 187 2434 «segni
202 2347 286 2413 duce
300 2348 363 2412 tiro
377 2348 553 2428 exercitus,
566 2346 783 2410 tumultuario
798 2359 984 2408 contractus
995 2343 1137 2426 delectu,

95 2461 137 2507 «et
146 2448 236 2513 Urbis
256 2464 354 2513 vastae
375 2448 443 2513 aliis
464 2448 701 2513 munitionibus
724 2445 874 2536 indigens
892 2446 1049 2527 munitio,
1066 2470 1121 2537 gra

95 2544 185 2611 ‹tiota
201 2550 338 2631 scilicet,
355 2572 452 2638 quam
467 2548 618 2615 sustineri
633 2566 755 2636 queant
766 2571 784 2611 a
794 2548 906 2629 nobis,
920 2548 1002 2613 bella
1017 2549 1142 2613 minan·

95 2650 175 2713 ·tur?
187 2654 226 2716 At
241 2652 338 2716 nobis
354 2668 471 2740 praeter
482 2668 605 2716 veteres
621 2651 744 2739 copias,
760 2674 848 2714 arma
864 2651 1015 2739 virosque
1032 2651 1139 2714 omnis

95 2748 188 2816 ·Italia
212 2753 457 2835 sumenistrst3
483 2752 667 2842 passimque
692 2752 961 2815 concurrentibus
984 2750 1025 2813 ad
1050 2750 1141 2839 signa

95 2850 221 2919 «civibus
238 2856 349 2936 novis,
370 2854 520 2918 cohortes
537 2854 635 2941 paulo
653 2854 761 2916 minus
780 2867 939 2916 trecentas
959 2852 1138 2915 effecimus.

94 2952 170 3018 *litte
186 2978 318 3039 sumus,
337 2971 394 3019 aut
409 2954 510 3018 videri
524 2955 691 3033 volumus,
708 2968 763 3033 ut,
780 2952 877 3015 tantis
891 2949 1040 3014 instructi
1055 2972 1143 3013 exer·

95 3052 234 3138 ¹citibus,
250 3079 319 3119 non
336 3056 500 3145 pecuniae,
518 3078 585 3118 non
597 3068 798 3118 commeatus
813 3051 930 3141 indigi,
943 3052 1006 3115 boc
1018 3052 1141 3143 beIIum

94 3152 259 3221 conficere
273 3148 502 3245 desperemus,
520 3156 582 3220 nisi
603 3155 734 3219 alterius
749 3152 869 3218 virtute
883 3169 978 3241 atque
988 3154 1142 3241 opinione

95 3252 314 3333 mdiuvemur?

128 3354 290 3423 XXXVII.
311 3358 386 3421 «Sic
409 3380 557 3445 quoque,
583 3358 668 3422 bello
691 3354 932 3445 propemodum
955 3354 1143 3446 profligato,

95 3458 276 3545 *paucisque
298 3457 339 3521 ad
357 3480 517 3521 summam
534 3458 675 3522 victoriae
690 3458 842 3544 reliquis,
858 3458 977 3520 horum
994 3458 1143 3523 omnium

95 3556 233 3643 ·gloriam
247 3560 486 3647 arbitriumque
494 3560 616 3624 Marius
629 3560 747 3647 rapiet,
758 3559 951 3622 aemulorum
961 3558 1143 3648 impatiens,

96 3658 190 3741 ·quod
205 3662 342 3742 vitium,
357 3683 460 3748 quum
473 3661 533 3723 alia
548 3661 740 3726 minuantur
755 3659 865 3740 annis,
879 3658 914 3722 in
929 3674 1096 3723 senectute
1108 3658 1144 3723 fit

95 3758 250 3843 «validius,
266 3778 298 3826 et
316 3760 375 3825 ubi
392 3760 433 3825 de
448 3760 593 3849 potentia
612 3762 737 3849 agitur,
754 3759 828 3823 fidei
842 3759 929 3824 haud
946 3782 1022 3824 sane
1039 3776 1144 3824 tenax.

95 3858 241 3941 «Quantis
267 3863 321 3927 ille
346 3862 585 3949 suspicionibus
612 3884 717 3950 nuper
741 3860 778 3925 P.
794 3861 953 3924 Rutilium
979 3859 1146 3923 consulem

122 4067 253 4130 sxxxu
267 4072 347 4121 sins.
361 4072 404 4119 ns.
411 4074 441 4121 v.
450 4102 483 4111 -
492 4074 511 4139 5
520 4074 641 4122 xxxvi.
652 4074 683 4121 u.
694 4075 723 4123 c.
731 4074 800 4133 sss;
810 4074 841 4122 s.
849 4074 878 4123 c.
888 4074 929 4133 sq.
939 4098 973 4109 -
982 4070 1060 4121 stus.
1070 4071 1149 4128 tut,
1226 4094 1230 4104 ,

96 4166 114 4209 p.
126 4154 396 4213 stt.-VcII.II‚ac.
