2875 4900
299 392 368 465 258
474 394 541 462 JO.
568 392 907 462 FREINSHEMH
936 393 1178 465 SUPPLEM.

295 536 481 604 quanquam
500 538 520 579 a
541 514 702 603 principio
722 514 802 577 anni
822 514 890 577 alie
911 516 1100 581 consulibus
1120 516 1257 583 decretae
1278 542 1353 608 pro-

295 616 407 679 vinciae
424 616 565 679 fuerant.
583 613 648 677 Sed
662 614 836 695 Lucullus,
860 615 948 680 baud
970 638 1119 707 magnam
1141 620 1174 683 in
1193 620 1353 710 Cisalpina

295 716 396 781 Gallia
409 716 574 780 materiam
586 714 695 802 glorias
705 734 855 803 sperans,
868 717 1043 805 cupiditate
1058 720 1266 785 mithridatici
1280 722 1355 785 belli

295 816 459 906 flagrabat.
475 817 579 906 Igitur
593 814 702 878 audita
718 830 824 879 morte
847 816 881 881 l..
897 819 1040 893 Octavii,
1055 819 1111 905 qui
1130 820 1250 884 Ciliciae
1271 842 1354 909 prar-

293 920 415 998 iuerat,
433 940 509 980 cum
532 916 567 981 P.
578 916 740 1005 Cethego,
759 916 852 997 citius
872 934 942 981 tum
959 918 1004 983 ob
1020 920 1172 983 maximas
1188 920 1222 983 in
1240 938 1354 985 senatu

293 1042 373 1107 opes
386 1016 603 1107 patrocinium
616 1038 635 1079 a
649 1017 812 1105 plerisque
827 1018 1054 1107 expetebatur,
1072 1040 1111 1083 ex
1128 1020 1292 1086 acerrimis
1312 1022 1355 1085 si·

293 1119 482 1185 multatibus
493 1118 602 1182 subito
614 1118 650 1181 in
666 1119 799 1207 gratiam
815 1119 927 1203 rediit,
944 1134 982 1183 ut
996 1120 1197 1209 provinciam
1209 1120 1355 1187 Ciliciam

292 1221 545 1311 adipisceretur:
562 1240 660 1306 quam
674 1218 734 1282 ubi
748 1234 861 1283 nactus
879 1234 944 1299 est,
959 1241 1057 1283 nemo
1071 1220 1255 1301 dubitabat,
1273 1223 1353 1309 quin

292 1322 336 1385 illi
353 1318 626 1385 committendum
640 1319 763 1384 bellurn
778 1320 1033 1385 mithridaticum
1045 1320 1139 1385 soret.

335 1423 440 1486 xvtl.
460 1422 605 1485 Decreta
620 1436 699 1485 sunt
715 1421 762 1485 illi
779 1416 939 1510 legiones,
957 1444 1029 1509 quoe
1043 1422 1107 1502 jam
1122 1439 1212 1487 erant
1228 1424 1263 1487 in
1283 1426 1354 1490 Asia

292 1538 453 1613 quatuor3
478 1521 626 1608 quintam
649 1536 688 1584 ut
712 1522 748 1585 in
773 1522 864 1586 ltalia
887 1522 1122 1605 conscriberet,
1148 1526 1353 1612 permissum.

291 1629 415 1691 Contra
431 1626 607 1714 piratarum
622 1622 788 1688 audaciam
806 1624 851 1688 Μ.
864 1625 1010 1688 Antonio
1026 1627 1174 1712 praetori,
1194 1624 1241 1691 Μ.
1257 1628 1353 1691 Cotta

291 1727 443 1807 conside,
456 1740 490 1789 et
504 1724 603 1817 patris
619 1726 664 1789 bl.
674 1724 809 1789 Antonii
824 1724 978 1788 memoria
990 1722 1201 1813 suffragante,
1215 1726 1272 1813 qui
1287 1726 1354 1789 bel-

292 1830 360 1892 lum
383 1828 417 1891 in
436 1826 547 1891 Cilicia
568 1826 704 1891 feliciter
726 1824 1020 1907 administraverat,
1045 1826 1081 1891 P.
1097 1826 1232 1915 Cethegi
1255 1826 1354 1891 factio

290 1929 390 1993 totius
403 1948 468 1992 orae
485 1926 672 2007 maritimae,
689 1945 754 2012 qua
766 1926 891 1991 romani
908 1926 1018 2013 populi
1026 1926 1080 2008 jus
1095 1942 1194 2007 esset,
1209 1928 1353 1991 curatio-

290 2052 366 2095 nem
380 2051 456 2094 cum
470 2026 600 2092 infinito
615 2027 753 2113 imperio
763 2026 871 2108 dedit3
887 2028 981 2116 quale
995 2044 1106 2115 postea
1119 2028 1252 2115 piratico
1265 2028 1354 2092 bello

290 2133 351 2195 Cn.
365 2130 539 2219 Pompeius
552 2126 690 2216 adeptus
703 2142 762 2191 est.
774 2129 844 2191 lam
859 2126 1063 2193 Mithridates
1077 2128 1183 2215 ptimo
1194 2148 1270 2191 rere
1280 2127 1353 2191 lovi

289 2230 493 2320 Bellipotenti
515 2228 706 2294 sacrificium
728 2228 833 2317 patrio
853 2248 945 2295 more
966 2228 1105 2309 fecerat3
1130 2226 1265 2310 deinde,
1284 2252 1354 2316 quo

291 2348 439 2420 ternpore
460 2328 602 2419 primum
624 2352 708 2392 nova
732 2328 843 2393 classis
869 2329 903 2393 in
924 2350 1011 2393 mare
1031 2328 1170 2395 deducta
1194 2340 1268 2409 est,
1283 2330 1353 2393 Ne-

292 2448 398 2522 ptuno
414 2430 585 2520 quadrigas
603 2428 691 2495 alhas
715 2430 954 2514 immolaverat,
976 2431 1166 2520 corporibus
1182 2429 1354 2520 profundo

291 2556 416 2599 mersis.

336 2633 459 2698 xvlll.
478 2632 537 2698 His
554 2631 766 2722 religionibus
786 2647 891 2720 ooepto
907 2631 1013 2713 bello,
1036 2631 1248 2719 Deopbantus
1269 2653 1353 2720 pur-

290 2737 426 2823 puratus
440 2755 516 2798 cum
527 2733 669 2798 exercitu
680 2733 713 2796 in
725 2732 962 2823 Cappadociam
979 2748 1047 2796 erat
1060 2731 1258 2820 praemissus,
1273 2753 1355 2818 praa-

288 2836 377 2900 sidiis
399 2833 585 2898 firmaturus
606 2835 727 2916 urbes,
749 2849 782 2898 et
805 2833 933 2896 obviam
954 2833 1060 2896 iturus
1079 2831 1234 2914 Lucullo,
1259 2833 1287 2896 si
1308 2832 1353 2896 ad

287 2935 430 3000 Pontum
444 2931 621 2999 accederet.
634 2924 771 2998 Ceteras
784 2933 909 3020 copias,
922 2949 1057 2996 centum
1071 2948 1104 2996 et
1114 2933 1353 3023 quinquaginta
1415 2975 1419 2994 .

287 3037 387 3100 millia
400 3033 566 3124 peditum,
582 3033 731 3121 equitum
749 3031 938 3114 duodecim,
953 3053 1010 3096 rex
1025 3033 1096 3120 ipse
1109 3053 1167 3120 per
1180 3032 1354 3097 Timoniti-

286 3137 362 3202 dem
381 3134 624 3224 (Paphlagoniae
645 3134 788 3223 carogio
809 3133 873 3222 est)
892 3133 1114 3221 Galatiamque
1131 3155 1220 3196 nono
1239 3131 1293 3197 die
1316 3135 1351 3199 in

287 3237 472 3325 Bithyniam
497 3234 600 3298 duxit.
622 3235 691 3299 Sub
716 3233 749 3297 id
773 3249 901 3320 tempus
923 3235 1077 3299 Heraclea
1100 3234 1151 3296 his
1178 3233 1220 3298 de
1244 3235 1352 3299 tausis

287 3334 495 3401 mithridatici
515 3333 598 3413 juris
619 3334 701 3398 facta
728 3348 786 3398 est.
811 3333 926 3398 Classis
952 3335 1038 3424 regia
1060 3335 1352 3424 preternavigans,

288 3457 394 3522 quum
409 3435 492 3499 urbe
510 3457 577 3498 non
599 3435 813 3524 reciperetur,
833 3435 939 3500 forum
961 3436 1249 3502 rerum'renalium
1271 3456 1355 3526 prm·

285 3535 356 3597 beri
374 3533 559 3621 postulavit.
1228 3563 1230 3566 ·

329 3635 420 3698 xlx.
437 3635 484 3698 Ea
497 3635 734 3724 reimpetrata,
755 3652 874 3722 quum,
891 3652 929 3700 ut
948 3635 1000 3718 iit,
1021 3636 1078 3699 ubi
1093 3636 1201 3700 nullus
1220 3635 1353 3702 hostilis

284 3735 384 3800 animi
398 3731 506 3800 metus
517 3747 584 3818 est,
594 3735 792 3800 Heracleotae
804 3737 897 3800 multi
911 3735 952 3800 ad
969 3754 1064 3800 naves
1078 3735 1256 3816 venissent,
1271 3757 1355 3823 praa·

320 3901 422 3967 §m
437 3901 469 3950 U.
482 3901 510 3951 C.
523 3902 589 3963 Μῦς
601 3903 632 3950 Α.
646 3901 676 3952 C.
689 3911 732 3964 γε.
752 3929 786 3940 -
806 3904 919 3969 Cic..pro
933 3905 1056 3964 blatteus,
1070 3919 1124 3970 cap.
1137 3903 1177 3952 ti.
1191 3931 1227 3942 -
1244 3904 1308 3954 um.
1322 3905 1353 3956 iu

282 3984 399 4042 Luctrllo,
411 4000 466 4048 cap.
476 3998 503 4046 9.
519 4009 555 4021 -
569 3983 666 4034 &lituu
677 3987 767 4033 Incert.
778 4001 820 4048 ²9·
834 4013 869 4022 -
878 3986 941 4036 Veli.
954 3989 992 4052 ll,
1007 3991 1049 4037 it.
1066 4015 1100 4024 —
1121 3988 1173 4036 Cic.
1191 3988 1217 4034 in
1226 3989 1297 4037 Verr.
1310 3990 1354 4048 11,

283 4075 316 4126 t.
333 4077 358 4115 a
374 4067 410 4115 nt
423 4069 515 4115 saon
527 4067 1154 4133 -supmtxvnn1.-sxr1u.nut-
1167 4071 1295 4122 umes
1311 4097 1352 4110 -

280 4149 368 4200 Sidon.
380 4151 460 4202 Cam.
471 4151 563 4211 1111,
575 4167 600 4201 r.
610 4153 668 4202 158.
681 4177 716 4190 -
727 4151 829 4200 Ptolem.
835 4153 867 4211 V,
884 4167 905 4200 r.
