2875 4900
254 375 301 446 ab'
428 375 870 485 JO3FREINSHEM11
899 375 1150 446 SUPPIAEM.

244 501 367 586 generis
376 499 533 581 loannes,
544 521 617 564 cum
630 497 735 564 liberis
746 513 778 562 ct
788 499 957 578 uxoribus,
973 513 1072 588 atque
1084 499 1183 562 aram
1195 495 1324 577 libertis,

251 605 309 692 qui
319 603 425 669 nolti
434 607 599 693 sanguinis
610 618 726 683 essent,
746 603 939 668 occiderent.

295 705 384 770 Vlll.
398 707 507 770 Caesos
520 721 629 770 autern
646 705 835 770 inhumatos
846 705 962 795 projici
974 705 1131 785 jubebat:
1148 707 1236 770 bona
1249 729 1326 772 cum

251 807 514 872 interfectoribus
530 807 740 896 partiebatur.
767 805 831 872 Sed
850 823 885 872 et
904 807 1001 871 mine
1017 807 1149 888 adjectu
1165 825 1277 882 erant,
1298 809 1325 871 si

253 911 326 998 quis
342 909 484 999 aliquem
500 931 540 973 ex
556 930 596 974 eo
612 931 753 972 numero
770 923 829 972 aut
844 907 949 972 celare
964 908 1094 991 vivum,
1116 925 1174 973 aut
1189 907 1326 997 sepelire

254 1027 423 1076 mortuum
439 1033 538 1076 ausus
555 1026 659 1076 esset:
676 1025 805 1092 contra,
820 1009 921 1073 servis
936 1008 1036 1074 heros
1052 1009 1271 1074 interfecturis
1287 1011 1327 1074 li·

254 1113 432 1189 bertatem‚
457 1110 660 1176 debitoribus
684 1109 860 1176 dimidium
884 1111 955 1176 aeris
984 1110 1081 1175 alieni
1105 1112 1230 1200 praemii
1252 1113 1328 1176 loco

254 1211 477 1303 promittebat.
500 1213 657 1295 Dubitare,
676 1213 842 1277 scelestius
861 1211 930 1276 ltaec
946 1235 964 1278 a
981 1235 1058 1303 rege
1077 1215 1271 1305 excogitata,
1286 1239 1328 1280 an

254 1315 295 1378 ab
313 1315 460 1380 Asiaticis
476 1315 558 1382 lacta
574 1317 649 1382 sint.
666 1317 846 1405 Postquam
857 1315 1036 1381 constituta
1051 1315 1121 1382 dies
1132 1317 1248 1401 affuit,
1264 1319 1329 1382 rni-

254 1417 388 1482 serrima
404 1440 462 1507 per
477 1439 592 1484 omncs
611 1419 694 1485 Asiae
710 1418 810 1482 urbes
823 1417 1004 1506 spectacula
1020 1416 1211 1483 edebantur.

299 1521 358 1583 lx.
379 1519 537 1584 Notabilis
558 1521 644 1584 inter
665 1521 736 1584 haec
751 1519 991 1583 Trallianorum
1011 1519 1152 1584 amentia
1173 1519 1257 1586 fuit:
1270 1521 1330 1608 qui

256 1643 339 1708 quos
353 1621 387 1684 in
404 1622 487 1687 urbe
502 1643 561 1686 sua
574 1621 740 1688 habebant
755 1623 939 1702 Romanos,
951 1643 994 1685 ne
1012 1620 1162 1686 videlicet
1177 1622 1331 1711 hospitali

257 1723 415 1812 sanguine
435 1723 620 1814 polluerent
640 1745 776 1804 manus,
795 1721 982 1810 Theophilo
1008 1721 1209 1813 Paphlagoni
1231 1721 1331 1812 jugu-

257 1828 372 1894 landos
388 1828 593 1911 locaverunt,
615 1845 771 1917 tanquam
787 1829 982 1894 interesset:
1000 1843 1100 1917 atque
1119 1828 1201 1893 illud
1215 1829 1331 1918 singu-

256 1931 314 1996 lari
334 1931 453 1995 sevitia
473 1945 677 2013 monstrum,
701 1930 890 2018 compulsos
912 1930 997 1994 intra
1017 1928 1120 1994 aedem
1138 1929 1333 1994 Concordiae

256 2031 513 2115 contrucidavit3
531 2031 628 2097 etiarn
642 2031 794 2096 manibus
806 2031 1025 2120 quorumdam
1035 2032 1333 2120 abscissis,quibus

257 2131 395 2196 deorum
405 2133 566 2222 complexi
578 2133 750 2198 simulacra
759 2132 899 2198 fuerant.
911 2135 1027 2222 Neque
1039 2157 1156 2224 magna
1167 2134 1219 2198 illa
1228 2135 1335 2199 Diana

260 2251 374 2300 contra
394 2235 540 2300 furorem
565 2235 786 2326 Ephesiorum
810 2235 895 2300 tucri
916 2236 1079 2326 supplices
1101 2256 1180 2301 suos
1202 2236 1335 2324 potuit3

260 2358 368 2424 neque
382 2336 659 2426 Pergamenorum
674 2337 897 2427 AEsculapius,
909 2358 977 2425 quo
991 2336 1101 2402 minus
1116 2334 1158 2402 ad
1174 2337 1244 2426 ipsa
1256 2338 1335 2426 pul·

259 2438 382 2503 vinaria
399 2437 512 2529 gladiis
527 2455 586 2503 aut
600 2439 726 2529 sagittis
740 2437 1013 2505 interficerentru.

303 2540 345 2604 X.
358 2538 582 2628 Adramytteni
597 2540 708 2605 nando
725 2542 863 2606 salutem
881 2564 1026 2629 quaerere
1041 2542 1129 2606 visos
1144 2543 1230 2605 inter
1248 2541 1336 2629 ipsas

260 2640 365 2708 undas
374 2640 571 2729 consequuti
580 2640 805 2723 trucidarunt3
823 2642 1002 2706 infantibus
1015 2642 1214 2733 fugientium
1222 2641 1337 2707 liberis

260 2742 375 2831 pelago
393 2742 518 2807 mersis.
537 2742 652 2807 Caunii
662 2743 1036 2832 quoque,qui‚devicto
1049 2744 1337 2826 Antiooho‚llho·

259 2844 322 2909 diis
335 2842 501 2926 attributi,
514 2842 634 2909 deinde
649 2844 690 2909 ab
703 2845 827 2910 horum
843 2844 1016 2910 dominatu
1031 2848 1256 2911 Romanorum
1272 2846 1338 2911 be·

260 2945 378 3012 neficio
401 2945 529 3010 liberati
558 2946 705 3029 fuerant,
722 2946 821 3011 Italos
845 2946 887 3011 ad
911 2962 1069 3011 sacratam
1093 2947 1185 3011 urbis
1209 2948 1338 3010 curiam

259 3064 491 3113 concurrentes
500 3047 542 3112 ab
551 3047 630 3136 ipsis
640 3048 703 3113 aris
715 3047 934 3138 diripuerunt;
940 3064 1117 3137 raptosque
1125 3047 1167 3112 ab
1175 3047 1261 3111 ulnis
1271 3070 1341 3111 ma·

260 3167 349 3214 trum
365 3148 506 3215 infantes
523 3165 600 3215 ante
616 3173 674 3215 ora
691 3149 855 3238 ipsarum,
867 3150 952 3240 ipsas
968 3146 1106 3233 deinde,
1123 3163 1157 3213 et
1168 3164 1339 3237 postremo

259 3252 346 3316 viros
358 3272 491 3335 eorum,
505 3252 750 3317 interfecerunt.
765 3251 833 3317 Soli
846 3249 1017 3332 omniurn,
1034 3250 1093 3338 qui
1111 3246 1339 3315 Mithridatem

260 3352 514 3441 reverebantur,
530 3354 608 3435 coi,
623 3355 789 3417 Romanos
804 3352 840 3417 in
854 3352 1034 3441 AEsculapii
1050 3352 1211 3442 templum
1229 3352 1339 3417 iutro·

261 3454 397 3538 ductos,
413 3470 542 3519 vetusto
557 3454 637 3543 asyli
650 3452 726 3535 jure
741 3469 829 3519 tutos
845 3454 1076 3543 prestiterunt.

303 3557 362 3621 Xl.
379 3558 448 3622 Hac
464 3574 531 3621 tam
545 3556 722 3644 improvisa
737 3555 846 3639 clade,
860 3557 945 3621 intra
960 3554 1110 3621 eamdem
1123 3554 1212 3620 diem
1229 3553 1340 3620 diver·

259 3659 392 3725 sissimis
415 3658 495 3723 locis
523 3656 680 3721 exstincta
704 3656 880 3722 homiuum
906 3658 1034 3722 circiter
1051 3656 1218 3746 octoginta
1236 3656 1340 3720 millia

295 3824 311 3890 s
325 3826 384 3874 vu.
401 3824 454 3873 Liv.
466 3822 534 3889 Epit.
551 3850 585 3861 —
599 3823 655 3873 Val.
671 3825 743 3873 Max.
759 3828 810 3885 11,
825 3842 851 3873 a.
867 3853 902 3863 -
916 3824 981 3873 Flor.
996 3825 1049 3885 111,
1065 3823 1091 3871 5.
1104 3850 1140 3861 —
1152 3823 1205 3873 Cic.
1222 3838 1271 3888 pro
1288 3824 1342 3888 leg.

260 3908 348 3959 Manil.
362 3910 377 3957 3
389 3920 414 3957 et
426 3909 450 3956 5.
464 3934 499 3945 -
512 3906 529 3974 S
542 3908 613 3957 Vlll.
629 3911 703 3959 Oros.
712 3911 765 3968 Vl,
780 3924 805 3956 a.
819 3935 854 3945 -
868 3907 976 3974 Appiae.
989 3935 1024 3945 -
1036 3906 1097 3956 vell.
1110 3909 1148 3967 11,
1166 3908 1207 3955 rt.
1218 3934 1252 3944 -
1261 3908 1340 3956 Auct.

258 3994 290 4043 de
301 3994 354 4042 Vir.
366 3992 403 4041 ill.
412 3992 439 4041 in
452 3990 568 4041 Mitlrn'd.
587 4020 621 4031 -
634 3992 683 4041 Dio
695 3992 763 4059 apud
772 3993 854 4042 vates.
866 4020 902 4029 —
913 3992 929 4059 5
946 3995 993 4042 IX.
1009 3992 1073 4041 scu
1083 3992 1173 4058 Apost.
1183 4007 1239 4056 cap.
1252 4006 1292 4055 ¹9·
1302 4020 1342 4028 —

257 4079 348 4129 Athen.
359 4079 393 4137 V,
407 4084 447 4133 rt.
462 4104 497 4115 —
510 4076 619 4143 Appian.
632 4103 668 4115 -
681 4075 698 4142 s
713 4078 750 4124 X.
762 4076 855 4143 Polyb.
870 4077 916 4142 leg.
931 4094 976 4141 99.
990 4104 1025 4115 -
1036 4076 1095 4125 Tac.
1106 4076 1173 4125 don.
1186 4075 1230 4133 lv,
1247 4081 1287 4130 rt.
1300 4103 1339 4112 —

259 4162 365 4228 Appiae.
377 4188 412 4200 -
421 4162 551 4211 Memnon.
562 4160 661 4212 -VuL
673 4162 743 4211 Max.
755 4162 809 4217 11,
826 4177 853 4210 a.
