2875 4900
221 411 273 482 IN
302 411 418 480 LOC.
448 412 542 482 LIB.
569 415 741 484 XCVIII
773 417 989 490 LIVIANI.
1073 422 1141 522 337

94 533 275 600 «imberbem
283 533 393 600 adhuc
404 535 566 624 appellare
574 535 732 625 Magnum
747 539 966 623 sustinuistis,
981 566 1080 631 quem
1092 545 1141 610 bis

93 635 293 724 «triumphare
309 636 466 719 jussistis,
484 638 676 725 priusquam
693 638 729 701 in
747 656 897 706 senatum
913 642 1107 732 legeretur».

127 740 239 804 XXXI.
262 742 358 805 Tunc
379 755 413 803 et
434 739 614 828 Pompeius
633 741 778 805 occurrit
798 745 935 826 Crasso,
956 745 1145 835 junctisque

93 837 195 904 dextris
207 843 354 906 iecerunt
364 840 592 932 redintegratae
603 843 713 931 gratim
727 841 826 907 fidem
840 867 848 909 :
862 867 941 934 ergo
954 848 1096 936 populus
1109 849 1145 912 in

91 940 164 1006 latas
177 945 419 1009 acclamationes
427 961 572 1032 votaque
584 960 617 1008 et
628 967 740 1033 preces
756 945 897 1027 effusus,
915 969 983 1010 non
998 965 1074 1020 ante
1089 949 1145 1016 de·

91 1043 171 1127 stitit,
182 1069 277 1132 quarn
290 1046 358 1111 dies
369 1046 411 1110 ab
422 1061 566 1133 utroque
579 1045 748 1111 mittendis
762 1047 956 1112 exercitibus
970 1047 1145 1118 diceretur.

91 1144 123 1207 ld
132 1147 182 1211 ubi
197 1165 246 1213 est
255 1147 380 1212 [actum
389 1197 398 1228 ,
407 1147 600 1237 magistratu
608 1148 760 1212 consules
776 1147 958 1214 abiverunt.
972 1151 1014 1231 Q.
1025 1150 1146 1218 deinde

90 1245 262 1332 Hortensio,
288 1251 330 1331 Q.
343 1249 472 1313 Caecilio
489 1248 640 1331 Metello,
660 1250 718 1335 qui
736 1265 849 1336 postea
868 1251 1016 1315 Creticus
1035 1255 1146 1342 appel-

89 1344 160 1410 latus
176 1365 237 1429 est,
252 1348 461 1431 consulibus,
477 1349 637 1436 templum
656 1349 743 1413 loris
760 1351 795 1412 in
809 1351 986 1443 Capitolio,
1000 1355 1092 1442 quod
1105 1378 1145 1420 ex

88 1446 271 1514 sullanorum
298 1467 486 1537 temporum
513 1450 632 1529 injuria
655 1471 754 1538 super
776 1451 893 1516 iisdem
922 1453 1144 1523 fundamentis

88 1551 228 1615 refectum
240 1567 325 1632 erat,
341 1552 417 1633 aQ.
428 1551 545 1615 Catulo
560 1549 747 1616 dedicatum
759 1567 827 1634 est3
844 1575 943 1641 quem
958 1557 1067 1621 solunt
1080 1559 1143 1624 ho·

88 1671 187 1716 norem
198 1653 343 1718 felicitati
351 1675 418 1717 suae
429 1652 590 1732 defuisse,
602 1652 792 1717 confessum
802 1671 1021 1744 questumque
1033 1661 1069 1724 L.
1076 1661 1146 1724 Sul·

88 1747 141 1814 hm
153 1753 268 1820 lerunt.
282 1757 321 1818 ln
338 1775 376 1817 ea
388 1751 610 1834 dedicatione,
627 1775 733 1842 quum
745 1754 922 1821 vehemens
935 1774 1032 1823 aestus
1049 1779 1144 1843 esset,

88 1850 123 1932 Q.
132 1852 257 1921 Catulus
275 1855 355 1920 velis
369 1856 518 1943 expansis
533 1852 683 1918 umbram
696 1853 765 1918 lieri
785 1857 908 1945 populo
918 1858 1034 1942 jussit,
1052 1862 1144 1950 quod

87 1949 222 2044 deinceps
239 1957 275 2021 in
294 1956 429 2020 theatris
448 1970 498 2019 est
512 1956 768 2044 frequentatum.

122 2057 254 2123 XXXII.
272 2059 334 2123 His
355 2057 546 2121 consulibus
567 2080 710 2121 romanae
730 2058 849 2146 copiae,
870 2059 1065 2148 imperatore
1082 2065 1147 2128 Lu-

87 2157 177 2239 cullo,
194 2161 342 2224 maximis
355 2155 527 2224 itineribus
541 2183 601 2248 per
614 2181 754 2248 regnum
767 2161 992 2226 Ariobarzanis
1011 2181 1148 2231 conten·

86 2255 192 2323 denmt
203 2261 244 2326 ad
255 2261 555 2355 Euphratemque
570 2261 606 2323 in
622 2278 713 2348 parte
725 2262 926 2350 Cappadocia
942 2264 983 2328 ab
995 2267 1148 2333 Armenia

86 2356 267 2453 disjungitur
278 2388 288 2428 ι
299 2380 332 2427 et
343 2386 531 2452 quanquam
545 2361 587 2426 ad
598 2361 634 2425 id
647 2385 744 2427 naves
759 2362 925 2428 codicariae
942 2368 1079 2432 occulto
1088 2393 1148 2459 per

84 2459 211 2530 hiemem
228 2468 413 2531 fabrefactae
428 2464 580 2547 aderant,
598 2480 707 2529 tamen
727 2465 872 2529 hibernis
888 2468 981 2555 aquis
997 2470 1144 2535 tumidus

85 2567 176 2631 annis
191 2568 384 2634 transeundi
399 2584 525 2631 metum
543 2566 698 2645 iaciebat,
717 2565 774 2629 sed
791 2568 871 2631 mira
889 2568 1040 2634 felicitate
1057 2574 1144 2637 circa

84 2686 239 2755 vesperam
258 2672 329 2753 ejus
343 2669 407 2734 diei
422 2669 590 2733 subsidere
607 2667 731 2733 flumen
746 2670 859 2756 coepit,
876 2686 908 2734 et
922 2670 1041 2736 fluctus
1059 2674 1145 2739 intra

85 2765 197 2835 alveum
206 2794 368 2837 coercere.
380 2771 484 2860 Igitur
492 2771 623 2849 accolae,
635 2791 740 2856 quum
752 2769 878 2835 reddita
889 2772 963 2835 luce
973 2796 1041 2837 non
1052 2774 1147 2840 inlla·

86 2867 139 2932 tior
152 2873 247 2938 solito
263 2873 449 2961 Euphrates
463 2894 575 2959 parvas
594 2872 629 2935 in
652 2868 768 2934 mediis
784 2873 876 2959 aquis
893 2873 1015 2937 insulas
1034 2892 1145 2940 osten-

86 2966 182 3056 deret,
201 2974 424 3040 adoraverunt
445 2974 636 3054 Lucullum,
659 2974 802 3036 amicum
828 2974 891 3037 deo
914 2976 1147 3063 imperatorem
1193 3009 1194 3013 ¹

85 3074 153 3156 rati,
174 3079 267 3158 cujus
293 3077 430 3141 honoris
452 3098 549 3140 eausa
571 3090 689 3163 praeter
711 3074 845 3137 solitum
869 3090 933 3139 tam
958 3076 1023 3141 cito
1044 3081 1149 3144 amnis

87 3170 304 3246 detumuisset.

35 3313 36 3346 1
121 3280 276 3347 XXXIII.
290 3281 362 3345 Alia
380 3278 516 3360 deinde,
538 3278 628 3343 haud
652 3279 763 3343 minus
787 3278 935 3359 insolita,
961 3303 1012 3345 res
1039 3283 1147 3347 oblata

85 3390 294 3472 transgresso,
313 3382 507 3471 opinionem
524 3381 699 3445 hominum
717 3379 867 3445 firmavit.
886 3381 1043 3447 Pascebat
1060 3385 1094 3449 in
1114 3410 1150 3451 ea

85 3482 205 3567 regione
227 3485 366 3549 Persice
386 3484 500 3548 Dianae
522 3506 650 3548 saonam
671 3500 876 3565 armentum,
899 3486 1053 3571 peculiari
1074 3506 1152 3552 nota

85 3581 218 3675 insigne,
238 3603 273 3653 et
285 3586 440 3650 humanis
457 3585 571 3648 usibus
588 3600 774 3671 exemptum
790 3608 798 3647 ε
814 3607 854 3648 ex
874 3608 932 3666 eo,
947 3585 1006 3649 ubi
1022 3602 1152 3677 tempus

88 3686 223 3753 sacrificii
239 3689 400 3769 venisset,
413 3687 609 3776 plerumque
625 3708 694 3748 non
714 3686 785 3749 sine
799 3708 920 3777 magno
937 3687 1047 3753 labore
1060 3691 1153 3754 victi·

116 3857 132 3922 S
142 3862 227 3913 XXX.
236 3863 305 3913 Plut.
315 3863 343 3911 in
353 3865 441 3928 Pomp.
456 3877 512 3927 cap.
526 3859 571 3919 35,
588 3870 613 3908 ct
621 3860 703 3909 Crass.
714 3876 769 3925 cap.
781 3862 826 3910 23.
842 3888 878 3898 -
892 3862 1002 3926 Appian.
1013 3863 1068 3911 Civ.
1079 3863 1123 3913 lib.
1135 3868 1154 3912 l.

85 3941 138 4007 -S
150 3946 250 3997 XXXI.
259 3948 293 3997 U.
305 3947 334 3997 C.
345 3946 408 4008 6⁸³3
417 3946 448 3993 Α.
460 3947 490 3996 C.
501 3946 545 4007 69.
557 3970 592 3981 -··
600 3944 709 4009 Appiam
719 3971 755 3981 —
762 3944 825 3993 Plut.
836 3946 862 3992 ln
871 3946 965 3993 Public.
974 3962 1028 4012 cap.
1041 3947 1082 4005 23,
1095 3949 1154 3996 etin

88 4024 165 4092 Pomp,
179 4058 214 4067 —-
227 4030 363 4095 1.iv.1¹.pit.
377 4057 412 4067 -
420 4029 528 4092 Dionys.
543 4027 623 4075 Halic.
635 4029 682 4085 tv,
696 4028 740 4088 69.
754 4054 790 4063 -
803 4026 942 4075 Cassiodor.
954 4028 1047 4078 Chron.
1057 4058 1091 4067 -
1101 4032 1154 4081 Cic.

88 4106 111 4153 in
122 4112 188 4162 verr.
199 4116 247 4173 tv,
260 4114 496 4171 31.-1>tin.vt1,
507 4112 549 4168 43.
561 4138 596 4147 —-
606 4113 666 4157 Tac.
676 4112 741 4157 Hist.
753 4112 800 4166 lll,
814 4126 855 4169 7²·
865 4110 956 4157 -Vat
966 4114 1033 4161 Max.
1041 4115 1079 4173 11,
1090 4124 1155 4172 4.-

85 4184 103 4253 ’ς
112 4196 220 4247 txxn.
233 4200 301 4247 atur.
315 4200 341 4249 tn
356 4196 472 4258 tuente,
484 4212 537 4260 ap.
550 4196 591 4243 σι.
606 4222 637 4232 -
651 4194 714 4242 ann.
728 4194 806 4251 xix,
821 4208 882 4239 t.--
894 4194 989 4243 satiust.
1000 4196 1063 4246 utu.
1075 4200 1121 4259 rt,
1132 4216 1159 4265 9·

197 4298 242 4366 Χ,
915 4314 959 4358 22
1027 4384 1035 4401 ἱ
