2875 4900
296 389 352 458 IN
383 388 498 457 LOC.
525 389 621 457 LIB.
651 389 742 457 CXI
770 389 988 459 LIVIANI.
1110 411 1179 485 7¹7

107 506 309 596 praeveniret.
321 509 360 571 In
375 530 414 571 eo
426 508 558 590 itinere,
572 531 675 596 quum
688 531 797 598 neque
809 507 944 590 diebus,
958 531 1067 597 neque
1079 510 1185 574 nocti·

107 610 171 675 bus
187 608 474 692 intermitteretur,
492 610 589 674 stris
602 607 643 675 ad
659 610 771 674 cibum
789 609 984 699 capiendum
998 611 1074 674 satis
1092 609 1184 675 dare·

109 726 165 775 tur
186 711 303 798 spatii,
327 709 475 797 Pompeii
501 710 618 774 milites
643 711 678 776 in
705 734 781 776 eum
803 728 929 776 metum
949 728 1123 793 venerant,
1146 728 1186 776 ut

109 809 221 878 adesse
245 813 373 876 hostem
397 811 521 898 ubique
542 828 715 900 putarent,
739 829 773 876 et
794 813 828 876 in
851 812 953 900 Epiro
972 810 1185 900 finitimisque

109 913 298 1003 regionibus
330 913 420 1002 signa
449 933 551 1000 prope
580 935 695 976 ornnes
722 914 966 1000 relinquerent,
994 912 1183 1002 complures

109 1037 198 1079 arma
216 1012 422 1102 projicerent.
442 1013 551 1076 Evasit
570 1029 678 1076 tamen
696 1012 738 1078 ad
752 1013 993 1103 Dyrrhachium
1007 1012 1184 1102 Pompeius

109 1116 217 1205 prior,
233 1115 410 1202 castrisque
430 1135 533 1202 prope
552 1113 710 1202 oppidum
729 1115 861 1203 positis,
881 1112 1058 1178 exercitum
1074 1136 1115 1178 ex
1126 1136 1184 1176 re·

108 1217 256 1282 hementi
269 1215 532 1281 consternatione
546 1216 679 1303 recepit.

154 1318 247 1381 XIII.
274 1316 324 1380 Ibi
349 1316 510 1380 Labienus
539 1317 690 1405 princeps
709 1316 819 1397 jurare
842 1318 955 1406 coepit,
976 1339 1009 1380 se
1030 1339 1101 1382 eum
1121 1337 1186 1380 noa

110 1419 320 1499 deserturum,
337 1417 520 1505 eosdemque
534 1417 708 1481 subiturum
724 1439 797 1480 cum
811 1439 847 1479 eo
862 1439 954 1480 casus
964 1443 976 1481 .·
986 1418 1074 1483 idem
1091 1417 1186 1482 dein·

92 1519 94 1524 ’
112 1543 187 1608 ceps
207 1519 332 1584 tribuni
350 1519 642 1607 centurionesque,
658 1535 690 1582 ct
709 1533 877 1606 postremo
891 1519 1009 1584 milites
1024 1521 1185 1586 fecerunt.
1211 1535 1216 1546 '

111 1625 232 1713 Igitur,
255 1620 420 1711 prisquarh
443 1621 607 1685 Antonius
631 1642 706 1684 cum
731 1619 864 1706 reliquis
884 1620 987 1707 copiis
1011 1643 1046 1684 se
1070 1622 1187 1686 Caesari

111 1725 341 1813 conjungeret,
358 1722 438 1786 huic
455 1723 565 1785 noceri
581 1743 676 1810 posse
691 1743 844 1810 sperans,
864 1720 905 1785 ad
922 1719 1044 1786 llumcn
1061 1726 1187 1812 Apsum

110 1825 288 1915 processit,
315 1822 405 1912 quod
429 1821 508 1886 fines
532 1823 837 1911 Dyrrhachinorum
862 1821 1194 1914 Apolloniatiumque'

112 1925 326 1990 disterminat.
352 1923 454 2007 Simili
473 1946 529 2012 spe
553 1940 666 1988 contra
682 1940 793 1988 movet
811 1925 928 1988 Caesar.
951 1923 1017 1988 Sed
1032 1925 1091 1988 ubi
1106 1919 1188 1989 ven)

112 2044 185 2092 tum
212 2024 252 2092 ad
277 2025 419 2107 flumen,
449 2024 653 2113 majoresque
678 2024 826 2113 Pompeii
848 2025 932 2088 vires
954 2025 1126 2114 cognovit,
1151 2027 1185 2090 iu

113 2129 236 2194 finibus
251 2127 505 2217 Apolloniatium
517 2127 629 2215 posuit
639 2143 758 2208 castra,
774 2142 814 2189 ut
827 2125 914 2189 inter
926 2125 1011 2189 dnos
1027 2127 1187 2192 exercitus

112 2229 236 2294 flumen
248 2231 436 2309 interesset,
451 2243 603 2291 caeterum
618 2226 728 2292 videre
739 2227 896 2308 invicem,
910 2242 944 2290 et
956 2226 1099 2314 colloqui
1113 2250 1188 2315 pos·

111 2348 197 2396 sent.
214 2331 263 2395 Eo
280 2331 354 2394 loco
375 2331 478 2392 Caesar
501 2344 685 2416 exspectare
704 2327 914 2393 brundisinus
930 2328 1040 2416 copias
1062 2330 1186 2396 statuit.
1279 2401 1285 2412 ι

113 2432 179 2499 Sed
192 2432 253 2496 illae
267 2454 370 2521 quum
383 2452 400 2493 a
413 2428 511 2494 Fusio
525 2430 647 2495 Caleno
663 2429 925 2511 adducerentur,
938 2429 1044 2495 literar·
1054 2432 1187 2495 Caesaris

112 2535 154 2601 ad
179 2536 337 2599 Calenum
360 2533 460 2597 allatae
482 2548 582 2615 sunt,
608 2532 728 2620 quibus
747 2555 861 2596 omnes
886 2547 1002 2621 portus
1025 2532 1186 2621 litoraque

113 2636 219 2702 teneri
235 2636 389 2700 classibus
406 2634 663 2699 adversariorum
682 2633 890 2723 significahat.

157 2738 246 2802 XIV.
264 2738 369 2827 Igitur
384 2737 539 2818 Calenus,
564 2758 666 2823 quum
686 2735 820 2823 paulum
843 2755 1034 2825 progressus
1051 2757 1070 2798 a
1086 2750 1187 2821 portu

112 2840 249 2921 fuisset,
272 2836 483 2903 Brundisium
504 2838 643 2926 repetiit.
664 2838 738 2901 Una
756 2837 863 2920 naris,
875 2832 957 2925 'quae
975 2836 1092 2901 milites
1109 2839 1186 2901 nul·

113 2944 163 3006 los
179 2941 337 3020 vehebat,
354 2962 477 3027 quum,
495 2940 633 3028 imperio
648 2954 855 3027 contempto,
871 2938 1017 3026 profecta
1030 2954 1130 3021 esset,
1145 2939 1187 3003 ad

114 3044 250 3108 Oricum
274 3058 457 3131 expugnata
477 3058 525 3105 est
550 3064 568 3104 a
589 3040 725 3122 Bibulo,
749 3062 930 3128 omnesque
948 3040 1106 3129 puberes,
1128 3042 1187 3129 qui

113 3147 145 3209 in
167 3166 204 3208 ea
223 3160 332 3226 erant,
356 3142 515 3231 supplicio
532 3142 649 3206 affecti.
669 3140 801 3205 Caesaris
817 3140 978 3229 legiones,
1002 3140 1185 3228 quas-idem

113 3245 296 3333 periculum
313 3242 533 3331 exspectabat,
550 3242 651 3307 literis
669 3242 738 3321 ejus
754 3243 943 3329 tempestive
956 3244 1103 3331 perlatis,
1119 3243 1187 3309 lor·
1214 3319 1218 3332 Ι

115 3364 195 3411 tuna
213 3346 359 3411 servavit.
377 3345 439 3408 Per
455 3342 567 3408 eadem
583 3361 732 3431 tempora
748 3345 869 3425 Caesar,
886 3344 954 3407 sive
967 3366 1079 3409 revera
1092 3348 1186 3436 cupi·

113 3449 177 3513 dus
190 3448 297 3537 pacis,
311 3448 395 3527 sive,
413 3443 503 3533 quod
518 3444 618 3534 magis
630 3460 680 3509 est
691 3443 860 3525 credibile,
875 3445 1031 3532 temporis
1043 3444 1186 3513 ducendi

114 3550 229 3641 gratia,
247 3549 354 3614 donec
369 3547 530 3611 auctiores
546 3546 712 3609 habuisset
729 3545 854 3633 copias,
873 3546 972 3609 simul
987 3545 1186 3614 adversario-

113 3674 189 3713 rum
211 3648 395 3739 pertinaciae
413 3668 552 3737 gnarus,
572 3663 605 3711 et
621 3650 660 3710 'ex
681 3646 743 3709 hac
759 3646 873 3710 odium
888 3648 950 3711 illis
965 3649 1114 3713 omnium
1131 3675 1187 3739 pa·

113 3774 210 3833 rans,
232 3751 354 3815 nullam
375 3750 580 3813 occasionem
606 3746 836 3813 tentandamm
855 3747 1082 3813 conditionum
1101 3774 1185 3839 prae·

114 3854 263 3919 termisit.
288 3851 342 3918 Ad
362 3853 496 3916 Oricum
517 3850 612 3940 legati
632 3849 765 3914 Coesaris
783 3848 829 3914 Μ.
846 3850 986 3931 Acilius,
1008 3851 1044 3915 L.
1065 3852 1185 3919 Statius

114 3956 269 4036 Murcus,
286 3976 362 4019 cum
379 3952 496 4025 Bibulo
515 3967 548 4016 et
562 3952 688 4017 Libone
703 3951 885 4038 colloquuti
902 3950 999 4039 (nam
1014 3952 1185 4036 hiemare,

149 4162 166 4227 ς
178 4164 237 4211 llll.
248 4162 309 4209 Cas.
321 4188 354 4199 -
365 4162 422 4209 Dio.
431 4187 465 4198 -
477 4158 580 4212 Ptolem.
593 4158 741 4217 111‚13.-
755 4156 953 4216 Lucan-V,471.
