2875 4900
193 412 244 480 IN
272 410 388 481 LOC.
412 410 504 479 LIB.
531 409 775 480 LXXXVIII
809 410 1021 479 LIVIANI.
1073 412 1132 480 181

134 530 182 593 Vl.
210 528 246 593 ld
267 552 400 619 quoque
424 530 551 595 frustra
563 532 628 596 luit
646 553 655 595 ι
676 553 754 619 ergo
777 552 879 619 quum
904 552 1010 621 neque
1030 546 1144 621 tenere

100 630 280 717 pmpositum
297 646 450 718 possent,
468 646 501 695 et
513 632 655 696 Instante
666 631 744 695 hinc
756 632 861 712 Sulla,
876 630 953 695 inde
965 632 1139 719 Pompeio,

100 750 188 815 neque
206 730 357 819 progredi
372 732 484 813 facile,
499 754 606 820 neque
623 731 751 821 regredi
766 746 875 795 tutum
890 731 1071 814 videretur,
1086 756 1142 796 no·

99 844 198 894 ctumo
211 832 327 897 itinere
339 834 476 895 Romam
488 833 669 920 petierunt,
685 832 830 895 virorum
848 848 881 895 et
899 848 1138 897 commeatuum

98 930 189 1017 inopia
206 932 295 996 baud
313 931 477 997 difficilem
499 950 597 1020 captu
613 932 777 1011 arbitrati3
801 930 890 995 etad
909 931 1140 997 duodecimum

98 1052 185 1117 neque
197 1034 334 1121 amplius
347 1034 388 1097 ab
397 1034 486 1098 Urbe
498 1033 636 1123 lapidem
651 1048 752 1097 castra
768 1032 801 1095 in
816 1032 942 1097 Albano
957 1048 1068 1096 monte
1084 1056 1141 1122 po·

96 1148 222 1196 suerunt.
236 1134 288 1197 lbi
300 1150 399 1198 nocte
413 1150 541 1216 exacta,
555 1132 644 1197 baud
660 1134 773 1221 ειίυσιιιι
788 1156 861 1196 cum
879 1154 935 1221 spe
947 1180 955 1213 ,
973 1133 1063 1220 quod
1075 1150 1143 1196 tan·

96 1230 127 1293 tis
140 1246 248 1319 totque
266 1232 405 1297 ducibus
420 1235 670 1321 Imposnissent,
688 1234 785 1297 simul
798 1254 873 1297 cum
890 1234 962 1297 luce
978 1236 1140 1320 profectos

95 1350 126 1392 tx
138 1331 213 1396 urbe
227 1333 355 1397 nobiles
372 1334 525 1415 juvenes,
541 1356 607 1397 una
623 1356 699 1397 cum
714 1336 774 1421 Ap.
791 1333 927 1397 Claudio
942 1336 1059 1424 insigni
1070 1336 1140 1399 viro

94 1430 275 1497 ceciderunt.
301 1434 476 1523 Octoginta
497 1436 596 1499 millia
617 1433 811 1497 bellatorum
834 1450 945 1515 erant3
969 1434 1140 1499 dimidium

94 1530 150 1607 ejas
166 1534 293 1597 numeri
309 1534 468 1599 Samnites
483 1535 678 1622 implebant,
698 1554 782 1621 quos
807 1534 893 1597 solos
911 1536 1059 1599 omnium
1075 1537 1140 1599 lta·

94 1630 214 1697 licomm
230 1656 320 1699 arma
335 1635 510 1700 retinentes
527 1637 664 1700 Pontius
679 1634 848 1699 Telesinus
865 1636 941 1698 civ-is
956 1635 1142 1701 eorumdu-

93 1731 188 1815 cebat,
202 1735 253 1798 rir
267 1733 357 1799 domi
379 1735 521 1824 bellique
539 1736 751 1817 lortissImus,
768 1750 801 1815 et
818 1735 942 1823 magnis
958 1737 1140 1801 certamini-

94 1830 145 1895 bns
157 1834 363 1901 inveteratus.

105 1934 192 1999 -v11.
210 1938 317 2026 Igitur
335 1960 440 2026 quum
463 1962 515 2005 res
539 1940 581 2006 ad
603 1962 769 2005 summurn
789 1943 940 2011 timorem
965 1958 1137 2031 spectaret,

93 2032 226 2124 Urbsqne
249 2054 319 2103 tota
344 2041 491 2105 tumultu
513 2058 547 2105 et
575 2042 770 2107 clamoribus
797 2042 954 2130 sequioris
982 2042 1141 2157 pmprue

91 2153 172 2200 sexus
188 2156 395 2225 personaret,
410 2142 535 2231 primus
550 2142 618 2205 ab
607 2158 803 2231 imperatore
818 2142 906 2207 Sulla
922 2165 997 2206 curn
1016 2142 1139 2230 septin-

38 2251 39 2262 ’
91 2237 181 2321 gentis
193 2239 360 2326 equitibus
372 2242 471 2305 citato
486 2264 584 2306 cursu
598 2243 717 2307 Balbus
730 2243 843 2306 alluit·
835 2243 915 2330 ,qui
930 2256 1056 2305 tanturn
1069 2264 1141 2305 mo-

38 2311 39 2384 l
90 2350 186 2421 ntus,
207 2338 316 2404 donec
340 2340 443 2407 sudor
466 2364 626 2430 equorum
651 2342 863 2422 consisteret,
890 2342 997 2405 statim
1021 2343 1139 2405 iterum

37 2434 194 2501 Irenari
215 2462 274 2504 eos
290 2440 405 2524 jussit,
421 2459 454 2508 et
471 2442 513 2508 ad
530 2442 755 2508 distinendum
774 2442 903 2508 bostem
924 2443 1138 2533 precucurrit.

37 2532 38 2547 ¹
90 2533 209 2604 Interim
226 2541 336 2623 Sulla,
352 2545 468 2632 raptim
484 2545 627 2609 exercitu
643 2544 763 2624 ducto,
780 2544 821 2608 ad
837 2559 963 2632 portam
981 2545 1139 2608 Collinam

89 2636 161 2702 circa
176 2641 347 2708 meridiem
360 2645 525 2731 pervenit,
541 2647 719 2732 castrisque
740 2643 780 2708 ad
801 2647 934 2710 Veneris
952 2647 1063 2709 lanum
1082 2667 1141 2732 po·
1254 2667 1257 2673 ·

89 2735 165 2820 titis,
187 2759 226 2807 ut
258 2743 382 2831 quique
409 2746 550 2832 primum
579 2744 794 2826 advenerant,
822 2746 981 2833 prandere
1004 2746 1141 2826 milites,

89 2835 193 2906 deinde
206 2845 243 2908 in
259 2845 363 2909 aciem
379 2846 541 2926 assistere,
554 2846 659 2926 jussit.
671 2849 741 2911 lam
756 2848 842 2910 enim
856 2864 889 2911 et
903 2848 1012 2910 hostes
1028 2844 1069 2908 ad
1083 2846 1142 2906 Ur·

90 2939 152 3007 bern
165 2963 271 3010 cestra
286 2947 502 3013 metabantur.
518 2948 569 3012 lbi
584 2947 749 3012 Dolabella
761 2963 794 3012 et
805 2949 989 3035 Torquatus
1005 2967 1140 3032 magno·

89 3062 155 3126 pere
174 3048 297 3112 Sullam
320 3048 472 3112 obtestati
495 3065 591 3129 sunt,
610 3080 624 3104 ι
637 3071 680 3112 ne
703 3049 824 3112 lassatis
844 3047 959 3111 itinere
984 3045 1140 3109 militibus

89 3148 209 3232 ·patn're
222 3149 361 3214 salutem
376 3149 410 3212 in
426 3149 523 3212 unius
536 3171 655 3239 pugnis
667 3148 842 3212 discrimen
858 3146 1084 3210 committeret.

125 3247 208 3315 VIII.
229 3281 243 3305 ι
254 3251 330 3315 Νοιι
345 3249 484 3313 Marium
498 3271 538 3314 ex
554 3248 690 3313 adverso
705 3263 739 3312 et
752 3244 1142 3326 Carbonem,·inimicissi·

89 3367 171 3412 ·mos
196 3351 369 3431 homines,
395 3351 561 3414 Romanos
586 3367 694 3414 temen
708 3398 716 3431 ,
744 3347 801 3413 sed
823 3349 1038 3437 Lamponium
1065 3371 1140 3412 cum

90 3447 255 3532 damnis,
271 3450 329 3514 sed
345 3473 420 3514 cum
438 3451 638 3515 Samnitibus
652 3450 839 3514 Telesinam
851 3449 1044 3530 consistere,
1061 3448 1142 3511 infe·

90 3548 257 3616 «sdssimos
271 3573 409 3616 romano
427 3551 573 3631 nomini,
595 3550 921 3637 bellicosissimosque
937 3567 971 3615 et
980 3550 1140 3638 populos,

91 3664 137 3710 ·et
147 3649 254 3719 duces.
269 3655 376 3739 Atque
391 3653 465 3716 illos
476 3653 652 3716 multarum
666 3651 821 3715 horarum
836 3652 978 3738 quietem
989 3649 1140 3715 curandis

91 3753 289 3839 ·oorporibns
304 3741 563 3842 consumpsime:
578 3752 640 3816 sibi
656 3753 788 3840 suisque
802 3753 899 3818 simul
911 3750 1060 3816 faciunda
1070 3773 1142 3813 om-

91 3849 170 3932 ·nia,
184 3853 350 3936 eundum,
363 3854 607 3942 prandendum,
620 3853 835 3943 pugnandum
847 3875 930 3932 esse;
950 3875 1017 3914 non
1032 3851 1141 3937 equis,

119 4060 186 4124 SVI.
198 4067 264 4116 Flos.
273 4069 320 4126 m,
332 4085 376 4119 ar.
384 4095 419 4106 -
428 4067 710 4132 Plutarch-Appiae.
723 4093 757 4106 -
769 4065 785 4131 s
797 4058 1146 4127 vl1.Apptan.-t¹tunrch.

92 4167 118 4178 “
130 4147 236 4206 Oronv,
249 4166 292 4198 an.
