2875 4900
146 360 149 367 '
282 352 353 425 506
453 352 887 423 10.uunlnsnnn11
918 354 1165 434 SUPPLEM.

278 474 393 565 populi
406 471 534 537 mmeni
548 472 716 563 provincia
730 472 804 539 init.
821 474 989 551 Οοπιῃῐιιιι
1004 474 1109 537 Cesar
1125 472 1282 561 triplicem
1299 474 1342 537 ie·

279 578 341 660 cit,
357 577 468 667 belgas
486 600 505 641 a
523 575 642 641 Rheno
661 574 704 639 ad
718 576 922 663 Sequanam,
935 576 1040 641 Celtas
1059 575 1145 640 iuter
1163 574 1341 663 Sequanam

279 696 314 743 et
338 680 558 761 Garumnam
580 677 740 765 reliquam
767 694 915 767 partem,
938 699 1010 766 qnae
1035 676 1221 759 Garumna,
1245 678 1342 766 Pyre·

268 781 424 869 meisque
445 796 479 845 et
497 781 631 845 Oceano
650 778 831 861 clauditur,
853 779 1001 845 attribuit
1023 780 1202 866 Aqmtanis.
1225 779 1291 844 Sed
1309 802 1343 843 aa

278 904 384 969 quum
402 881 568 945 videretur
587 880 731 968 ineptior
750 879 882 963 divisio,
897 879 987 969 quod
1006 896 1040 945 et
1058 880 1281 944 Narbonensis
1297 904 1344 945 es·

278 981 472 1047 <ludebatur
482 980 662 1068 provincia,
674 997 708 1046 et
718 982 900 1070 Aquitania
913 980 1008 1063 lines,
1018 997 1206 1045 cemmmm
1216 1003 1344 1071 compa·

278 1082 405 1147 ratione
420 1083 580 1171 partium,
599 1081 697 1147 nimis
710 1083 808 1148 exiles
819 1082 1026 1163 viderentur3
1044 1085 1209 1173 Augusnrs
1223 1085 1342 1163 Caesar,

278 1182 441 1273 quidquid
458 1184 542 1247 intra
559 1183 674 1271 Alpes,
694 1206 784 1247 mare
805 1182 1096 1264 meditemneum,
1112 1199 1146 1247 et
1158 1183 1341 1262 Omont,

278 1298 312 1349 et
336 1284 489 1348 Rhenum
512 1300 671 1349 terrem
690 1283 792 1367 jacet,
816 1306 886 1349 uno
907 1284 1082 1351 Gallianum
1105 1283 1239 1349 nomine
1257 1308 1342 1349 cont·

278 1386 410 1474 plexus,
426 1384 608 1473 Aquitaniae
625 1386 775 1451 nationes
790 1384 908 1467 adjecit
920 1384 1168 1474 quatuordecim
1185 1408 1194 1449 ε
1212 1386 1341 1451 nniver-

278 1508 322 1549 ste
330 1486 440 1551 Galliae
453 1487 635 1575 provintias
646 1488 818 1554 constitnit
828 1504 989 1575 quatuor,
1002 1487 1207 1553 Narbonensi
1218 1486 1341 1567 addim

278 1608 353 1674 que
363 1587 483 1658 iterum
499 1587 562 1651 snb
579 1590 727 1676 tempora
740 1588 948 1654 Constantini
960 1587 1178 1653 discessenrnt
1192 1589 1226 1651 in
1241 1604 1341 1677 partes

278 1688 526 1777 septemdecim
549 1712 622 1778 qnae
643 1689 762 1755 deinde
780 1689 911 1780 partitio
935 1712 955 1755 a
972 1686 1127 1755 Romanis
1148 1712 1280 1778 semper
1299 1704 1340 1753 est

276 1804 412 1855 micula.

260 1904 265 1916 ’
322 1892 536 1957 cxxxvln.
557 1894 635 1974 Ejus
658 1894 728 1957 baec
749 1909 799 1959 est
814 1893 927 1958 notitia
947 1915 955 1958 :
974 1891 1186 1971 Viennensis,
1210 1890 1339 1980 lngdn·

278 1994 406 2075 nensis,
422 1994 597 2058 Germania
617 1995 740 2084 prima,
760 1994 932 2059 Germania
954 1990 1113 2073 secunda,
1136 1990 1265 2080 Belgimt
1279 1990 1338 2078 pri·

278 2118 348 2176 ma,
369 2095 495 2184 Belgica
513 2094 673 2179 secunda,
694 2096 792 2185 Alpes
812 2095 997 2175 maritime,
1018 2094 1114 2181 Alpes
1138 2092 1295 2155 Penninae
1312 2104 1339 2153 ct

278 2196 397 2278 Graiae,
421 2196 562 2260 Maxima
588 2197 831 2284 Sequanorum,
853 2195 1043 2283 Aquitanica
1066 2194 1185 2282 prime,
1208 2194 1336 2279 Aquita·

276 2296 350 2359 nica
379 2296 545 2379 secunda,
569 2298 696 2362 Novem
721 2298 944 2386 populorum,
970 2294 1192 2361 Narbonensis
1224 2295 1337 2381 prima,

277 2397 498 2463 Narbonensis
518 2398 678 2481 secunda,
695 2399 924 2490 Lugdunensis
940 2396 1099 2478 secunda,
1117 2394 1337 2485 Lugdunensis

244 2516 248 2522 “
278 2503 390 2582 tertia,
408 2501 636 2592 Lugdunensis
653 2502 805 2567 senonia.
823 2502 946 2565 Harum
961 2499 1153 2564 Viennensis
1165 2497 1265 2562 hodie
1278 2495 1338 2561 Dei·

270 2600 426 2687 phisonis
448 2619 605 2685 vocetur,
628 2607 715 2668 inter
739 2603 854 2669 fluvios
878 2604 999 2667 lsnram
1021 2599 1285 2687 Rhodanumque
1302 2595 1336 2660 ad

276 2701 357 2766 iines
372 2705 586 2796 Allobrogum
607 2707 686 2787 sita5
702 2707 796 2786 cujus
818 2705 998 2770 etiamnum
1017 2719 1115 2790 eaput
1135 2703 1262 2766 Vienna
1280 2715 1336 2776 est,

275 2803 508 2893 archiepiscopi
533 2799 643 2889 sedes,
669 2807 754 2870 sicut
778 2807 856 2870 olim
877 2805 1055 2870 consularis
1084 2805 1156 2868 luit.
1180 2805 1336 2889 Pleraque

276 2907 365 2969 enim
382 2929 497 2971 omnes
515 2909 630 2989 nrbes,
652 2931 732 2997 quas
757 2931 930 2973 romanum
955 2907 1128 2995 imperinm
1150 2905 1336 2994 metropoles

275 3007 370 3088 iecit,
384 3010 671 3099 archiepiscopales
688 3025 801 3098 postea
820 3010 1022 3074 exstiterunt.

320 3111 503 3176 CXXXIX.
521 3113 681 3177 Ceterum
700 3112 800 3176 urbes
825 3111 1018 3176 Viennensis
1041 3111 1215 3198 provinciae
1236 3111 1269 3173 in
1290 3106 1335 3170 iti·

275 3213 417 3292 uerario,
443 3213 535 3298 quod
553 3213 712 3277 Antonini
734 3229 875 3292 vocent,
897 3227 1052 3276 notantur
1071 3209 1333 3297 quatuordecim:

248 3317 253 3326 '
275 3310 400 3375 Vienna
413 3313 622 3402 metropolis,
635 3314 746 3380 civitas
759 3313 1015 3388 Genevensinm,
1031 3311 1337 3398 Gmtianopolitano·

274 3420 361 3491 rum,
377 3413 569 3478 Albensium
582 3437 642 3478 sen
657 3415 875 3496 Vivariorum,
887 3414 1073 3495 Deensium,
1086 3412 1335 3488 Valentinomut,

275 3512 552 3596 Tricastinorum,
577 3516 844 3598 vasionensium,
866 3515 1115 3593 Arausioorum,
1131 3514 1335 3601 Carpentora-

190 3660 195 3677 .
275 3613 449 3695 ctensium,
461 3616 711 3697 cabellicorum,
726 3617 986 3697 Massiliensium,
998 3615 1254 3693 Avennicorum,
1268 3614 1335 3676 Are·

274 3714 447 3778 latensinm
468 3739 476 3779 :
496 3737 569 3802 qum
596 3738 712 3782 omnes
736 3719 802 3782 suis
831 3718 955 3800 adhuc,
978 3732 1035 3781 aut
1057 3715 1192 3804 paulurn
1213 3711 1334 3778 dellens

274 3815 464 3880 nominibus
484 3831 685 3898 noscuntur,
708 3819 846 3883 totidem
868 3841 959 3883 nunc
983 3818 1204 3907 episcopatus,
1230 3829 1335 3903 preter

274 3917 356 3982 duas
371 3918 518 4001 ultimas,
535 3918 863 4008 archiepiscopalibus
879 3921 990 3986 infulis
1002 3920 1155 4009 insignes.
1174 3918 1333 3984 Gratiano·

310 4104 327 4168 s
341 4107 499 4157 csxsvu.
513 4107 601 4174 salig.
616 4107 695 4177 nour.
708 4107 804 4159 nnus.
