2875 4900
247 381 302 450 ΙΝ
330 381 445 450 LOC.
472 381 568 450 LIB.
594 381 761 452 XCVIII
794 383 1008 452 LIVIANI.
1092 377 1160 478 357

100 500 322 582 Mithridates,
338 500 419 564 dum
435 501 521 564 inter
533 500 659 590 primos
672 519 812 591 pugnat,
829 503 904 567 licet
917 503 1164 592 septuagenario

101 605 219 686 major,
240 602 348 691 lapide
369 602 404 665 in
427 625 532 690 genu,
550 602 664 692 sagitta
685 603 747 668 sub
770 603 869 668 oculo
887 603 1031 684 saucius,
1055 626 1165 667 euram

98 708 165 770 suis
183 704 356 786 injecisset.
376 703 504 768 Idcirco
517 703 569 767 his
584 705 671 768 inter
686 703 935 792 trepidationem
951 703 1167 798 cessantibus,

100 807 218 878 Fabius
238 828 315 870 cum
330 805 464 894 reliquis
485 805 624 869 militum
638 805 758 888 evasit3
776 827 883 892 neque
897 805 986 892 prius
1006 803 1101 868 desiit
1114 805 1167 868 ln·

101 931 194 998 gere,
208 930 307 994 quam
323 907 528 970 munimenta
540 905 733 970 Cabirorum
747 906 914 995 attigisset.

144 1008 359 1073 LXXXVIII.
374 1007 579 1072 Mithridates
595 1007 639 1072 ob
653 1030 713 1072 sua
727 1028 929 1094 suorumque
941 1008 1074 1072 vulnero
1089 1007 1169 1070 rnul-

102 1113 142 1174 tis
166 1109 283 1174 diebus
306 1109 416 1196 quiete
440 1108 655 1191 transmissis,
681 1108 788 1173 donec
808 1108 850 1171 ab
871 1108 1001 1197 Agnis,
1027 1107 1170 1196 scythica

100 1227 214 1300 gente,
236 1211 294 1298 qui
311 1225 501 1298 serpentum
519 1211 608 1274 virus
628 1209 790 1276 curationi
805 1211 980 1274 vulnerum
998 1209 1169 1288 adhibent,

102 1327 347 1400 persanaretur3
372 1309 515 1374 adducto
538 1310 580 1375 ad
604 1311 753 1375 Cabirarn
778 1310 942 1391 exercitu,
965 1310 1011 1374 M.
1033 1309 1169 1374 Fabium

102 1415 199 1502 coepit
212 1412 372 1477 obsidere.
387 1412 451 1475 Sed
465 1411 558 1475 illum
571 1412 747 1500 improvisa
759 1432 830 1474 sors
846 1409 890 1474 ita
903 1410 1055 1492 serravit,
1073 1427 1110 1476 ut
1121 1410 1170 1472 vi·

102 1516 211 1580 cissirn
227 1513 371 1602 depulsis
384 1513 426 1576 ab
439 1514 504 1576 hoc
518 1513 752 1576 calamitatibus
770 1511 951 1599 implicaret
964 1527 1170 1576 servatorem.

102 1621 137 1680 C.
149 1617 294 1680 Triarius
305 1637 344 1680 ex
353 1614 443 1695 Asia,
461 1613 519 1678 ubi
535 1635 640 1701 nuper
656 1613 815 1699 direptam
828 1611 868 1674 ab
883 1610 1097 1676 Athenodoro
1110 1613 1172 1674 De·

101 1718 157 1781 lon
175 1741 273 1781 muro
286 1717 447 1796 cinxerat,
464 1713 505 1778 ad
521 1714 696 1796 Lucullum
710 1711 983 1801 proficiscebatur.
996 1712 1045 1794 Is,
1060 1711 1171 1776 audito

102 1817 240 1881 Fabium
263 1815 425 1896 obsideri,
452 1804 629 1878 contractis
653 1813 818 1900 undique,
842 1829 978 1900 quantas
1004 1830 1170 1900 potuerat,

102 1918 222 2006 copiis,
247 1916 288 1980 ad
312 1940 389 1980 eum
413 1915 585 1980 obsidione
609 1912 815 2002 liberandum
838 1937 1033 2003 properans,
1059 1917 1172 1979 terruit

101 2017 348 2098 Mithridatem,
374 2035 426 2099 ut,
456 2017 647 2105 priusquam
664 2016 790 2080 veniret
811 2015 846 2078 in
870 2030 1080 2102 conspectum
1100 2013 1172 2100 (ju-

101 2137 191 2184 stum
214 2121 302 2183 enim
318 2119 495 2183 exercitum
511 2140 686 2182 romanum
710 2116 828 2181 adduci
854 2115 1030 2206 putabat),
1042 2117 1173 2184 ,omissa

102 2219 278 2284 obsidione
292 2218 481 2284 discederet.
992 2301 995 2310 Ι

144 2322 330 2386 LXXXIX.
351 2322 467 2409 Neque
490 2323 585 2410 pulso
604 2337 776 2386 contentus
799 2344 874 2411 rege
891 2322 1055 2402 TriarIus,
1082 2344 1171 2384 rece-

102 2425 245 2489 dentem.
258 2422 387 2514 longius
410 2423 444 2487 iu
462 2424 699 2513 Commagenes
718 2445 823 2511 usque
846 2439 1080 2512 persequutus,
1105 2423 1173 2487 acie

102 2526 188 2589 vicit.
205 2526 320 2607 Quum
338 2516 444 2606 enisis,
462 2541 500 2589 ut
515 2527 606 2590 fessis
623 2550 662 2589 ex
676 2527 792 2589 itinere
809 2526 957 2589 hostibus
972 2541 1174 2605 occurreret,

103 2626 256 2707 llumine,
269 2626 360 2713 quod
372 2627 407 2689 in
421 2625 530 2689 medio
545 2641 629 2708 erat,
643 2650 719 2691 eum
733 2642 824 2714 parte
838 2625 1005 2713 copiarum
1021 2624 1171 2705 transito,

102 2725 244 2807 ceteris,
265 2742 302 2789 ut
320 2749 378 2815 per
401 2726 500 2791 alium
520 2742 656 2814 pontem
671 2726 818 2793 subsidio
838 2726 899 2790 sibi
922 2726 1088 2805 venirent,
1108 2716 1173 2788 Mi-

105 2827 262 2891 thridates
279 2827 503 2915 praecepisset;
525 2851 636 2916 pugna
654 2829 845 2909 commissa,
864 2828 1032 2915 dubioque
1055 2843 1175 2891 eventu

105 2944 223 3007 tracta,
244 2944 463 3014 exspectatum
482 2928 549 3017 regi
571 2928 754 2993 subsidium
771 2930 928 3017 procella,
952 2944 1105 3014 quantam
1122 2928 1177 2997 vir,

103 3029 222 3093 vidIsse
237 3029 411 3116 quisquam
427 3028 636 3111 meminerat,
653 3030 834 3117 intercepit.
850 3029 912 3092 Per
924 3029 1008 3092 hauc
1024 3027 1057 3089 in
1075 3028 1173 3091 utris.

103 3120 168 3216 que
184 3130 299 3231 castris
318 3130 450 3221 disjecta
470 3132 723 3211 sunttentoria,
737 3130 885 3211 jumenta
900 3131 935 3193 in
955 3145 1173 3199 transversum

103 3248 188 3313 acta,
207 3232 350 3296 militum
364 3232 461 3300 etiarn
477 3232 610 3319 quidam
624 3234 708 3320 rapti
723 3230 987 3320 praecipitatique.

145 3336 221 3397 XC.
235 3330 357 3395 Eadem
371 3348 507 3421 pontem
519 3333 581 3399 snb
595 3333 681 3399 mole
697 3333 895 3397 transeuntis
912 3332 1071 3395 exercitus
1087 3332 1176 3401 labo-

104 3452 232 3499 rantem
249 3432 397 3521 abrupit,
411 3434 668 3521 exterritumque
688 3456 797 3523 regem
812 3431 967 3496 excedere
979 3432 1090 3519 praelio
1104 3456 1177 3497 coe·

103 3538 159 3623 git.
181 3535 247 3599 Sed
265 3535 378 3599 eadem
393 3551 587 3623 tempestas,
609 3558 682 3623 que
703 3536 787 3623 fugae
810 3556 906 3597 causa
924 3533 1177 3621 luerat,prohi·

104 3638 181 3701 bitis
192 3637 288 3723 sequi
299 3637 473 3717 Romanis,
485 3652 595 3703 tutum
609 3637 677 3725 regi
687 3636 814 3729 ahitunp
827 3635 984 3723 praestitit.
994 3637 1063 3699 lam
1073 3636 1176 3699 hiems

104 3740 237 3803 aderat:
254 3738 354 3826 igitur
369 3738 458 3801 nulla
472 3754 626 3825 praeterea
642 3760 678 3802 re
698 3753 836 3818 tentata,
854 3738 886 3800 in
906 3737 1043 3800 hiberna
1057 3735 1176 3800 disces·

104 3862 179 3903 sum
204 3854 263 3905 est.
279 3839 362 3906 Vere
379 3838 514 3909 demum
530 3838 676 3921 reddito,
701 3862 804 3927 quum
821 3838 875 3904 Μ’.
892 3840 1011 3912 Acilius
1027 3837 1180 3917 Glabrio,

117 4026 122 4030 ’
137 4057 327 4122 snxxrut.
336 4058 393 4106 nte.
404 4057 556 4123 -npptm
567 4084 603 4094 -
614 4056 630 4121 s
643 4058 811 4106 trxxvm.
822 4057 929 4121 appan.
941 4081 975 4101 ,-
985 4054 1102 4117 Phlegon.
1110 4056 1178 4121 alan

104 4141 181 4193 Phot.
195 4166 231 4177 -
244 4138 296 4189 Cir.
308 4140 419 4205 prolege
431 4140 619 4205 Manil.eap.8.
633 4166 667 4186 -2-
681 4139 697 4204 s
711 4140 855 4188 Lunx.
868 4138 974 4205 Appias.
985 4165 1021 4173 -
1034 4136 1091 4189 Dio.
