2875 4900
293 356 347 425 IN
376 356 491 427 Loc.
516 358 612 427 LIB.
639 357 724 425 CIV
755 357 970 431 LIVIANI.
1101 360 1168 458 547

99 475 261 564 cupiebat
284 474 407 541 Urebat
426 474 614 558 hominem,
634 476 773 566 principi
795 478 867 542 loco
890 481 1129 568 propemodum
1150 510 1167 549 a

95 577 270 656 juventute
289 593 586 658 assuetum,tsuam
611 578 869 668 magnitudinem
894 582 981 669 apud
1007 586 1166 672 populum

97 679 251 744 vilescere
267 680 335 768 ipsa
348 678 558 743 assuetudine
576 678 708 743 videndi
722 701 731 742 ε
747 680 926 763 Cursarem,
946 699 985 746 ut
1002 707 1086 751 nova
1100 711 1169 776 gra·

97 780 178 843 tiora
197 795 277 843 sunt
294 778 474 860 veteribus,
498 802 604 867 quum
621 780 720 845 rebus
741 781 838 869 gestis
852 782 1076 872 magnificum,
1095 805 1167 853 tum

96 881 181 945 nitra
195 896 365 970 gestorum
383 879 650 968 amplitudinem,
666 881 700 943 in
717 878 930 948 admiratione
943 900 976 948 et
988 908 1098 953 amore
1109 888 1167 955 ho-

98 983 225 1047 minum
236 1004 327 1065 esse3
343 997 496 1072 praeterea
509 996 637 1045 tanturn
652 982 682 1055 ei
694 980 728 1044 in
741 997 857 1047 senatu
870 984 1041 1070 quesitum
1054 1005 1166 1055 aucto·

96 1085 196 1149 ritatis
213 1106 299 1165 msc,
319 1099 358 1149 nt
374 1083 540 1172 perillum
550 1098 824 1169 consequeretur,
841 1106 914 1171 quse
931 1107 972 1149 ne
986 1110 1045 1175 per
1059 1112 1165 1180 popu.

95 1186 164 1249 lum
174 1183 310 1274 quidem
321 1184 392 1249 sine
404 1182 565 1247 seditione
579 1198 815 1270 assequuturus
827 1186 1013 1271 putabatur.

137 1286 209 1353 XC.
229 1288 315 1351 Nam
335 1299 368 1349 et
386 1282 587 1373 stipendium
604 1283 634 1346 ei
652 1280 821 1347 decretum
841 1302 909 1349 erat
926 1308 965 1349 ex
982 1290 1112 1372 aerario,
1132 1308 1164 1357 et

97 1387 207 1452 decem
220 1387 335 1477 legati,
352 1383 443 1473 quod
460 1406 529 1447 non
542 1383 604 1446 nisi
615 1383 765 1453 confecta
780 1386 947 1471 provincia
959 1390 1058 1474 solet3
1074 1408 1107 1456 ct
1123 1417 1164 1459 ne

97 1489 163 1577 iege
184 1486 381 1575 Sempronia
402 1486 432 1550 ei
454 1482 694 1549 succederetur.
719 1486 826 1573 Atque
846 1487 916 1551 haec
939 1491 1067 1569 omnia,
1093 1516 1161 1559 non

98 1588 227 1677 quidem
238 1588 345 1677 palam
359 1601 561 1675 repugnante
574 1584 749 1671 Pompeio,
762 1584 901 1669 fiebant,
916 1589 973 1652 sed
984 1606 1093 1657 tamen
1105 1618 1162 1683 per

96 1691 261 1756 cunictdos
278 1704 417 1755 conante
432 1708 524 1775 spem
540 1684 672 1750 eludere
690 1686 821 1752 Caesaris
842 1711 950 1753 :eum
971 1695 1160 1763 consulibus

97 1792 179 1854 enim
190 1792 278 1882 egit,
291 1814 333 1855 ne
344 1790 386 1855 de
396 1789 494 1854 rebus
505 1788 544 1851 iis
557 1809 599 1851 ex
611 1787 711 1852 literis
723 1788 856 1853 Coesaris
868 1788 1044 1875 referrent3
1056 1812 1160 1886 utque

97 1912 259 1957 successor
278 1891 340 1981 ipsi
354 1891 452 1955 etiam
469 1904 545 1953 ante
562 1902 692 1976 tempus
708 1887 836 1953 Vatinia
850 1890 920 1979 lege
941 1896 1158 1983 comprehen.

96 2013 164 2057 sum
180 1996 377 2059 mitteretur.
390 1990 459 2055 Nec
472 1990 607 2054 deerant
626 1988 750 2053 inimici
765 1990 900 2072 Censori,
916 1991 991 2055 satis
1009 2010 1158 2081 potentes

96 2092 134 2157 ad
145 2093 408 2184 impediendum,
422 2092 450 2157 si
467 2088 646 2157 concordes
659 2090 819 2155 fuissent:
840 2114 929 2157 nunc
945 2092 1083 2160 invicem
1100 2098 1157 2163 ob·

97 2208 263 2263 nectentes
277 2209 563 2285 suspectantesque
576 2214 650 2280 pars
662 2192 866 2280 pretermisit
881 2195 1082 2261 occasionem
1096 2221 1155 2287 op·

96 2297 278 2386 pugnandi3
303 2295 411 2361 ceteri
436 2295 531 2383 pauci
554 2315 625 2357 rem
650 2309 833 2381 susceptam
859 2293 1013 2383 perficere
1037 2303 1154 2388 nequi-

96 2416 214 2468 verunt.

134 2503 216 2569 XCI.
226 2505 335 2594 igitur
342 2502 528 2590 Pompeius,
540 2521 639 2566 unam
650 2496 827 2563 retinendae
837 2501 989 2588 potentiae
996 2503 1154 2569 rationem

95 2602 241 2687 optimam
261 2620 369 2686 rann,
385 2604 505 2667 sicum
521 2602 567 2666 Μ.
583 2603 699 2664 Crasso
714 2599 847 2664 consilia
861 2602 1085 2682 conjunctiora
1098 2605 1155 2674 ha-

40 2778 41 2781 ,
95 2697 194 2786 beret,
208 2706 380 2770 hominem
397 2703 511 2768 eadem
527 2700 635 2766 omnia
651 2700 827 2790 agitantem
845 2702 956 2766 animo
973 2703 1066 2768 facile
1078 2729 1153 2794 per·

95 2806 205 2889 ιιιοιὶῑς
221 2805 507 2890 communiterque
520 2801 680 2866 ambobus
693 2801 831 2888 placuit,
847 2801 1023 2890 petendum
1037 2825 1154 2870 consu·

96 2901 203 2984 letum,
226 2925 262 2973 et
285 2904 479 2971 obtinendas
504 2904 686 2992 provincias
709 2925 795 2983 esse,
822 2925 889 2988 quo
916 2903 1008 2968 novis
1034 2927 1149 2991 geren-

96 3000 139 3067 dis
162 3009 260 3074 rebus
285 3007 473 3072 refricarent
497 3005 532 3067 in
554 3003 671 3067 animis
695 3002 868 3066 hominum
896 3004 1011 3068 veteris
1041 3007 1149 3094 gloriae

95 3103 350 3189 admirationem,
369 3105 550 3193 iisdemque
570 3103 694 3185 modis,
717 3103 838 3189 quibus
860 3105 971 3192 augeri
991 3105 1148 3174 Caesarcm

94 3204 255 3292 ridebant,
278 3232 313 3274 se
334 3229 476 3295 suasque
497 3227 576 3293 opes
592 3219 772 3269 tuerentur.
793 3203 906 3285 Quum
929 3203 998 3268 haec
1018 3207 1061 3270 ita
1080 3210 1148 3296 pla·

95 3307 236 3395 tuissent,
249 3311 480 3399 reliquumque
490 3305 657 3394 negotium
671 3319 766 3384 esset,
779 3319 818 3366 ut
831 3303 948 3367 Caesari
959 3306 1149 3392 petitionem

94 3412 271 3478 consulatus
292 3411 485 3500 probarent,
503 3405 614 3495 quod,
630 3424 671 3469 eo
690 3405 871 3484 renitente,
886 3404 974 3468 nulla
990 3429 1063 3494 spes
1080 3409 1149 3474 adi·

94 3507 227 3593 piscendi
248 3526 436 3601 supererat;
458 3509 520 3596 ipsi
540 3506 582 3571 ad
607 3529 682 3571 erun
709 3503 869 3592 proficisci
893 3528 951 3593 per
972 3511 1149 3594 quamlibet

95 3626 418 3680 musamstatuerunt.

132 3711 228 3779 XCII.
254 3716 370 3803 Neque
397 3727 466 3776 erat
487 3707 635 3784 difficile,
658 3729 761 3795 quum
785 3707 849 3772 hoc
868 3708 1019 3774 instituto
1045 3715 1150 3778 Caesar
1196 3739 1203 3754 ¹

94 3821 240 3899 uteretur,
255 3832 303 3899 ut,
320 3814 449 3903 quoties
462 3810 618 3899 perbelle
630 3823 767 3897 poterat,
781 3808 939 3897 praeberet
952 3833 986 3873 se
1002 3811 1148 3896 adituris,

122 4010 290 4074 Suum.
303 4020 357 4070 cte.
372 4019 404 4068 dc
420 4020 493 4067 Prot.
508 4017 584 4066 Cone.
599 4031 652 4080 cap.
668 4031 712 4072 rr,
726 4013 796 4062 etad
812 4013 896 4062 Famil.
908 4015 937 4072 1,
949 4029 973 4074 7.
991 4041 1025 4050 -
1043 4018 1099 4068 Dio,
1114 4046 1148 4056 ..

93 4087 165 4151 stc.
179 4100 234 4150 nso.
250 4131 283 4140 -
297 4104 350 4154 cra.
360 4102 392 4151 ιι
405 4100 489 4150 amn
500 4101 526 4157 1,
537 4117 560 4160 7.
573 4127 607 4140 -
620 4096 637 4162 ς
649 4098 717 4149 scr.
733 4095 797 4146 rtur.
807 4096 834 4145 ιι
848 4099 944 4147 crum.

911 4186 973 4258 35.
