2875 4900
258 372 304 445 88
429 374 501 443 JO.
530 374 873 444 FREINSHEMII
903 374 1149 445 SUPPLEM.

301 494 441 563 XXXII.
458 498 564 581 «Quae
582 495 648 575 jam
669 496 730 560 alia
750 497 784 560 in
808 497 1000 561 universum
1020 520 1124 589 genus
1145 497 1330 563 humanum

257 616 406 665 «exstent
430 599 521 664 urbis
542 596 640 678 hujus
664 598 798 680 merita,
822 599 849 662 si
867 620 1041 663 recensere
1060 599 1236 680 vellemus,
1260 598 1331 663 dies

257 730 270 757 α
280 701 389 789 potius
404 717 437 765 et
449 723 528 782 vox,
548 722 645 788 quam
663 716 895 789 argumentum
912 723 973 766 nos
987 699 1148 765 deficeret.
1165 701 1211 765 Ut
1227 723 1332 789 pauca

236 790 385 866 ‘nobiter
407 799 606 881 indicemus,
632 800 763 864 lanificii
783 824 881 866 usum
903 800 1001 865 nudis
1024 818 1081 866 aut
1101 805 1185 867 male
1206 802 1331 868 vestitis

259 902 553 983 «monstravimus3
576 918 609 965 et
626 924 732 989 quum
749 902 784 965 in
801 903 964 991 specubus
984 903 1111 990 antiqui
1126 902 1330 984 habitarent,

259 1004 445 1093 «Esuyalus
466 1018 500 1067 et
518 1003 703 1093 Hyperbius
719 1003 804 1068 cives
826 1005 947 1086 nostri,
965 1004 1117 1071 lateritias
1133 1004 1332 1071 exedifiwe

258 1104 396 1170 «domos
421 1104 615 1169 docuerunt.
633 1103 837 1169 Iudiciorum
860 1106 958 1170 etiam
980 1104 1131 1169 ordinem
1156 1104 1332 1171 homiuum

258 1207 379 1295 «primi
399 1205 610 1287 tradidimus,
633 1207 675 1271 ab
697 1207 775 1296 ipsis
800 1206 861 1271 diis
881 1223 1071 1295 acceptum,
1084 1200 1159 1296 ‘quo
1181 1223 1331 1296 tempore

258 1339 271 1365 ι
281 1330 404 1373 nomen
421 1313 589 1397 Areopago
607 1309 695 1373 Mars
714 1308 824 1389 dedit,
841 1308 898 1396 qui
916 1309 1042 1396 primus
1059 1310 1104 1373 ihi
1121 1308 1234 1397 capitis
1249 1308 1334 1383 dixit

259 1440 272 1467 ι
282 1432 429 1491 causam,
446 1407 490 1473 ob
506 1409 697 1474 Halirrothii
712 1408 845 1475 cedem.

302 1512 460 1575 XXXIII.
476 1508 563 1574 «Sed
583 1527 615 1576 et
632 1511 795 1575 civitatem
814 1526 891 1575 ante
913 1510 993 1575 alios
1013 1511 1137 1599 optime
1158 1510 1334 1575 constitui·

259 1634 356 1677 «mus
374 1612 522 1700 populari
544 1627 647 1694 statu,
670 1634 774 1700 quum
792 1611 861 1691 ejus
877 1612 1005 1676 nullum
1023 1609 1132 1675 adhuc
1146 1611 1334 1699 exemplum

261 1730 434 1779 «exstaret.
458 1713 576 1780 Sedet
598 1714 792 1795 certamina,
815 1714 935 1802 quihus
959 1735 1097 1800 corpora
1120 1728 1335 1777 exerceantur

262 1818 463 1881 «commenti
481 1838 613 1898 sumus,
635 1816 870 1905 gymnicosque
892 1815 1093 1880 instituimus
1113 1836 1250 1903 agonas,
1268 1836 1334 1877 un·
1376 1873 1380 1877 .

226 1996 228 2007 Ι
259 1916 445 2007 agendique
462 1916 653 1981 tradidimus
670 1940 817 1999 morem;
836 1934 869 1981 et
883 1940 951 2005 quo
964 1914 1223 2005 magnificentius
1235 1916 1337 1979 Pana·

260 2019 431 2084 «thenaica
452 2020 711 2101 celebrarentur,
736 2019 861 2107 primus
884 2018 1060 2082 bominum
1079 2016 1251 2108 quadrigas
1273 2040 1335 2081 rex

259 2150 272 2177 σι
282 2134 395 2186 noster
406 2120 639 2185 Erichthonius
652 2121 780 2202 junxit,
798 2120 903 2202 idem,
917 2121 1070 2208 inquam,
1082 2119 1335 2201 Erichthonius,

258 2222 338 2310 «qui
361 2237 394 2285 et
417 2220 582 2311 signandae
605 2223 753 2309 pecunias
776 2223 840 2285 fuit
861 2237 986 2286 auctor.
1008 2220 1078 2286 Nec
1097 2220 1164 2300 jam
1182 2243 1338 2285 enarrare

259 2325 448 2407 «volumus,
465 2322 547 2411 quid
560 2324 685 2411 pictura
694 2325 896 2418 Polygnoto,
910 2323 991 2412 quid
1006 2322 1122 2387 Pericli
1136 2344 1187 2385 res
1204 2322 1337 2387 nautica

260 2424 409 2491 «debeat.
425 2425 547 2490 Literas
564 2442 651 2490 certe
667 2441 700 2490 et
718 2425 922 2508 facundiam,
946 2425 1066 2514 quibus
1085 2425 1285 2489 ornamentis
1302 2440 1337 2489 te

260 2549 415 2614 equoque
429 2527 549 2590 scimus
566 2527 736 2610 excellere,
754 2550 955 2616 omnemque
969 2528 1225 2608 humanitatem,
1239 2527 1336 2609 jura,

259 2630 370 2718 «leges
391 2629 523 2693 anobis
545 2628 666 2693 habere
687 2631 850 2712 fatentur,
872 2643 1040 2717 quotquot
1060 2626 1193 2693 babent.
1213 2625 1278 2692 Sed
1302 2644 1339 2692 et

261 2729 421 2810 «majores
438 2745 578 2811 vestros,
595 2731 652 2817 qui
666 2746 764 2795 tantae
777 2729 1011 2820 magnitudinis
1027 2728 1240 2794 fundamenta
1250 2729 1340 2809 jece-

261 2863 274 2889 ι
283 2847 378 2913 runt,
397 2851 465 2895 non
474 2830 608 2920 puduit,
626 2832 731 2897 missis
742 2833 809 2896 buc
821 2833 947 2926 legatis,
961 2831 1089 2896 Solonis
1101 2832 1237 2920 inclytas
1245 2831 1338 2919 leges

261 2929 486 3015 «describer03
507 2931 597 2996 unde
616 2954 694 2997 mox
716 2931 892 2998 duodecim
909 2934 971 2997 illae
991 2933 1108 2997 tabulae
1122 2932 1336 3021 prodierunt,

261 3067 274 3093 ιι
285 3057 365 3124 quas
375 3034 466 3125 apud
473 3057 531 3100 ros
545 3052 701 3124 tanquam
717 3037 824 3100 omnis
840 3035 964 3124 publici
976 3036 1157 3124 privatique
1165 3029 1247 3114 jisris
1263 3033 1339 3097 fon-

262 3166 276 3193 «
286 3152 353 3201 tem
371 3151 470 3224 atque
486 3159 652 3219 normam,
665 3138 802 3228 ingenui
815 3137 912 3227 pueri
920 3137 1007 3202 inter
1018 3137 1181 3226 precipua
1190 3135 1339 3224 discipli-

261 3257 401 3300 «narum
418 3235 608 3302 edocentur.

304 3337 459 3402 XXXIV.
478 3339 581 3402 «Tam
603 3339 737 3427 antiqua
759 3354 837 3404 sunt
854 3356 974 3405 nostrae
993 3340 1084 3405 urhis
1104 3341 1139 3404 in
1162 3362 1337 3406 romanam

261 3435 411 3520 «officia3
442 3461 514 3527 quae
542 3439 660 3505 deinde
685 3441 797 3505 multis
822 3457 1010 3530 temporum
1034 3440 1340 3530 opportdnitatibus

262 3569 276 3596 κ
286 3539 382 3604 toties
399 3540 522 3604 reculta
541 3557 700 3630 auctaque
716 3558 812 3625 sunt,
829 3559 868 3609 ut
884 3543 974 3608 nulla
986 3543 1116 3609 Graecioe
1132 3543 1242 3607 civitas
1259 3543 1340 3632 plu-

259 3670 272 3696 «
284 3640 375 3705 ribus
394 3641 628 3730 imperatorum
644 3659 828 3707 vestrorum
847 3659 1044 3731 senatusque
1063 3642 1252 3707 honorificis
1275 3642 1340 3707 de-

259 3741 379 3806 «cretis
398 3741 530 3832 gloriari
546 3743 659 3832 possit.
678 3744 816 3808 Nullum
839 3746 927 3810 enim
950 3745 1054 3810 ferme
1071 3744 1105 3809 in
1122 3744 1336 3827 Macedonia,

296 3977 312 4044 3
328 3980 441 4029 xxxii.
461 3979 552 4029 lustin.
571 4006 606 4016 -
625 3979 689 4028 Plio.
708 4005 744 4018 -
759 3980 848 4030 AElisn.
862 4007 898 4018 -
910 3981 1013 4030 Pansam
1028 3980 1073 4028 lib.
1086 3983 1108 4029 Ι.
1121 4007 1156 4018 -·
1173 3981 1189 4048 s
1204 3981 1336 4030 xxxin.

259 4065 331 4129 Virg.
345 4065 438 4129 Gsorg.
449 4067 503 4126 111,
518 4063 578 4113 113.
593 4089 629 4100 —
642 4063 705 4114 Plio.
720 4091 757 4103 -
771 4064 860 4114 Eliso.
873 4091 909 4102 -
921 4064 1023 4122 Pollux,
1033 4063 1077 4111 lib.
1090 4065 1135 4114 11.
1150 4091 1185 4102 -
1198 4065 1291 4113 lustin.
1301 4090 1342 4100 -

262 4147 484 4212 cieprorlswo,
501 4145 1038 4214 cap.ad,ctds0nt1,43.-Iiv.111,
1053 4149 1095 4203 34.
1117 4145 1122 4152 ’
