2875 4900
212 388 266 457 IN
296 388 412 457 LOC.
438 388 536 455 LIB.
564 387 754 457 LXXXII
782 388 998 463 lelattl.
1078 416 1147 492 109

93 506 243 594 copiarum
269 508 465 598 propinquis
493 508 684 599 regionibus
710 509 849 600 agebat,
876 534 1009 577 summo
1035 516 1145 583 smdio

92 610 265 675 contrahere
283 626 421 675 conatus
436 626 501 691 est,
516 626 556 675 ut
573 612 685 677 saltem
703 612 862 678 Euboeam
878 629 1019 695 teneret,
1040 616 1146 685 donee

29 776 30 789 ,
91 711 241 776 meliorem
264 713 408 800 aliquam
431 734 524 801 spem
545 710 732 802 repetenda
753 712 886 779 Graeciae
912 737 1006 781 casus
1030 718 1145 807 aliquis

29 808 30 869 l
89 813 241 878 attulisset.

125 912 253 979 XXXV.
269 912 358 979 Sulla
374 928 504 1001 postero
517 912 587 996 die,
605 938 703 1003 quam
718 917 830 1003 prelio
843 918 949 981 victor
962 919 1145 1006 exstiterat,

88 1012 243 1079 mbunum
264 1014 374 1079 vallari
397 1036 539 1091 corona,
565 1016 687 1081 multos
708 1015 829 1083 deinde
847 1019 928 1083 alios
951 1020 1146 1089 militaribus

87 1113 168 1180 donis
187 1116 431 1199 cohonestavit,
450 1116 581 1181 virtutis
603 1138 717 1199 eausa,
740 1134 775 1183 et
794 1120 940 1209 alioquin
966 1122 1146 1189 reduendi·

86 1218 228 1283 exercitus
239 1218 404 1285 voluntati
416 1218 563 1307 pecunie
577 1218 746 1306 profanus.
761 1220 905 1309 Direptis
919 1220 1039 1287 deinde
1051 1224 1145 1289 Boeo·

86 1318 128 1383 tia
142 1320 287 1410 oppidis,
309 1334 476 1408 quotquot
493 1319 613 1383 iterum
628 1319 670 1383 ad
686 1320 794 1410 regios
809 1320 1012 1404 defecerant,
1029 1338 1063 1387 et
1076 1327 1145 1389 An·

29 1474 30 1515 ,
85 1420 231 1507 thedone,
257 1424 439 1510 Larymna,
461 1420 622 1509 Aleisque
643 1423 777 1503 eversis,
799 1423 835 1487 in
853 1424 1051 1490 'Ibessaliam
1070 1426 1143 1492 bie·

85 1540 192 1588 matum
216 1524 367 1606 transiit3
395 1522 493 1587 simul
518 1523 664 1587 intentus
685 1523 719 1587 in
743 1524 849 1588 Flacci
873 1526 1026 1608 consilia,
1045 1527 1142 1593 simul

85 1640 265 1711 questorem
281 1640 488 1715 exspectans,
505 1646 605 1712 quem
617 1623 659 1689 ad
675 1624 810 1689 classem
824 1624 1050 1691 adducendam
1063 1632 1143 1694 emi·
1186 1711 1189 1715 A

29 1768 30 1797 ,
83 1744 163 1791 serat.
177 1728 317 1793 Interim
331 1728 400 1817 ipse
414 1725 571 1789 fabricare
589 1748 629 1791 ex
647 1726 800 1813 presenti
817 1726 912 1815 copia
931 1750 1029 1793 naves
1047 1731 1141 1795 insti·

84 1828 148 1912 tuit;
158 1829 292 1917 quando
308 1850 417 1918 neque
431 1826 607 1909 Lucullus,
620 1848 730 1915 neque
743 1844 853 1893 certm
865 1845 923 1892 aut
933 1846 1086 1897 conatam
1099 1833 1142 1899 de

83 1948 115 1990 ec
127 1952 237 1995 rumor
249 1929 456 1995 adventabat.

117 2032 264 2099 XXXVI.
284 2032 348 2097 Sed
364 2033 435 2111 ille,
458 2045 634 2120 postquam
652 2028 694 2095 ad
714 2030 792 2096 belli
810 2031 1000 2096 societatem
1021 2032 1141 2099 adduci

82 2134 238 2219 nequibat,
257 2134 414 2213 navibus,
431 2131 551 2219 quibus
566 2133 713 2218 Cyprum
731 2130 965 2214 deduceretur,
981 2135 1140 2222 acceptis,

81 2254 112 2294 ex
123 2238 356 2301 maritimarum
370 2234 556 2311 civitatum,
572 2254 653 2318 quae
665 2248 783 2320 praeter
792 2232 862 2296 vela
875 2231 1029 2316 faciebat,
1046 2235 1141 2298 auxi·

80 2330 121 2397 liis
135 2338 296 2402 modicam
314 2337 448 2401 classem
470 2332 662 2420 collegerat3
680 2348 729 2415 et,
755 2333 864 2397 vitatis
885 2333 1063 2421 piratarum
1085 2334 1139 2399 in·

80 2432 172 2519 tidiis,
191 2436 349 2502 Rhodum
370 2434 549 2524 appulsus,
565 2434 739 2524 assumptis
755 2432 962 2500 Rhodiorum
982 2435 1138 2520 navibus,

80 2535 151 2603 Coos
164 2541 260 2606 etiam
272 2557 305 2604 et
314 2537 465 2612 Cnidios,
477 2553 515 2600 ut
528 2533 640 2628 ejectis
654 2533 869 2600 Barbamrum
882 2535 1040 2623 presidiis
1049 2560 1140 2602 arma

29 2709 30 2734 ,
80 2656 175 2704 strum
198 2643 233 2706 iu
256 2642 383 2708 Samim
401 2640 524 2706 ferrent
534 2637 751 2727 ,impulerat
773 2635 896 2702 Eadem
918 2653 1045 2720 aestate,
1072 2661 1136 2727 qua

29 2741 30 2814 l
80 2735 217 2808 ballamm
231 2743 401 2808 inbceotia
416 2759 499 2821 erat,
516 2689 721 2807 tdithridater
726 2754 825 2827 ,post
839 2738 1137 2826 primamArcbelai

29 2845 30 2870 ¹
80 2840 185 2910 cladem
202 2846 326 2911 saevitia
341 2846 500 2936 ingenita,
520 2860 553 2909 et
567 2842 731 2908 levitatem
745 2840 982 2921 Asiaticorum,
999 2863 1041 2905 ne
1059 2863 1135 2906 cum

29 2917 195 3012 fortuna
207 2963 376 3014 mutarent
389 2947 553 3029 animum,
567 2943 689 3009 veritus
695 2962 880 3028 ,occupare
893 2938 1062 3026 perfidiam
1074 2941 1136 3006 alia

29 3033 210 3131 erfida,
224 3065 260 3114 et
265 3049 481 3138 ,priusquam
492 3046 696 3112 occasionem
707 3040 852 3106 nocenda
862 3039 1136 3128 adrptacerentur

80 3147 189 3215 merra
201 3165 397 3240 potestatem
411 3148 544 3229 statuit,
558 3161 793 3235 suspectosque
803 3142 923 3230 passim
937 3158 976 3206 ut
988 3142 1023 3206 in
1034 3165 1136 3209 manu

81 3241 208 3334 haberet,
225 3274 360 3341 operam
376 3249 477 3316 dedit.
659 3299 661 3304 .

114 3349 278 3416 XXXVII.
291 3355 376 3416 Ante
389 3350 499 3415 omnia
512 3349 743 3438 Gallograecos,
760 3361 927 3435 quotquot
936 3346 1135 3413 Tetrarcbici

81 3452 189 3530 generis
205 3469 314 3533 erant,
334 3451 483 3516 amicitie
503 3450 611 3540 specie
629 3450 826 3537 Pergamum
841 3462 1007 3530 evocatos,
1024 3465 1135 3515 susm·

81 3543 123 3630 Ῑῑῑς
140 3574 239 3640 quum
256 3555 405 3642 ipsorum
422 3551 556 3618 insidias
570 3551 624 3616 vis
640 3550 798 3614 evitasset.
816 3548 868 3612 Ad
886 3550 1052 3640 sexaginta
1067 3576 1133 3618 nu·

81 3667 156 3716 mero
167 3672 403 3737 convenerant,
420 3672 468 3736 et,
483 3675 587 3742 quum
602 3651 759 3718 serviliter
771 3671 806 3714 se
819 3649 931 3715 haberi
946 3669 1133 3734 cernerent,

81 3756 327 3843 conspiraverant
341 3758 377 3822 in
393 3779 507 3822 necem
525 3755 621 3846 regis.
639 3752 808 3840 Praecipuo
821 3752 941 3817 robore
952 3752 1134 3818 Toredorix

29 3877 30 3882 ’
82 3851 287 3940 quidamerat,
297 3858 518 3946 Tosioporum
529 3853 987 3922 tetrarcba2isldithridatem
999 3854 1034 3916 in
1042 3877 1133 3942 gym-

83 3953 156 4018 tasio
164 3957 215 4038 jus
231 3958 413 4041 dicentem,
426 3981 503 4024 cum
516 3958 590 4048 ipso
603 3957 759 4022 tribunali
771 3956 807 4020 in
820 3977 963 4044 praeceps
978 3953 1130 4037 daturus,

109 4142 249 4210 sum.
260 4153 369 4218 Appiam
382 4177 418 4190 -
429 4151 448 4219 s
461 4152 572 4202 XXXV.
587 4151 651 4201 Plut.
661 4152 688 4200 iu
701 4149 822 4210 bucardo,
835 4164 890 4212 cap.
901 4147 926 4195 5.
938 4171 975 4182 -
988 4145 1097 4210 Appiae.
