2875 4900
286 359 356 445 548
460 361 529 427 JO.
556 356 898 426 FREINSHEMll
930 356 1177 425 SUPPLEM.

285 485 319 545 in
342 502 460 570 magno
480 477 612 567 negotio
629 476 774 558 habens,
792 477 935 565 obligare
955 498 1084 565 semper
1103 498 1230 541 annuos
1252 480 1352 567 magi·

284 598 417 657 stratus,
435 601 543 667 neque
556 580 622 667 pati
638 578 716 641 alios
734 579 905 665 pervenire
925 577 967 642 ad
984 578 1163 659 honorem,
1186 600 1285 665 qrram
1301 582 1355 666 qui
1403 642 1404 657 ,

285 706 359 747 suas
373 684 514 745 rationes
533 679 699 743 defensuri
716 695 847 743 essent:
864 679 955 767 quod
972 694 1011 742 ut
1029 679 1212 759 obtineret,
1229 681 1355 745 nullum

285 783 463 873 largitionis
477 796 533 845 aut
546 778 731 843 officiorum
746 802 849 867 genus
863 781 1110 869 inquemquam
1127 783 1355 868 praetermisit,
1403 860 1404 865 ἵ

285 905 395 970 neque
421 881 582 969 vulgatius
606 902 642 942 ea
665 894 855 967 tempestate
878 881 1056 969 quidquam
1083 896 1173 962 erat,
1198 904 1298 969 quarn
1323 886 1354 948 in
1403 876 1404 961 l

287 983 435 1072 petendis
458 980 699 1072 magistratibus
723 983 788 1044 emi
808 983 960 1071 suffragia
979 983 1125 1047 tribuum
1148 1006 1185 1048 ea
1200 986 1354 1073 pecunia,

237 1087 240 1091 ’
285 1108 383 1173 quam
404 1106 464 1171 pro
477 1080 655 1146 candidatis
674 1082 741 1145 suis
757 1084 862 1146 Caesar
879 1082 1156 1170 pronuntiandam
1170 1086 1355 1149 curavisset
1403 1080 1404 1141 l

287 1188 345 1251 me
361 1184 536 1274 igiturne
550 1183 680 1245 initium
694 1183 811 1246 hiemis
826 1185 1038 1272 profectura
1056 1186 1221 1273 myrteum
1235 1188 1354 1267 ruent,
1403 1142 1404 1225 l

287 1286 377 1375 quod
394 1308 447 1348 eas
457 1306 590 1372 quoque
602 1285 750 1349 nationes
763 1284 868 1362 adire,
886 1300 918 1349 et
931 1286 1079 1373 regiones
1096 1308 1296 1375 cognoscere
1307 1312 1356 1352 ro·

287 1390 390 1469 lebat,
409 1388 493 1451 sicut
508 1387 578 1475 ipse
593 1387 725 1467 scribit3
744 1386 847 1466 major
861 1402 990 1467 tamen,
1005 1410 1102 1474 quem
1118 1402 1219 1468 tacet,
1234 1388 1354 1452 itineris

288 1513 382 1554 causa
393 1489 470 1569 fuit,
484 1510 560 1552 curn
573 1510 640 1551 suae
652 1486 801 1551 factionis
816 1487 1006 1551 hominibus
1021 1486 1062 1551 de
1078 1488 1245 1575 republica
1260 1491 1355 1553 eollo-

287 1590 409 1678 quendi
429 1588 604 1676 cupiditas,
618 1603 657 1651 nt
669 1589 756 1651 illam
774 1610 831 1676 per
846 1610 923 1651 suos
935 1587 1120 1667 conjuratos
1137 1587 1227 1652 domi
1242 1588 1353 1653 mode·

287 1706 430 1772 raretur,
446 1691 526 1754 loris
539 1690 698 1755 exercitus
711 1691 959 1777 provinciasque
978 1710 1078 1753 manu
1095 1689 1271 1755 obtineret.

331 1794 449 1859 XCIII.
469 1792 533 1857 Sed
546 1808 621 1856 ante
632 1813 747 1854 omnes
761 1791 953 1879 Pompeium
967 1794 1182 1878 Crassumque
1193 1791 1352 1879 cupiebat,

183 1926 188 1940 =
287 1898 321 1959 in
339 1895 453 1959 eadem
474 1894 623 1973 consilia,
643 1914 715 1979 quae
732 1892 816 1955 inter
833 1914 867 1955 se
883 1892 929 1955 illi
946 1907 1179 1979 conceperant,
1195 1890 1353 1955 diversam
1403 1904 1404 1919 ¹

286 1996 330 2059 ob
345 1996 518 2058 utilitatem
536 2014 681 2080 pronus:
697 2013 839 2079 namque
852 1994 886 2057 L.
908 1993 1074 2057 Domitius
1089 1993 1194 2080 palam
1213 1995 1352 2057 minatus

253 2076 257 2085 ¹
285 2097 409 2176 fuerat,
422 2094 577 2159 consulem
587 2116 618 2156 se
628 2108 741 2157 contro
755 2092 910 2157 Coesarem
920 2092 1129 2181 effectarum,
1141 2094 1354 2182 quodproetor

286 2199 490 2285 nequivisset;
507 2196 600 2288 isque
615 2196 649 2256 in
664 2215 788 2257 annum
807 2211 998 2281 sequentem
1013 2212 1081 2259 erat
1099 2194 1276 2283 petiturus.
1292 2196 1350 2283 lgi-

286 2314 343 2361 tnr
360 2299 555 2360 Caesareum
572 2295 623 2359 his
640 2295 723 2385 egit,
739 2310 777 2357 ut
790 2296 996 2359 consulatum
1010 2295 1206 2360 detrudendi
1222 2296 1351 2361 Domitii

285 2420 380 2462 causa
396 2396 493 2461 ambo
507 2411 672 2484 peterent,
691 2418 833 2485 eumque
849 2396 973 2485 adepti,
990 2397 1052 2462 sibi
1063 2416 1282 2487 prorogarem
1294 2400 1350 2462 im·

284 2499 411 2586 perium
428 2497 463 2559 in
481 2496 570 2561 aliud
582 2498 856 2584 quinquennium.
874 2499 968 2562 Prior
985 2499 1027 2563 ad
1049 2521 1125 2563 eum
1139 2501 1275 2564 Crassus
1293 2501 1350 2562 lla·

283 2619 442 2679 rennam,
458 2596 537 2662 inde
557 2598 733 2686 Pompeius
749 2601 887 2681 Lucam,
909 2621 1021 2664 mense
1039 2600 1132 2690 aprili
1147 2601 1350 2688 profecturus

281 2701 317 2763 in
330 2699 490 2781 Africam,
503 2701 602 2764 venit.
618 2700 744 2766 Eodem
761 2718 793 2766 et
811 2703 852 2784 Q.
869 2702 995 2790 Nepos,
1010 2702 1200 2790 Hispaniam
1218 2705 1349 2768 sortinrs

282 2823 322 2864 ex
343 2799 533 2881 consulatu,
554 2815 588 2862 et
608 2802 668 2889 Ap.
691 2801 864 2883 Claudius,
886 2803 919 2865 in
944 2801 1125 2867 Sardiniam
1153 2825 1193 2867 ex
1213 2821 1350 2890 praetura
1403 2789 1404 2838 l

282 2899 509 2989 proficiscens,
532 2901 692 2989 multique
707 2904 760 2966 alii
784 2905 903 2967 summi
924 2903 985 2968 viri
1007 2903 1256 2988 confluxerant,
1274 2905 1349 2969 adeo

281 3001 415 3090 quidem
426 3002 564 3090 cupide,
577 3019 617 3067 ut
629 3027 699 3067 uno
713 3019 860 3092 tempore
871 3021 1035 3070 senatores
1047 3005 1186 3092 amplius
1197 3004 1348 3085 ducenti,

281 3105 410 3168 lictores
426 3119 560 3168 centum
576 3120 610 3168 et
624 3104 738 3193 viginti
755 3104 843 3192 apud
855 3107 1011 3170 Caesarem
1029 3107 1308 3194 conspicerentur.
1403 3119 1404 3148 ¹

327 3206 444 3270 xctv.
457 3206 509 3269 u>
523 3205 578 3268 ino
593 3207 731 3270 maxime
747 3223 912 3271 convena
925 3207 1086 3294 exsangui
1099 3206 1230 3270 itherus
1247 3207 1347 3284 ursa,
1403 3167 1404 3226 l

282 3305 330 3367 vis
356 3321 487 3368 senatus
515 3307 694 3395 populique
718 3308 960 3394 procumbere,
987 3308 1161 3394 omnisque
1185 3329 1293 3372 unum
1316 3308 1346 3370 in

281 3406 458 3485 Caesarem,
477 3427 546 3468 non
558 3406 624 3484 jam
638 3407 810 3490 inclinare,
829 3407 886 3472 sed
904 3431 1000 3474 ruere
1011 3410 1156 3497 potentia
1170 3410 1279 3496 ooepit.
1296 3407 1346 3473 ld·
1403 3401 1404 3476 l

280 3506 367 3575 circo
385 3527 494 3592 neque
511 3505 620 3573 idibus
642 3509 756 3590 maiia,
778 3510 829 3574 uti
847 3508 1039 3598 praedictum
1062 3509 1183 3590 fuerat,
1211 3509 1255 3574 de
1272 3531 1345 3600 agro

281 3628 439 3693 campano
458 3622 587 3687 actum;
611 3630 719 3696 neque
740 3610 876 3674 omnino
888 3609 1094 3698 quidquam,
1116 3608 1207 3697 quod
1232 3609 1345 3674 Casan
1403 3623 1404 3626 ’

279 3707 451 3771 adversum
478 3705 654 3771 videretur.
677 3711 783 3796 Atque
809 3711 880 3790 ille,
906 3711 1052 3792 effectis,
1084 3732 1157 3797 quaa
1181 3712 1343 3786 voluerat,
1403 3717 1404 3736 ¹

310 3935 326 4000 ς
342 3934 422 3984 XCII.
434 3893 535 3984 Sueten.
549 3934 576 3981 in
588 3934 649 3984 Cas.
663 3952 719 4001 cap.
734 3939 766 3984 23
782 3949 807 3986 et
822 3939 864 3986 26.
874 3964 909 3974 —
924 3938 1088 3987 Pleuronia
1101 3938 1163 3987 ees.
1177 3949 1202 3986 ct
1217 3939 1302 4001 Pomp.
1312 3959 1342 3970 -·
1403 3919 1404 3982 i

274 4043 310 4052 -
322 4017 387 4066 Ces.
400 4018 452 4075 111,
466 4033 490 4078 7.
504 4041 540 4055 —-
552 4013 569 4082 s
579 4018 670 4068 xum.
685 4020 826 4068 Suetonio
838 4021 901 4070 Cres.
912 4036 965 4086 cap.
976 4029 1019 4078 at.
1030 4047 1066 4058 -
1075 4021 1198 4070 Plutarch.
1208 4021 1234 4069 ln
1245 4021 1342 4076 Onaso,

275 4101 335 4150 Cu.
350 4111 375 4148 ct
386 4101 473 4166 Pomp.
487 4127 521 4140 -·
532 4102 585 4152 (alc.
595 4101 627 4149 ad
638 4103 722 4153 Famil.
734 4105 759 4162 l,
770 4117 795 4164 9.
805 4131 840 4142 --
850 4106 958 4169 Appian.
973 4105 1028 4154 Cir.
1041 4104 1086 4153 lib.
1098 4108 1117 4152 l.
