2875 4900
331 369 384 443 nt
418 371 531 465 noc.
558 370 650 437 nin.
677 370 763 437 cvr
796 370 1010 439 mutatu.
1137 367 1205 465 597

124 490 285 554 Graecos:
300 489 386 576 ipse,
406 489 483 575 quia
498 510 615 553 manus
633 489 765 569 trajecta
778 489 923 553 officinm
938 491 1094 579 negabat,
1113 494 1208 557 armi·

126 613 211 679 gero
224 590 363 679 praebuit
375 590 470 654 latus.
486 589 680 677 Exemplum
692 589 758 653 hoc
768 590 967 655 Censorinus
982 591 1127 657 imitatus
1139 611 1206 675 est3

125 692 239 755 caeteri
256 692 398 772 nobiles,
416 712 499 778 quos
520 691 607 753 inter
624 707 658 755 et
677 690 936 779 Megabocchus,
951 714 1008 755 sua
1026 693 1089 756 sibi
1106 716 1207 757 mann

126 794 363 857 consciverunt
380 815 494 857 necem
507 778 663 857 :'caeteros
675 790 788 856 adorta
800 792 996 857 Parthorum
1011 793 1206 874 multitudo,

123 892 279 957 confodit
294 894 400 957 contis
414 916 426 974 ;
442 914 550 980 neque
568 892 706 980 amplius
731 893 918 981 quingentis
933 894 998 957 viri
1015 896 1100 982 capti
1116 912 1204 960 sunt.

173 993 289 1058 XLVI.
307 992 389 1057 Filio
405 992 608 1092 impepatoris
626 992 717 1057 hunc
731 992 773 1057 ad
787 993 925 1058 modum
942 1018 1033 1083 paenc
1048 997 1110 1059 suh
1125 1020 1205 1061 ocu-

122 1096 169 1158 lis
194 1096 296 1182 patris
314 1095 508 1175 interfecto,
531 1094 643 1159 Parthi
660 1097 693 1157 in
717 1095 824 1183 ipsum
844 1096 935 1185 signa
954 1114 1205 1180 converterunt,

120 1196 195 1275 jam
221 1206 354 1284 acce'pto
375 1197 495 1263 nuntio
517 1195 674 1283 periculi,
690 1194 732 1259 ad
747 1218 845 1283 opem
861 1196 928 1260 filio
943 1197 1110 1261 ferendam
1129 1222 1205 1287 pro·

122 1298 263 1360 fectum.
281 1296 346 1362 Ubi
360 1297 395 1361 in
410 1311 622 1383 conspectum
636 1297 766 1385 agmina
780 1312 963 1377 venerunt,
980 1298 1114 1385 quidam
1127 1300 1204 1363 Par-

122 1398 283 1479 thorum,
302 1398 393 1463 hasta
415 1396 570 1463 suffixum
597 1414 697 1486 caput
719 1413 942 1480 ostentantes,
968 1400 1205 1489 obequitabant
1278 1435 1290 1443 -

120 1498 304 1580 Romanis,
322 1498 620 1587 qureritabantque,
637 1499 750 1587 qru'bus
767 1500 930 1563 natalibus
946 1502 1002 1563 iste
1006 1502 1135 1589 juvenis
1151 1525 1203 1565 or-

121 1612 177 1663 tus
194 1601 298 1664 esset?
313 1622 377 1663 non
390 1601 472 1663 enim
487 1623 520 1663 se
534 1600 677 1678 credere,
691 1610 820 1663 tantam
833 1600 989 1679 indolem,
1007 1603 1048 1664 ab
1063 1606 1200 1689 &navis-

120 1703 205 1763 sr'mo
218 1702 380 1765 hornutum
395 1702 506 1769 Crasso
515 1702 682 1788 procreari
691 1704 841 1790 potuisse.
858 1700 897 1767 Id
913 1704 1133 1790 spectaculum
1148 1728 1203 1769 re·

121 1796 370 1867 hementissime
386 1804 548 1893 permovit
570 1802 708 1884 milites,
738 1825 807 1867 non
831 1818 869 1865 ut
894 1802 1151 1869 accenderentur
1168 1806 1201 1868 in

120 1904 285 1969 ultionem
299 1954 309 1987 ,
328 1904 387 1969 sed
400 1920 437 1969 ut
450 1904 545 1991 plane
562 1920 693 1993 torpore
706 1921 739 1969 et
754 1903 1202 1992 desperationedemitterent

121 2007 265 2072 animos.
280 2011 323 2072 At
335 2009 488 2087 Crassus,
505 2028 675 2093 nunquam
692 2007 808 2070 clarius
825 2021 953 2069 ostensa
966 2006 1067 2084 animi
1077 2010 1201 2095 magni·

120 2106 260 2189 tudine,
278 2129 368 2173 suum
391 2107 475 2186 hunc
491 2107 649 2187 deberem,
669 2131 762 2171 suam
778 2108 901 2171 cladem
921 2130 982 2174 esse
1000 2108 1199 2173 vociferaba-

121 2225 196 2288 tur3
213 2210 333 2297 populo
348 2209 474 2297 quidem
491 2231 640 2289 romano,
658 2208 751 2273 salvis
767 2207 957 2294 legionibus,
974 2207 1134 2273 nihildum
1148 2233 1201 2272 ac·

119 2313 232 2377 cidisse
248 2312 486 2390 calamitosum,
502 2312 594 2375 tutius
611 2310 719 2375 rm'lt‘tis
722 2310 869 2399 jactura.

168 2412 300 2478 xnvu.
316 2412 516 2478 desumerent
529 2411 623 2476 moda
633 2414 802 2500 pristitum
815 2411 1034 2491 alacritatem,
1050 2425 1100 2492 et,
1112 2413 1201 2500 quod

119 2537 204 2603 soepe
223 2514 310 2578 duris
334 2515 522 2603 temporibus
543 2517 641 2601 copt'ce
660 2530 803 2579 rotnanoe
810 2513 980 2599 ficissent,
1000 2513 1198 2578 dubitantem

120 2619 302 2680 Fortunam
316 2617 363 2680 ad
373 2639 445 2680 suas
451 2629 559 2703 partes
573 2619 690 2680 uirtute
701 2631 857 2702 cogerent.
876 2615 938 2681 Sed
952 2616 1079 2695 jacebat
1089 2617 1196 2680 omnis

120 2719 264 2792 militum
277 2720 387 2806 rigor,
402 2719 572 2804 moestique
587 2733 619 2779 et
632 2717 719 2782 taciti
731 2716 922 2797 adstabant3
938 2741 1015 2781 mox
1029 2717 1124 2781 edere
1137 2719 1197 2785 cla·
1215 2789 1221 2796 ,

119 2843 248 2886 morem
263 2819 369 2900 jussi,
387 2835 520 2884 tenuem
544 2834 576 2882 et
598 2819 790 2906 inaequalem
812 2819 1035 2900 sustulerunt,
1056 2841 1196 2904 quuma

118 2920 249 2984 Parthis
269 2922 385 3010 ingens
411 2935 444 2983 et
465 2919 651 2984 animorum
675 2920 792 3007 plenus
816 2919 1020 2983 redderetur.
1044 2919 1113 2984 Nec
1134 2920 1194 2984 alia

119 3023 254 3086 fortuna
276 3043 395 3110 pugnas
417 3021 588 3108 utrisque,
607 3044 705 3109 quam
729 3022 845 3085 animis
862 3038 1100 3108 preceperant,
1118 3022 1191 3088 fuit.

117 3123 285 3187 Romanos
305 3123 457 3210 ambigna
475 3146 545 3186 sors
563 3124 616 3186 leti
638 3123 793 3207 terrebat,
811 3122 903 3210 qnod
918 3124 1121 3188 servantibus
1138 3147 1193 3188 or·

117 3223 213 3289 dines
230 3225 356 3288 molesti
370 3246 462 3288 arcus
474 3223 672 3288 Parthorum
685 3241 795 3305 erant;
811 3224 1016 3311 eruptionem
1030 3239 1192 3290 tentantes

116 3337 181 3390 con
186 3325 225 3388 tis
238 3323 421 3414 figebantur
434 3323 519 3388 adeo
529 3324 659 3404 validis,
673 3343 710 3389 nt
723 3324 890 3389 interdum
902 3324 986 3388 duos
999 3325 1095 3390 simul
1106 3327 1192 3391 viros

116 3425 207 3492 idem
222 3427 362 3514 impetus
375 3426 656 3492 transverberaret.
671 3426 908 3490 Laborantibus
921 3425 1069 3512 undique
1079 3427 1195 3494 Roma·

117 3530 189 3610 nis,
206 3551 310 3592 novus
326 3545 460 3617 repente
476 3529 581 3592 hostis
597 3545 749 3610 exortus,
769 3551 872 3615 quum
894 3527 982 3592 haud
999 3550 1115 3615 parum
1133 3529 1174 3594 de

116 3632 262 3695 trimenti
280 3630 388 3712 daret,
403 3631 476 3719 plus
490 3631 586 3693 ctiam
605 3629 729 3694 doloris
742 3629 863 3693 intulit.

161 3732 308 3796 XLVlll.
326 3733 410 3796 Nam
432 3755 507 3794 cum
524 3731 702 3796 Osrhoenis
717 3730 887 3819 Abgarns,
908 3751 1007 3817 quem
1023 3729 1086 3792 sibi
1104 3729 1187 3792 ami-

116 3857 192 3898 cum
213 3833 358 3898 arbitrati
374 3832 523 3913 fuerant,
540 3849 627 3920 terga
648 3830 801 3896 adversus
817 3831 955 3897 Parthos
968 3831 1185 3923 pugnantium

151 4039 168 4105 S
186 4042 276 4089 xm.
292 4040 414 4090 Plutarch.
431 4038 876 4100 -vo.thx.1,o..-utor.111,
895 4053 983 4089 11.-
999 4038 1133 4096 Omnvl,
1147 4041 1188 4086 tl.

117 4151 151 4160 -
164 4124 222 4174 Dio.
