2875 4900
260 456 334 553 ‚m
363 456 476 526 too.
502 455 594 525 sm.
622 455 688 526 xc
715 454 930 528 mvrena
1067 452 1135 529 ηε

101 576 362 661 pretorem‘navaii
372 578 481 665 praelio
494 577 636 641 vicerant
649 599 657 640 :
670 599 730 641 nec
744 578 876 643 meliore
889 595 1007 643 eventu
1016 580 1057 643 ab
1067 582 1143 645 aliis·

100 674 126 737 in
142 700 191 741 eos
208 695 394 769 pugnatum.
407 680 511 769 Igitur
524 679 640 741 missus
658 679 692 741 in
708 700 765 741 eos
784 680 820 743 P.
833 680 984 743 Servilius
997 703 1137 768 procon-

99 778 154 857 nl,
167 779 302 867 primum
321 782 354 844 in
373 782 445 869 ipso
461 778 542 844 mari
554 800 763 869 congressus,
781 802 968 868 quanquam
983 780 1135 848 adversus

98 874 167 941 leves
181 898 211 945 et
226 882 356 971 fugaces
373 903 587 969 myoparonas
602 882 695 960 justae
712 880 942 969 magnitudinis
963 904 1057 947 neves
1076 906 1137 973 op·
1276 914 1283 933 κ

97 996 248 1063 posuerat,
267 1004 334 1045 non
350 982 553 1046 incruentam
573 981 740 1046 victoriam
760 982 879 1047 retulit.
897 982 960 1047 Sed
980 985 1137 1049 neomari

96 1079 278 1148 submovisse
295 1099 489 1165 contentus,
510 1082 553 1147 ad
569 1082 667 1156 urbes
685 1083 814 1147 illorum
835 1098 868 1145 et
885 1083 1066 1171 praedarum
1084 1108 1136 1151 re·

97 1184 240 1269 reptacula
255 1184 399 1249 eruenda
411 1184 582 1248 convertit.
598 1183 675 1247 Non
692 1182 819 1247 minimi
834 1183 952 1249 laboris
966 1184 1000 1249 id
1014 1186 1135 1251 belluni

95 1278 146 1343 luit
158 1303 165 1345 ε
176 1282 240 1346 fere
249 1285 394 1373 triennio
408 1300 609 1373 pugnatum3
627 1284 799 1370 multaeque
813 1306 871 1370 per
880 1285 1022 1351 Ciliciam
1040 1287 1136 1350 Pam·

95 1380 287 1472 phyliamque
298 1402 332 1450 et
342 1384 471 1473 Lyciam
489 1385 586 1448 urbes
600 1406 727 1448 eversu.

41 1518 42 1523 ¹
129 1484 254 1550 XXXV.
272 1486 415 1551 Phaselis
438 1487 471 1549 in
492 1486 596 1574 Lyciae
614 1484 876 1572 Pamphyliaeque
893 1485 1035 1551 confinio
1058 1488 1137 1571 sita,
1245 1486 1266 1551 .'

89 1585 166 1662 juxta
178 1610 274 1675 quam
291 1585 471 1653 Alexander
486 1586 564 1649 olim
580 1585 814 1675 pereangustias
830 1582 982 1649 fluctibus
999 1608 1136 1674 oooper-

92 1698 132 1749 tas
143 1687 321 1753 transduxit
336 1687 531 1765 exercitum,
550 1684 665 1749 crebro
685 1684 942 1751 commeantibus
956 1708 995 1749 eo
1010 1688 1136 1773 piratis,

92 1784 168 1873 quod
182 1788 326 1877 projecta
344 1788 379 1851 iu
396 1787 498 1851 altum
516 1786 636 1851 horum
654 1786 835 1849 accessibus
854 1800 921 1849 erat
934 1802 1135 1874 opportuna,

91 1886 181 1971 primo
200 1888 422 1968 eommereiis,
440 1884 558 1951 deiude
576 1902 610 1950 et
625 1888 777 1949 societate
790 1908 824 1949 se
838 1887 1057 1965 conjunxerat.
1073 1888 1137 1952 Sed

91 2006 146 2051 non
158 2004 231 2054 aute
245 1989 372 2054 destitit
382 1988 553 2069 Servilius,
567 2008 665 2075 quam
679 2002 893 2075 expugnatam
911 1984 1063 2053 dirueret.
1078 1990 1139 2053 Ea·

90 2084 153 2150 dem
168 2112 237 2153 sors
251 2089 385 2178 Olympi
401 2088 481 2170 fitia,
497 2088 587 2152 urbis
602 2088 743 2177 antiquae
757 2103 790 2150 et
802 2088 980 2176 opulentae,
997 2109 1069 2175 quae
1083 2090 1136 2153 in·

89 2200 132 2250 ter
138 2210 190 2255 sex
195 2191 311 2279 Lycias
321 2191 475 2254 maximas
484 2190 647 2254 numerari
658 2188 751 2253 solet.
761 2189 882 2269 Hujus,
894 2212 996 2276 quum
1004 2191 1037 2253 vi
1046 2206 1136 2279 capta

88 2306 175 2372 esset,
187 2315 307 2382 magna
317 2290 425 2379 praeda
436 2292 516 2371 fuit3
529 2290 695 2377 multaque
711 2288 788 2353 inde
799 2291 891 2380 signa
903 2304 936 2354 et
946 2307 1136 2355 ornamenta

41 2455 42 2485 q
86 2388 121 2454 ab
134 2391 326 2482 imperatore
341 2392 418 2458 belli
427 2392 499 2474 jure
512 2391 639 2457 sublata
651 2406 739 2456 sunt.
754 2392 916 2480 Corycum
930 2413 1064 2480 qnoque
1078 2412 1136 2456 ur·

42 2526 43 2557 l
87 2491 167 2577 bem,
179 2497 327 2562 inolitam
337 2517 488 2576 eernere,
498 2495 534 2558 in
545 2515 613 2582 quo
624 2515 759 2557 oroeurn
770 2492 931 2580 gignimr,
945 2492 1136 2558 eorumdem

86 2615 239 2661 armorum
255 2612 430 2686 tempestas
446 2596 571 2659 evertit.

113 2779 258 2846 §mm
270 2783 408 2832 suenus
418 2799 472 2848 ap.
486 2797 526 2830 ιι.
539 2807 574 2818 -
585 2781 648 2828 nor.
663 2807 697 2818 -
711 2779 822 2838 omn,
836 2779 879 2827 2³.
892 2805 928 2816 -
940 2761 1022 2827 sen,
1034 2805 1068 2815 -
1083 2778 1137 2827 os.

86 2891 114 2900 -
124 2864 140 2930 S
149 2869 259 2917 mv.
271 2867 326 2918 Cia·
339 2868 366 2914 iu
376 2867 446 2913 Vera.
457 2867 486 2921 1,
500 2879 543 2913 at,
560 2889 594 2899 -
607 2862 688 2910 Strsls.
698 2861 743 2910 lib.
753 2863 825 2920 XIV,
841 2877 898 2926 pag.
911 2861 971 2910 665,
985 2887 1020 2898 -
1038 2859 1137 2908 Sallust.

88 2947 139 2998 llist.
152 2953 176 3012 l,
187 2967 232 3001 aa.
244 2945 283 2989 -ἓ
294 2951 400 3014 Eutrop.
