2875 4900
193 411 247 479 ΙΝ
278 409 392 477 LOC.
420 410 512 476 LIB.
538 410 745 477 LXXXIII
777 410 993 479 LlVlANl.
1062 410 1123 480 131

103 530 213 595 XXX.
233 534 276 595 At
292 536 446 593 romanus
460 530 618 593 exercitus
634 528 880 620 Indignabatur,
891 531 981 619 quod
987 530 1129 597 dimissus

68 632 239 695 emunitus
253 654 313 695 rex
331 633 468 695 omnium
486 632 685 710 soeur'ssimus,
709 634 890 719 nominique
902 654 1034 695 rontano
1046 632 1129 720 irese-

67 738 221 814 stissimus,
235 747 379 797 coactam
393 755 438 794 ex
452 730 687 820 opulentissimis
699 735 787 795 Asioe
796 733 971 821 regioru'bus
979 746 1046 797 toto
1054 756 1132 821 quo·

67 838 206 900 drienmo
215 834 381 925 prodam,
403 834 589 921 ispaniam
601 854 731 923 regnum
741 857 842 922 sospes
853 834 1074 923 incolumisque
1084 858 1132 897 re·

63 950 220 1026 portaret,·
238 936 360 1017 donec,
379 933 533 999 advocata
552 935 727 1011 concione,
742 934 884 999 reddidit
895 936 1023 1000 consilii
1039 936 1134 999 ratio·

68 1060 135 1101 nem
154 1036 269 1118 Sulla,
289 1036 487 1123 docuitque,
503 1038 531 1099 si
544 1034 776 1115 Mithridatem,
791 1059 875 1124 paee
891 1037 1069 1125 denegata,
1086 1038 1135 1101 od

67 1138 211 1202 Finbn'oe
220 1136 390 1226 petendam
401 1138 576 1199 oms'er'tiam
588 1136 784 1225 compulisset
791 1184 801 1214 ,
816 1140 952 1203 ven'tum
953 1136 1059 1226 fuisse
1065 1187 1076 1218 ,
1096 1150 1133 1202 ut

66 1238 214 1301 ambobus
232 1240 310 1299 sotis
325 1249 432 1325 posset
450 1232 610 1301 resisteres
629 1258 716 1301 nunc
738 1252 846 1301 emoto
873 1239 959 1302 hoste
981 1255 1129 1319 extorsio,

62 1363 163 1427 poeuoe
172 1339 215 1403 de
225 1338 367 1401 seditioso
378 1340 443 1401 cive
452 1352 522 1403 tuto
535 1338 694 1401 sunoendae
704 1341 803 1402 otiien
814 1361 886 1403 esse.
897 1340 1001 1405 Movit
1013 1340 1131 1406 deiude

66 1462 174 1505 sersus
196 1436 373 1528 beatim,
391 1439 466 1520 ubi,
486 1438 597 1503 castris
614 1438 745 1527 positis,
761 1440 902 1504 Fimbria
920 1441 1129 1525 consederut3

68 1560 94 1607 et
114 1564 226 1630 quum
251 1538 293 1604 ud
317 1560 428 1629 passus
456 1538 615 1606 ducentos
637 1539 871 1629 quinquaginta
894 1558 995 1607 eastra
1022 1546 1132 1609 eastris

67 1643 276 1723 contulisset,
289 1641 386 1722 jussit
400 1662 475 1705 eum
492 1640 629 1729 imperio
649 1640 786 1721 cedere,
807 1638 897 1728 quod
918 1658 1030 1707 contra
1048 1644 1133 1733 leges

67 1744 241 1808 obtineret.

105 1845 235 1909 XXXI.
252 1842 311 1907 Ille
323 1842 461 1907 vicissim
474 1840 628 1918 irridens,
640 1841 760 1905 Sullam
775 1843 886 1929 potius
899 1842 1132 1925 cederejussit,

67 1950 120 2035 qui
141 1946 249 2011 hostis
266 1960 350 2009 esset
364 1944 474 2032 petriae
487 1942 667 2023 judicatus:
685 1942 744 2007 sed
766 1943 823 2007 ubi
842 1944 928 2008 Sulla
942 1945 1133 2011 circumvel-

68 2050 128 2111 lare
145 2060 250 2110 castre
270 2042 436 2107 fimbriana
458 2044 571 2133 eoepit,
594 2043 699 2108 crebri
714 2042 756 2107 ad
775 2068 850 2108 eum
871 2046 987 2109 milites
1000 2048 1134 2112 transie-

67 2164 164 2230 runt,
179 2146 395 2231 Sullanosque
403 2144 438 2207 in
448 2166 545 2233 opere
553 2144 707 2210 faciundo
716 2144 918 2224 adjuverunt.
933 2145 1039 2233 Igitur
1051 2148 1134 2211 Fim-

67 2249 134 2312 bria
156 2248 192 2310 in
215 2245 374 2309 concione
395 2245 534 2308 militum
554 2260 674 2310 sortem
695 2268 787 2309 suam
803 2247 926 2333 prolixe
944 2248 1134 2322 miserante,

67 2366 157 2431 orat,
180 2370 222 2411 ne
243 2346 409 2424 deserant,
437 2368 529 2425 reove,
544 2368 636 2433 quem
660 2349 721 2434 ipsi
742 2348 955 2434 imperatorem
965 2346 1132 2434 fecissem,

16 2531 17 2548 χ
66 2457 180 2539 optime
191 2449 234 2514 de
248 2471 280 2512 se
294 2450 437 2512 meritum
450 2446 623 2527 bominem,
639 2449 728 2512 rebus
739 2448 898 2536 praeclore
912 2453 1021 2535 gestes,
1038 2452 1135 2518 milite

67 2554 169 2617 ditato
177 2599 188 2630 ‚
211 2549 330 2639 t'rq'teria
343 2542 636 2638 officipoterentur.
655 2547 791 2612 Nullum
808 2547 967 2613 infirmius
983 2550 1023 2614 ad
1039 2549 1135 2616 fidem

67 2654 236 2719 vinculum
254 2667 322 2732 est,
339 2673 437 2738 quam
454 2650 544 2738 quod
560 2651 713 2714 societate
732 2649 890 2712 scelerum
906 2649 1135 2740 adstringitur,

69 2778 125 2820 nec
150 2751 243 2818 aliud
267 2751 362 2816 citius
385 2765 442 2814 eut
464 2749 651 2839 poenitentia
671 2748 908 2832 tolerabitium,
931 2768 987 2815 eut
1006 2753 1134 2817 levitate

68 2855 275 2943 perditorum
289 2851 456 2916 mutabile.

110 2955 253 3021 XXXII.
270 2953 311 3015 Et
323 2973 390 3014 non
404 2950 555 3031 deerant,
570 2949 698 3036 quispe
713 2953 920 3037 praemiorum
934 2974 953 3014 a
968 2952 1054 3016 sulla
1068 2975 1136 3017 cor·

71 3059 176 3146 rupti,
192 3069 327 3120 caeteros
341 3054 438 3118 etiarn
452 3051 492 3114 ab
506 3049 665 3138 obsequio
676 3051 826 3114 Fimbriae
835 3053 1018 3117 avellerent.
1033 3053 1131 3143 Igitur

72 3159 186 3244 passim
199 3173 271 3220 tota
282 3155 440 3220 concione
454 3152 610 3216 clamores
622 3149 801 3213 audiuntur
809 3199 819 3232 ,
828 3167 940 3215 contra
952 3152 1036 3218 cives
1048 3178 1137 3220 armo

72 3279 198 3323 sunere
220 3255 420 3344 negantium.
443 3254 528 3316 Tum
546 3251 598 3315 ille
621 3247 662 3314 de
684 3250 836 3317 tribunali
854 3251 1021 3337 desiliens,
1041 3258 1137 3322 scissa

74 3359 200 3437 tunice,
221 3355 424 3442 singulorum
443 3351 580 3441 pedibus
602 3351 801 3416 advolvitur:
819 3351 853 3415 id
869 3376 1001 3442 quoque
1019 3358 1137 3424 frustra

72 3457 211 3539 facturn3
227 3473 382 3543 tantoque
395 3455 503 3544 pbrres
517 3453 619 3542 palam
634 3454 888 3541 transfugerunt
900 3456 986 3545 Ergo
997 3459 1137 3526 Fimbria

74 3561 280 3624 tribunorum
297 3558 588 3646 praefectorumque
601 3554 776 3617 circumitis
795 3556 958 3638 tentoriis,
973 3562 1138 3650 multaque

74 3663 207 3745 pecunia
232 3659 423 3738 distributa,
450 3677 554 3744 quum
580 3654 698 3718 iterum
724 3655 832 3718 vocari
855 3657 1047 3724 concionem
1066 3664 1137 3742 jus-

76 3761 181 3843 sisset,
199 3759 426 3842 jusjurandum
443 3781 462 3822 a
478 3755 634 3821 militibus
652 3757 779 3844 exigere
795 3757 901 3845 coepit.
918 3758 1136 3828 Occlamatum

77 3861 303 3948 aquibusdam
328 3877 394 3942 est,
418 3860 604 3923 nominatim
625 3854 762 3946 singulos
786 3857 834 3922 ad
843 3859 1024 3945 jurandum
1046 3867 1143 3928 citeri

77 3977 223 4048 oportere.

116 4147 235 4211 §mn
247 4150 313 4200 Plut.
328 4177 361 4188 --
373 4149 480 4213 Appian.
491 4175 525 4184 -
535 4148 607 4194 duct.
618 4145 648 4194 de
659 4147 711 4194 Vir.
725 4147 759 4194 ill.
770 4161 825 4211 cap.
837 4148 880 4208 69.
894 4173 930 4183 -·
943 4148 995 4197 ttv.
1007 4149 1071 4214 Epir,

926 4264 966 4334 s-
