2875 4900
288 391 353 460 1¹8
458 392 527 460 ro.
553 390 894 461 ruerusneurr
925 343 1171 459 surranu.

326 512 411 577 LXI.
429 512 505 575 llaec
523 510 604 577 durn
624 510 702 575 alibi
723 509 827 591 liunt,
848 510 1082 598 proconsulum
1096 512 1178 575 asie
1194 510 1345 577 Flaccum

283 613 450 677 fimbriana
461 612 593 677 tandem
602 612 736 676 audacia
744 612 882 699 imperio
890 612 1020 699 vitaque
1027 613 1126 676 exuit.
1135 612 1233 676 Forte
1241 611 1284 675 de
1292 613 1349 676 ho·

283 715 380 801 spitio
396 715 548 803 questuri
562 713 704 777 consulis
719 735 796 777 curn
809 714 915 800 legato
930 714 966 776 C.
974 712 1115 776 Fimbria
1129 713 1167 775 lis
1182 710 1345 776 inciderat.

281 816 415 880 Flaccus
431 817 532 880 multa
548 838 624 879 curn
637 815 732 903 legati
750 812 948 878 contumelia
961 813 1143 877 seeundum
1155 829 1346 900 questorem

283 916 392 998 dedit;
413 914 531 981 deinde
556 916 705 1005 Fimbriae
729 914 906 982 discessum
929 915 1112 997 minitanti,
1130 912 1347 979 discessurum

284 1040 369 1098 esse,
381 1018 433 1081 vel
449 1017 587 1081 invitum
600 1017 788 1106 respondit;
801 1040 878 1080 mox
889 1033 1003 1081 contra
1016 1016 1227 1097 convicianti,
1239 984 1348 1080 adem·

283 1135 338 1207 pta
355 1119 531 1207 legatione,
549 1140 769 1182 successorem
788 1118 887 1183 dedit.
906 1119 981 1197 llle,
997 1134 1145 1205 tempore
1161 1117 1347 1200 observato,

285 1240 353 1305 qno
378 1218 614 1283 Chalcedonem
637 1218 909 1307 proficiscendum
929 1220 1055 1301 brerat,
1081 1220 1173 1306 quasi
1195 1220 1350 1283 salutatu·

285 1340 342 1382 rus
360 1320 394 1382 in
411 1318 553 1383 discessu
571 1321 810 1385 commilitones
824 1320 1015 1409 Byzantium
1031 1319 1170 1384 divertit
1185 1320 1290 1384 Multa
1302 1320 1348 1383 ibi

286 1419 419 1507 oblique
435 1422 469 1484 in
483 1420 647 1485 avaritiam
661 1438 694 1485 et
707 1420 928 1487 crudelitatem
939 1423 1045 1486 Flacci
1057 1421 1191 1500 jactasse
1202 1437 1348 1503 constat,

286 1520 459 1602 militibus,
478 1538 517 1586 ut
535 1522 597 1586 sibi
619 1523 861 1611 prospicerent,
881 1544 942 1611 per
956 1524 1096 1611 speciem
1116 1522 1350 1587 benevolentiae

286 1619 428 1685 monitis.
443 1621 567 1687 Deinde
581 1638 755 1711 postquam
768 1623 838 1687 haec
850 1623 892 1687 ad
906 1624 1040 1688 intimos
1056 1625 1182 1687 animos
1195 1622 1349 1707 demissa,

285 1742 385 1807 seque
397 1722 433 1784 in
447 1744 484 1786 ea
495 1722 583 1811 apud
598 1745 713 1788 omnes
727 1725 967 1812 opinioneesse
979 1726 1096 1806 sensit,
1111 1742 1149 1789 ut
1161 1725 1350 1814 pleramque

286 1818 513 1909 opem'salutis
531 1826 565 1888 in
582 1824 652 1904 ejus
665 1826 835 1913 presentia
850 1844 1062 1914 reponerent3
1079 1848 1259 1891 conscenso
1272 1850 1351 1918 sug-

288 1938 400 2011 gestu,
422 1942 531 2013 aperte
554 1926 701 1989 incusare
718 1926 870 2007 Flaccum
890 1926 1085 2014 proditionis
1106 1926 1204 2015 coepit
1222 1950 1231 1991 :
1252 1950 1353 2015 nsque

287 2022 382 2087 aliud
399 2028 532 2089 themani
544 2028 680 2090 avaritia
697 2028 854 2091 tomimm
873 2052 981 2116 agere,
1001 2050 1098 2117 quam
1113 2040 1165 2107 ut,
1183 2043 1311 2116 accepto
1328 2052 1353 2091 a

288 2125 475 2190 Mithridate
489 2148 570 2191 auro
577 2174 587 2206 ‚
603 2126 714 2191 milites
725 2128 890 2192 credendos
902 2127 1304 2217 ormunquueproebent.

331 2228 432 2293 LXII.
450 2229 492 2293 lis
509 2229 612 2292 causis
628 2230 673 2292 ita
695 2230 812 2295 exarsit
830 2229 981 2317 proclivis
998 2230 1142 2316 alioquin
1161 2230 1195 2292 in
1216 2227 1353 2293 seditio-

289 2349 364 2391 nem
391 2330 522 2411 concio,
549 2345 587 2392 ut
604 2330 784 2393 Thermum
806 2346 1005 2418 propraetore
1025 2354 1044 2393 a
1064 2330 1179 2395 Flacco
1199 2328 1353 2393 relictum

287 2426 445 2516 ademptis
458 2430 597 2496 fascibus
614 2430 751 2510 ejiceret.
764 2431 922 2513 Fimbria,
939 2430 1047 2520 gratiis
1060 2430 1155 2494 militi
1170 2430 1266 2510 actis,
1279 2445 1355 2494 tan·

288 2551 385 2616 quam
398 2531 499 2595 vicem
512 2531 696 2596 redditurus
709 2531 876 2614 beneficii,
888 2554 939 2596 res
951 2533 1115 2597 sociorum
1129 2532 1180 2620 agi
1191 2531 1354 2617 ferrique,

287 2629 390 2719 redigi
413 2633 447 2695 in
472 2634 658 2697 servitutem
680 2633 811 2714 obvios,
835 2635 895 2698 alia
917 2651 1032 2697 contra
1056 2633 1259 2719 disciplinam
1281 2630 1355 2696 lieri

288 2753 417 2820 passus,
435 2734 544 2820 paucis
559 2734 674 2798 diebus
690 2735 863 2821 opulentos
883 2756 923 2797 ex
935 2733 1133 2822 pauperibus
1153 2733 1269 2796 effecit.
1286 2732 1355 2795 Sed

288 2855 429 2920 quorum
450 2852 549 2923 raptas
574 2857 626 2898 res
650 2835 865 2923 hominesque
889 2833 1035 2911 fuerant,
1058 2835 1188 2898 obviarn
1211 2831 1355 2922 proiecti

288 2935 417 3018 Flacco,
439 2937 577 3026 graviter
601 2936 641 3000 de
664 2937 791 3016 injuriis
816 2936 883 2999 suis
909 2934 1096 3022 querendo,
1120 2933 1356 3021 proconsulem

285 3035 351 3114 jam
369 3051 442 3100 ante
461 3037 612 3100 Fimbriae
633 3036 789 3101 infestum
808 3038 853 3100 ita
870 3035 1106 3116 accenderunt,
1127 3051 1167 3098 ut
1187 3034 1279 3121 sequi
1294 3055 1357 3098 eos

286 3135 429 3214 juberet,
442 3159 500 3201 sua
509 3137 617 3201 statim
628 3154 826 3226 recepturos.
837 3136 902 3200 Ubi
913 3135 954 3200 ad
963 3151 1225 3215 castrarentnm,
1240 3134 1357 3199 multis

290 3259 366 3300 cum
385 3238 481 3302 minis
498 3239 665 3328 imperavit
677 3239 845 3318 Fimbriae,
865 3254 904 3302 ut
920 3238 1025 3301 ablata
1042 3234 1186 3301 dominis'
1198 3238 1356 3300 restitue·

290 3353 359 3401 ret:
373 3339 565 3428 illeculpam
579 3341 612 3403 in
631 3341 748 3404 milites
763 3339 952 3419 conferens,
972 3360 1007 3402 se
1019 3338 1142 3417 invito,
1159 3336 1250 3424 quod
1267 3353 1358 3401 esset

289 3436 428 3518 lactum,
443 3439 595 3503 accidisse
608 3440 815 3527 preferebat,
829 3461 891 3504 nec
905 3462 945 3503 eo
961 3439 1070 3502 minus
1082 3439 1164 3502 clam
1180 3437 1359 3526 instigabat

289 3535 548 3604 audacissimum
558 3562 740 3628 quemque,
757 3564 826 3606 rem
846 3541 993 3606 acerbam
1007 3539 1239 3629 indignamque
1255 3538 1358 3603 dicti·

289 3655 378 3719 tans,
397 3641 514 3704 auferri
528 3641 683 3706 militibus
703 3642 744 3705 ab
762 3643 972 3731 imperatore,
988 3640 1080 3730 quod
1099 3641 1166 3706 suis
1184 3640 1358 3724 laboribus

289 3753 322 3802 et
343 3738 417 3803 belli
432 3740 504 3819 jure
525 3743 767 3829 quesivissent;
786 3766 893 3833 neque
915 3767 949 3807 se
966 3745 1012 3806 eis
1030 3759 1197 3806 auctorem
1210 3765 1299 3824 esse,
1317 3759 1358 3809 ut

289 3839 466 3928 quidquam
485 3865 595 3906 earum
612 3866 721 3907 rerum
735 3843 916 3908 redderent.

323 4056 339 4120 s
357 4059 423 4106 Lxr.
441 4060 550 4124 Appiam.
568 4061 682 4110 Mithrid.
701 4086 736 4098 -
755 4061 812 4110 Dio.
825 4087 862 4096 ·-
875 4063 950 4110 Auct.
968 4060 1000 4109 de
1011 4063 1065 4109 Vir.
1080 4059 1169 4110 illustr.
1187 4048 1244 4128 cap.
1261 4077 1302 4124 po.
1319 4085 1358 4100 «-

288 4137 303 4212 s
315 4141 392 4192 Lm.
405 4145 512 4212 Appian.
521 4171 556 4181 -
565 4146 613 4193 Dio
625 4145 691 4212 apud
700 4145 782 4193 Valet.
792 4143 898 4192 -vut
908 4145 946 4201 11,
958 4153 1000 4201 al.
