2875 4900
225 390 276 460 ΙΝ
305 386 784 457 LOC.LIB.LXXIIVII
816 384 1026 454 LIVIANI.
1088 386 1152 483 173
1224 458 1230 467 ,

110 507 144 571 sb
163 508 284 573 diversa
303 524 394 597 parte
417 504 659 571 eontinentibus
679 504 764 594 jugis
787 520 923 592 angusta
943 506 1064 570 nemine
1080 508 1154 589 jun·

109 609 243 693 gebatur.

145 708 232 772 vltt.
250 709 353 797 Igitur
367 706 487 770 fossam
501 704 687 791 vallumque
705 728 725 768 e
744 705 926 793 longinquo
946 704 1020 769 duci
1038 707 1151 786 jussit3

108 808 253 895 operique
268 806 454 871 Lucretium
471 804 608 869 Ofellam
627 804 786 891 praefecit,
805 806 947 893 equitem
962 828 1152 887 romanum,

107 908 155 993 qui
170 915 304 996 nuper'e
315 904 516 971 mrbonianis
528 904 672 992 partibus
688 904 729 968 ed
741 927 775 969 se
786 906 1008 994 transfugerat.
1021 905 1061 970 Id
1078 928 1153 971 con·
1204 902 1207 908 ⁴

105 1007 202 1070 silium
218 1032 237 1071 a
255 1006 451 1095 quibusdam
473 1005 705 1093 reprehensum
721 1020 785 1085 est,
809 1027 876 1069 non
898 1006 1153 1093 improbabiliter

106 1109 332 1195 querentibus,
346 1128 404 1171 cur
416 1121 493 1171 etot
508 1106 655 1192 egreglis,
674 1128 752 1193 quos
764 1108 847 1169 enea
863 1128 895 1169 se
910 1106 1061 1187 laedebat,
1077 1110 1154 1173 viris

103 1212 263 1291 nemnem,
282 1207 338 1271 sed
351 1208 512 1271 obscurum
528 1219 560 1269 ct
576 1204 746 1292 ignobilem
763 1206 917 1270 bominem
933 1208 981 1271 ad
997 1220 1097 1273 tontoe
1108 1212 1155 1273 rei

103 1311 299 1375 ministerium
321 1306 482 1395 delegasset
501 1329 514 1370 .·
534 1319 615 1369 certe
626 1303 805 1393 foedtlrst'mt'
820 1306 975 1395 propositi
995 1310 1153 1371 comeciam

103 1407 223 1473 booles
228 1411 337 1497 potrits
342 1455 354 1489 ‚
367 1418 398 1470 et
407 1408 545 1470 servimen·
552 1418 684 1493 param
695 1404 846 1470 extolles
861 1406 997 1471 oobtr'sss
1003 1454 1013 1486 ,
1030 1430 1052 1471 a
1065 1409 1153 1471 bonis

102 1507 601 1599 subbaudeeqtoepromptumad
607 1508 713 1595 turpia
723 1506 901 1595 obsequium
910 1520 1150 1595 exspectantem.

139 1610 196 1675 tx.
210 1610 270 1673 Illa
287 1630 420 1697 quoque
438 1628 533 1670 causa
553 1606 685 1670 subesse
698 1606 890 1694 putabatur,
909 1630 951 1671 ne
966 1624 1151 1695 prestantes

101 1709 209 1775 virtute
222 1732 260 1774 ac
276 1709 442 1774 nobilitate
455 1708 604 1772 homiues
619 1707 829 1772 consiliorum
843 1724 1072 1797 gestorumque
1087 1711 1154 1774 lau·

102 1806 167 1872 dem
176 1808 261 1873 adse
275 1808 491 1891 retraherent3
503 1808 733 1895 republicaque
748 1809 911 1889 restituta,
927 1810 994 1896 pari
1008 1832 1082 1874 cum
1095 1812 1150 1875 illo

99 1907 161 1983 jure
176 1910 301 1974 censeri
316 1932 447 1998 aequum
460 1924 620 1996 putarent.
636 1908 722 1972 Viles
736 1930 814 1997 ergo
827 1908 979 1983 malebat,
993 1911 1066 1997 qul,
1081 1932 1151 1975 mo·

102 2008 171 2074 dicis
193 2011 335 2101 praemiis
357 2010 521 2091 contenti,
544 2010 662 2072 famam
685 2009 928 2098 potentiamque
950 2010 1084 2073 solidam
1109 2011 1149 2075 ad

101 2109 320 2197 imperatorem
334 2111 597 2175 transmitterent.
612 2110 675 2174 Sed
693 2112 791 2198 paulo
806 2128 899 2191 ante,
917 2133 1019 2200 quum
1036 2110 1149 2175 adver·

101 2213 249 2276 sariorum
276 2212 479 2301 apparatibus
505 2212 611 2275 omnis
634 2212 725 2275 Italia
749 2228 923 2300 streperet,
947 2228 980 2276 et
1001 2214 1149 2301 ingentes

101 2312 207 2397 passim
228 2312 389 2377 exercitus
411 2328 525 2375 contra
541 2334 575 2375 se
591 2310 729 2376 ducibus
752 2312 885 2375 minime
905 2312 1150 2377 contemnendis

101 2414 348 2496 concitarentur3
364 2412 526 2501 optimum
543 2434 707 2500 quemque
729 2411 1059 2501 honestissimumque
1079 2434 1149 2478 rna·

101 2511 177 2575 ximo
185 2513 297 2576 studio
309 2512 501 2592 ambirent,
513 2534 692 2600 eorumque
701 2535 799 2600 opera
810 2528 971 2600 gratanter
981 2531 1048 2578 erat
1058 2537 1147 2580 usus.

136 2615 175 2678 x.
201 2616 231 2678 0
251 2636 383 2704 gravem
401 2614 474 2676 ritae
493 2614 742 2701 pestiferamque
763 2614 869 2693 luem,
891 2635 964 2702 quse
982 2617 1148 2680 vinculum

100 2709 237 2778 bumanae
249 2713 411 2778 societatis
425 2712 536 2793 solvit,
556 2713 797 2801 maximumque
812 2735 919 2778 rerum
934 2716 1147 2804 gerendarum

100 2811 344 2880 instrumentum
365 2811 520 2877 obtundit
538 2835 576 2876 ac
593 2812 740 2876 hebetat!
763 2815 868 2896 Quem
889 2816 977 2878 enlm
999 2816 1148 2880 omnium

101 2908 190 2976 fidum
214 2912 331 2994 nobIs,
356 2929 540 2998 nostraeque
565 2913 709 2976 utilitatis
734 2935 828 2978 causa
854 2915 961 2978 omnia
987 2903 1148 2979 fauturum

101 3032 214 3098 sperare
228 3034 420 3102 possumus,
434 3012 462 3075 si
475 3012 543 3076 haec
557 3012 694 3101 pessima
709 3014 912 3078 consuetudo
928 3015 1077 3096 lnolerit,
1092 3033 1146 3096 ut,

101 3131 171 3195 quos
184 3114 227 3176 ob
240 3136 332 3202 spem
349 3111 536 3201 praeeunde
552 3136 656 3202 opera·
672 3133 762 3177 caros
776 3113 968 3196 habuimus,
985 3131 1059 3202 post
1072 3139 1149 3205 prse-

102 3211 194 3277 stium
210 3215 424 3302 spernamus?
439 3215 599 3278 Caeterum
616 3215 721 3296 Sulla,
737 3213 834 3277 rebus
847 3213 888 3278 ad
899 3215 1059 3282 Praeneste
1072 3239 1150 3282 con·

101 3311 218 3396 sumtis,
227 3316 366 3378 Romam
377 3330 499 3402 petens,
510 3314 661 3378 omnibus
667 3314 727 3378 riis
737 3314 850 3402 globos
863 3314 1001 3381 militum
1010 3321 1148 3405 praemit·

102 3411 192 3496 tebet,
205 3415 410 3504 praecipiens,
426 3431 463 3478 ut
474 3414 593 3478 exclusi
607 3415 768 3478 moenibus
780 3415 903 3480 Ostiam
915 3418 1147 3504 concederent3

102 3517 206 3603 recepti
223 3516 265 3580 ad
285 3531 394 3605 portas
416 3514 556 3604 praesidii
578 3538 672 3579 musa
693 3533 907 3584 remanerent.
922 3519 985 3583 Sed
1001 3520 1061 3583 illis
1081 3545 1147 3586 non

102 3633 162 3694 quae
174 3616 206 3679 in
224 3618 276 3706 ria
287 3615 386 3680 modo
400 3631 493 3680 erant
506 3616 619 3710 urbes,
634 3616 691 3681 sed
705 3617 773 3705 ipsa
786 3617 889 3681 lloma
903 3620 1009 3683 statim
1025 3623 1147 3707 patuit3

101 3709 172 3776 lame
188 3732 324 3804 urgente
340 3715 515 3804 populum,
534 3732 567 3779 et
582 3717 647 3796 jam
664 3717 749 3782 inter
766 3733 815 3782 tot
829 3718 971 3783 civilium
987 3721 1146 3785 bellorum

102 3809 339 3880 vicissitudinem
356 3818 490 3882 assuetis
507 3819 696 3882 bominibus
712 3820 888 3907 potentiori
904 3820 1065 3916 accedere.

127 4025 217 4089 tvm.
230 4035 338 4098 sppnn.
358 4063 391 4073 -
405 4035 469 4084 nur.
482 4063 516 4073 -
531 4038 583 4084 uv.
598 4036 663 4100 epu.
682 4036 849 4084 sxxrrm.
871 4055 904 4068 -
916 4029 980 4094 verr.
999 4031 1038 4084 11,
1055 4045 1096 4088 η.
1114 4057 1148 4066 .-

101 4103 141 4155 ΒῙΟ
152 4113 212 4176 'l’ud
225 4117 305 4182 Vile?-
320 4145 352 4155 -·
364 4117 380 4182 s
393 4119 424 4164 tt.
441 4118 582 4178 U.c.s7o;
594 4122 661 4170 A.C.
673 4122 715 4168 tio.
726 4147 758 4158 -
769 4117 821 4164 lir-
834 4115 898 4178 Epir.
910 4139 945 4150 ν-
955 4111 1060 4176 Appiau.
