2875 4900
313 347 384 418 320
485 349 555 416 JO.
582 349 927 418 FREINSHEMII
959 345 1203 418 SUPPLEM.

310 469 378 559 gias
394 467 538 548 tolleret,
560 489 634 556 qun
653 467 839 532 Phnmaciae
860 465 1092 548 servabantur,
1111 466 1201 554 quod
1220 466 1361 556 oppidum

310 568 400 634 haud
412 570 528 657 procul
543 570 747 657 Trapezunte
759 569 879 634 aberat.

354 671 423 735 XL.
440 670 552 734 Multae
572 685 682 752 erant,
706 669 765 734 sed
790 693 855 759 proe
879 671 1002 736 eaeteris
1023 673 1170 762 insignes
1193 672 1317 736 Roxane
1337 684 1363 731 et

309 772 443 853 Statim,
461 793 535 858 quae
554 769 682 834 circiter
694 792 799 836 annos
817 770 1029 860 quadraginta
1048 771 1082 838 in
1101 771 1280 862 virginitate
1299 789 1362 831 exe·

289 888 443 962 ,gerant;
463 870 687 960 coniugesque
705 871 797 954 dun,
820 872 920 936 ionici
940 871 1043 938 ambae
1066 873 1211 961 generis,
1227 869 1364 936 Berenice

309 976 406 1052 Chia,
419 991 453 1038 et
466 973 613 1038 Monimo
626 973 768 1055 Milesia,
783 974 876 1055 cujus
890 974 1052 1064 precipua
1062 975 1148 1038 inter
1156 974 1281 1038 Grecos
1292 971 1363 1034 lema

308 1092 387 1142 eret.
397 1077 507 1156 Hanc,
521 1073 580 1138 ubi
595 1075 771 1140 Bacchides
785 1076 954 1140 arbitrium
970 1077 1084 1142 mortis
1101 1075 1258 1157 dedisset,
1272 1072 1363 1138 deun·

309 1194 399 1243 ctum
419 1177 525 1264 capite
545 1174 694 1240 diadema
708 1177 891 1243 obsolvisse
910 1179 994 1242 eollo
1011 1178 1142 1260 ferunt,
1162 1194 1199 1242 ut
1216 1175 1290 1241 inde
1304 1195 1363 1238 sus·

308 1277 468 1367 penderet
481 1301 620 1366 corpus,
633 1279 860 1367 abruptoque,
878 1281 1088 1362 exclamasse,
1109 1280 1162 1344 «Ο
1178 1273 1362 1344 exsecrabilis

307 1380 445 1461 «fascia,
469 1401 512 1442 ne
532 1377 574 1442 ad
594 1378 659 1442 hoc
674 1378 809 1468 quidem
826 1381 901 1446 usui
919 1381 981 1444 eris
991 1383 1023 1445 l»
1045 1397 1243 1470 consputum
1260 1375 1363 1444 deinde

243 1561 247 1573 Ι
307 1481 478 1563 abjecisse,
492 1480 713 1570 jugulumque
728 1481 906 1570 prebuisse
921 1483 1116 1571 percussori.
1134 1482 1301 1561 Berenice,
1317 1501 1362 1541 ve·

259 1579 268 1594 ”
307 1603 396 1646 neno
410 1596 606 1670 temperato,
619 1598 746 1670 partem
759 1583 909 1670 presenti
924 1582 1116 1672 rogantique
1129 1583 1224 1648 matri
1235 1580 1362 1646 dederat.

306 1683 395 1772 Ergo
407 1683 572 1747 remissior
587 1698 621 1748 et
633 1681 737 1748 divisa
748 1683 796 1748 vis
810 1684 954 1772 potionis
966 1706 1070 1772 quum
1084 1685 1118 1748 in
1135 1685 1229 1750 senili
1243 1701 1362 1770 corpore

306 1783 392 1848 viam
405 1783 461 1848 leti
478 1783 568 1848 baud
585 1782 760 1848 difficulter
781 1785 974 1867 invenisset,
992 1784 1203 1865 juvenculam
1225 1785 1280 1850 diu
1299 1802 1361 1848 cum

306 1886 415 1950 anima
427 1886 606 1952 luctantem
622 1885 798 1952 Bacchides
814 1887 1036 1976 strangulavit.

349 1987 435 2051 XLI.
451 1987 611 2050 Sororum
626 1984 712 2074 regis
732 1985 830 2076 longe
847 1986 956 2074 dispar
978 2004 1016 2051 ut
1036 1989 1190 2072 animus,
1211 1990 1255 2054 ita
1271 2005 1362 2052 sermo

306 2103 473 2154 extremus
487 2087 589 2152 luisse
605 2085 755 2152 truditur.
770 2087 920 2166 Roxane,
936 2111 1040 2176 quum
1055 2112 1223 2162 venenum
1239 2086 1364 2154 miscuis·

305 2205 372 2270 set,
389 2190 485 2253 «Hoc
498 2187 616 2277 igitur,
633 2187 759 2274 inquit,
780 2205 963 2254 extremum
976 2213 995 2252 a
1009 2191 1107 2254 l'ratre
1125 2213 1249 2268 munus
1263 2205 1362 2264 teneo,

306 2291 472 2356 :invisum
489 2306 594 2372 certe,
616 2289 680 2354 nisi
696 2305 782 2354 esset
796 2289 958 2374 odiosior,
983 2290 1040 2377 qui
1064 2290 1163 2356 misit.
1188 2293 1259 2356 Hoc
1272 2289 1363 2378 ‚igitur

304 2424 317 2449 «
328 2408 413 2475 erat,
430 2413 491 2458 cur
511 2413 564 2457 me
580 2390 708 2457 felicem
724 2390 938 2481 praedicarent
954 2393 1122 2475 homines,
1140 2393 1240 2459 teritis
1255 2387 1365 2471 majori·

306 2496 411 2572 «bus,
427 2495 463 2558 in
476 2494 539 2560 bac
553 2494 686 2559 fortuna
698 2494 860 2583 genitum,
876 2518 1022 2561 sororem
1040 2496 1149 2585 magni
1165 2492 1363 2561 Mithridatis!

268 2639 272 2654 ι
297 2597 416 2685 ιιἘτςο
437 2594 555 2685 igitur,
580 2595 608 2660 si
630 2596 794 2682 quoslibet
817 2595 858 2661 de
883 2598 981 2687 vulgo
1003 2612 1171 2686 parentes,
1199 2595 1363 2686 quemlibet

305 2697 464 2762 «fratrem
477 2718 548 2760 sors
563 2692 724 2776 dedisset,
737 2696 878 2763 viverem
890 2720 899 2761 ε
912 2699 989 2785 quia
1005 2697 1136 2787 regibus
1152 2714 1226 2763 orta
1241 2720 1325 2777 sum,
1338 2708 1363 2757 et

304 2800 418 2865 «hunc
440 2797 724 2887 consanguineum
748 2797 873 2880 habeo,
899 2799 1108 2865 moriendum
1135 2816 1196 2867 est.
1220 2798 1362 2865 Atilium

303 2916 431 2982 «tanta,
446 2914 486 2963 ut
496 2898 643 2980 aiebant,
659 2899 823 2987 potentia,
840 2915 929 2965 tanta
941 2901 1062 2965 virtute
1079 2900 1271 2989 preditum,
1288 2915 1362 2964 mte-

302 3002 389 3065 «lam
402 3000 571 3081 omnium,
587 2998 684 3065 etiam
701 2998 915 3065 minimorum
932 3002 1003 3067 fore
1017 3001 1238 3087 credidemm3
1253 3001 1361 3067 nedum

303 3134 317 3159 «
326 3118 365 3167 ut
375 3124 527 3168 sororum
541 3124 675 3166 suarum
692 3099 859 3188 proditor,
874 3124 1024 3167 sororum
1042 3104 1234 3170 interlector
1249 3118 1335 3169 esset

347 3206 447 3270 XLll.
465 3205 571 3269 «Sane
585 3205 737 3285 jamtum
753 3203 829 3269 satis
846 3221 930 3269 esset
949 3204 1064 3286 miser,
1081 3204 1108 3269 si
1122 3228 1162 3269 ex
1183 3221 1273 3271 tanta
1290 3202 1363 3267 lidu-

303 3306 375 3370 «cia
397 3321 526 3369 tantum
550 3305 585 3368 in
609 3321 735 3369 metum
761 3304 923 3370 venisset:
942 3303 1001 3369 sed
1021 3304 1073 3369 fac
1096 3321 1260 3388 metuere,
1277 3321 1363 3391 quem

302 3408 439 3495 aprocul
452 3407 561 3471 adhuc
572 3406 694 3470 absunt
710 3405 873 3471 Romanii
885 3407 954 3471 Cur
970 3428 1037 3471 non
1050 3428 1219 3471 servamur
1234 3408 1268 3471 in
1284 3424 1363 3495 spem

301 3507 468 3571 «melioris
487 3506 645 3587 fortunus,
666 3529 838 3595 nunqunm
859 3505 1014 3571 defuturo
1028 3530 1174 3589 veneno,
1192 3509 1221 3573 si
1242 3506 1363 3595 sequius

303 3608 452 3673 «consuli
470 3629 640 3671 necessum
658 3606 724 3671 sit?
743 3629 803 3671 cur
823 3630 891 3673 non
909 3608 944 3673 in
958 3610 1142 3696 Bosporum
1160 3624 1219 3673 aut
1237 3606 1365 3673 Colchos

301 3744 314 3769 ι
324 3709 502 3790 mittimur,
517 3730 584 3795 quo
598 3708 712 3795 populi
728 3709 854 3773 romani
870 3732 938 3773 non
956 3709 1055 3775 modo
1070 3732 1177 3793 arma,
1195 3709 1255 3775 sed
1276 3709 1362 3773 etiarn

338 3931 493 3997 §mm
514 3928 593 3979 Such.
616 3928 659 3977 lib.
681 3931 746 3988 111,
772 3946 828 3997 pag.
847 3932 906 3993 557.
931 3960 966 3969 -
988 3934 1116 3983 Memnon.
1140 3960 1172 3969 -
1197 3932 1314 3999 stephan.
1335 3952 1363 3964 -

301 4017 424 4068 Plutarch.
448 4017 474 4065 iu
500 4014 618 4075 Lucullo,
644 4030 698 4079 cap.
719 4014 761 4063 33.
794 4044 825 4052 -
847 4016 901 4066 liv.
922 4016 988 4080 Epir.
1014 4044 1049 4053 -
1073 4017 1180 4083 Appian.
1204 4012 1317 4065 Mithrid.
1334 4034 1363 4047 -·

298 4098 313 4163 S
328 4103 381 4150 nt.
397 4098 520 4149 Plutarch.
