2875 4900
240 295 296 396 in
323 327 440 396 noc.
464 325 558 393 nm
583 325 752 392 nxxrx
779 324 993 394 ιιιιιιι.
1105 330 1151 422 47

87 450 222 538 ·plerns
246 448 435 534 aequitatem
453 467 463 508 ε
481 442 593 506 multis
615 456 648 505 et
668 464 817 524 mecum,
840 457 873 506 et
894 457 970 508 ante
990 464 1043 507 me
1067 443 1154 509 idem

86 548 266 628 ·judicium
287 545 502 633 studiumque
523 544 598 609 fuit.
619 542 684 608 Sed
705 544 765 608 ista
784 558 986 630 repetentem
1009 547 1154 610 animum

86 649 245 716 -aoerbus
259 647 356 712 dolor
368 662 525 734 oocupat5
538 666 600 709 nec
617 645 705 708 enim
722 645 758 708 C.
768 643 880 726 Marii,
897 643 935 709 P.
944 645 1078 734 Sulpicii
1097 648 1157 710 mi-

87 748 281 813 ·serabilem
297 769 410 811 casum
428 767 546 833 queam
561 745 632 808 sine
647 743 796 832 lacrymis
811 766 849 808 ac
864 745 957 809 luctu
975 745 1155 812 recordari:

86 874 253 939 oquorum
279 850 335 914 bic
359 873 380 913 a
405 847 534 912 nefariis
563 845 744 910 latronibus
766 844 941 910 crudeliter
965 847 1157 914 interiectus

87 970 177 1034 -est3
201 952 298 1016 illum
315 967 392 1039 post
411 965 463 1014 tot
485 949 691 1027 consulatus,
708 969 838 1012 summa
854 947 956 1035 gloria
974 965 1102 1039 gestos,
1121 951 1156 1014 in

86 1054 195 1141 «gravi
206 1070 242 1118 et
254 1051 397 1116 sollicito
410 1049 524 1114 exsilio
537 1047 697 1112 sterilium
712 1047 891 1112 insularum
905 1049 1011 1133 tristes
1027 1051 1158 1117 latebrae

86 1167 237 1241 «tegunt.

129 1251 237 1315 XVII.
253 1281 266 1304 ι
278 1250 320 1313 Ει
335 1249 410 1336 quis
426 1264 539 1336 postea
553 1264 767 1336 patronorum
782 1264 965 1314 vestrorum
982 1252 1156 1318 Incolumi-

87 1370 210 1418 ·tatem
229 1366 356 1440 speret,
373 1350 433 1414 ubi
445 1349 482 1416 P.
492 1350 673 1439 Sulpicium
688 1371 817 1415 summa
833 1350 999 1434 nobilitas,
1015 1369 1048 1418 et
1065 1354 1157 1443 inge·

86 1456 225 1534 ·nium,
241 1469 276 1517 et
294 1451 465 1515 tribunitia
484 1466 643 1538 potestas,
655 1451 700 1518 C.
711 1451 851 1516 Marium
872 1451 1075 1540 multiplicati
1096 1454 1158 1518 bo-

87 1579 224 1635 ·nores,
240 1553 446 1643 amplissImae
461 1575 511 1616 res
524 1568 638 1640 gestae,
653 1550 872 1640 triumphatus
883 1553 1059 1642 Iugurtha,
1071 1556 1157 1620 Urbs
1251 1625 1253 1632 ¹

87 1675 143 1721 «et
157 1656 251 1721 ltalia
271 1653 361 1718 haud
377 1653 477 1721 dubie
492 1669 680 1717 conservata
696 1674 765 1716 non
784 1650 1022 1719 defenderunt?
1032 1657 1093 1720 Est
1109 1672 1158 1720 ta-

86 1781 185 1822 ·men
202 1755 426 1846 quorumdam
445 1755 560 1818 animis
583 1755 652 1818 baec
673 1754 785 1818 innata
801 1756 1014 1843 generositas,
1036 1773 1074 1821 ut
1086 1755 1159 1822 offi-

87 1861 200 1924 ·eium
212 1872 416 1947 anteponant
427 1856 608 1937 securitati3
622 1871 655 1920 et
664 1856 772 1920 vivere
785 1879 861 1920 cum
874 1855 1047 1942 dedecore,
1059 1881 1157 1947 quam

88 1960 220 2047 «perire
232 1981 294 2046 per
303 1958 476 2037 virtutem,
494 1956 640 2020 acerbius
653 1969 782 2044 putent.
797 1958 846 2022 An
861 1956 946 2022 inter
960 1958 1021 2024 hos
1036 1983 1096 2050 ego
1110 1962 1159 2026 lo-

88 2083 188 2123 ·cum
208 2081 246 2123 ac
263 2079 385 2122 nomen
404 2080 546 2138 merear,
568 2057 592 2121 ii
612 2057 770 2139 viderint,
788 2081 931 2146 quorum
947 2081 1076 2126 causam
1092 2078 1158 2126 tarn

87 2162 248 2226 dnrisam
262 2159 355 2224 domi
362 2181 660 2247 ,summorumque
671 2159 845 2224 bominum
858 2178 965 2224 morte
978 2177 1034 2226 aut
1047 2163 1158 2228 exsilio

89 2263 310 2343 ·terr·ibilem,
326 2283 534 2348 nequaqnam
548 2260 662 2324 timide
673 2275 731 2323 aut
742 2276 933 2326 cunctanter
939 2265 1159 2378 suscepimus.

130 2364 258 2426 XVIII.
277 2361 366 2425 Sed
380 2384 487 2449 neque
500 2361 597 2425 armis
611 2359 868 2449 adversariorum
882 2363 991 2451 petiti,
1010 2364 1074 2428 nisi
1089 2381 1162 2430 ten·

89 2481 174 2529 -uta
191 2464 312 2527 ultima
327 2484 402 2551 spe,
420 2463 612 2550 reliquimus
622 2443 766 2546 Urbem,
758 2479 817 2529 ·et
832 2480 943 2554 postea
958 2466 1095 2531 minime
1110 2468 1163 2533 de-
1194 2521 1196 2530 .

90 2564 307 2655 -spondimus
327 2564 493 2643 animum,
511 2562 546 2626 in
567 2563 700 2652 negotio
717 2511 818 2628 seinel
836 2564 974 2679 probato
989 2582 1162 2654 suscepto·

89 2691 195 2755 «que,
206 2667 260 2730 vel
272 2664 313 2729 ad
326 2680 509 2729 extremum
521 2664 672 2752 spIritum
684 2666 928 2752 perseveraturi.
944 2667 986 2731 Et
1000 2666 1162 2731 dederunt

90 2768 176 2850 «dii,
194 2784 236 2831 ut
250 2766 422 2857 praemium
440 2766 518 2830 huic
533 2781 617 2829 esset
632 2766 843 2848 constantiae,
861 2782 1069 2856 emptumque
1083 2789 1164 2854 pro-

92 2870 231 2934 ·batum
257 2868 470 2949 numinibus,
491 2866 635 2931 mcunda
656 2866 764 2931 statim
789 2867 921 2931 fortuna
947 2882 1159 2955 sequeretur:

92 2995 191 3036 ·nam
206 2970 266 3059 qui
279 2968 367 3057 apud
379 2966 522 3057 Gapuam
538 2984 606 3034 erat
621 2968 818 3033 fortissimus
835 2968 1009 3043 exercitus,
1025 2966 1165 3031 tribunis

93 3071 343 3161 ·praelectisque
363 3086 397 3133 et
418 3070 543 3159 optimo
562 3055 696 3157 qnoque
714 3068 968 3157 manipularium
985 3066 1027 3132 ad
1042 3067 1166 3133 bonam

93 3194 249 3237 «mnsam
263 3172 353 3235 ultro
366 3169 613 3251 accedentibus,
632 3184 834 3235 sacramento
851 3169 932 3234 milri
951 3186 1083 3258 rogatus
1097 3186 1163 3253 est3

93 3292 149 3339 -et
160 3271 371 3351 Praenestini,
384 3271 553 3354 Tiburtes,
574 3272 679 3335 caeteri
697 3271 844 3359 plerique
859 3269 991 3358 populi,
1006 3270 1064 3357 qui
1080 3270 1165 3335 inter

94 3379 264 3463 -Capuam
286 3389 320 3436 et
333 3373 456 3436 Urbem
478 3373 638 3453 interjecti
658 3386 753 3453 sunt,
771 3371 881 3435 omnia
902 3370 1053 3459 polliciti,
1076 3370 1165 3435 haud

95 3472 356 3564 ·aspernandam
373 3473 519 3561 pecuniae
533 3494 695 3537 summam
712 3471 932 3537 contulerunt.

136 3576 232 3639 XIX.
248 3573 353 3637 Aliis
376 3573 472 3637 etiam
493 3574 612 3662 passim
636 3572 867 3637 inclinantibus
891 3571 933 3635 ad
955 3595 1165 3639 communem

96 3710 109 3731 ι
118 3698 269 3755 causam,
283 3696 336 3738 eas
351 3673 541 3789 propediem
555 3674 663 3764 copias
677 3672 824 3754 habebo,
842 3670 994 3737 adversus
1009 3694 1089 3758 quas
1105 3672 1166 3735 ini-

96 3777 193 3840 ·mici
216 3791 386 3863 nequeant
408 3776 606 3839 consistere.
624 3796 701 3838 nam
722 3790 761 3837 ut
782 3774 907 3889 impetu
929 3772 1047 3861 magis,
1068 3794 1166 3859 qnam

97 3877 274 3957 .oonsilio,
290 3875 369 3939 ferri
390 3873 581 3964 improbitas
601 3876 702 3957 solet,
726 3875 836 3941 omnia
852 3876 887 3938 in
903 3896 943 3937 eo
961 3894 1031 3937 esse
1048 3872 1125 3954 rati,
1141 3873 1169 3937 si

98 4000 169 4041 «res
188 3976 332 4041 urbanas
348 3996 409 4063 per
426 3976 493 4039 vim
509 3977 551 4041 ad
571 3999 631 4041 sua
652 3976 826 4051 commoda
842 3964 1094 4063 componerent,
1112 3972 1170 4037 ad·

100 4102 227 4145 uersus
240 4102 293 4163 m,
307 4094 523 4167 quaepossent
531 4078 663 4144 aliunde
677 4076 933 4159 accidere,.nibil
947 4064 1170 4165 providerunt.
