2875 4900
314 409 367 477 in
399 408 512 475 soc.
539 408 632 475 mn.
661 410 734 476 cn
763 410 973 479 mvmm.
1108 409 1176 507 437

110 542 200 609 rant,
220 541 254 591 et
274 526 315 591 ab
336 526 502 591 Pharnace
522 548 658 591 munera
681 528 822 614 reperit,
840 551 916 593 cum
940 527 1092 595 cadavere
1115 534 1180 596 Mi·

110 627 278 711 thridatis,
297 627 387 715 quod
412 629 517 693 muria
542 627 711 693 conditum
735 628 894 716 parricida
918 629 1098 694 Pharnaces
1116 633 1179 695 mi·

109 746 204 795 serat.
228 730 425 818 Pompeius,
449 744 580 795 mortuo
602 730 746 817 Sinopen
769 729 958 812 amandato,
977 746 1015 793 ut
1030 731 1179 818 sepulcro

109 832 272 911 majorum
289 831 484 912 inferretur,
510 846 645 919 sumptu
670 831 805 918 insuper
825 830 867 895 ad
891 832 971 920 regii
996 830 1179 918 splendoris

108 933 277 1021 exsequias
292 933 466 999 liberaliter
481 934 634 1021 praebito,
653 952 793 1014 vestem,
811 956 875 1035 quq
886 934 935 997 uti
949 949 1178 1013 consueverat,

107 1058 342 1123 armorumque
364 1036 558 1125 elegantiam
570 1052 605 1099 et
618 1035 749 1123 pondus
766 1055 815 1100 est
828 1035 1015 1102 admiratus.
1034 1040 1076 1101 At
1092 1038 1179 1126 vagi·

109 1160 184 1201 nam
201 1136 318 1226 gladii,
338 1160 437 1225 quam
455 1138 547 1201 aiunt
565 1137 693 1201 talentis
713 1136 896 1201 constitisse
915 1136 1178 1226 quadringentis,

109 1240 248 1303 Publius
265 1237 397 1326 quidam
420 1239 618 1320 suffuratus,
641 1238 724 1303 clam
743 1236 950 1316 vendideram
966 1238 1111 1325 itemque
1134 1240 1179 1301 ci·

107 1338 201 1403 darin
225 1340 300 1403 miri
324 1339 450 1427 operis,
473 1340 568 1404 Caius
592 1338 790 1403 Mithridatis
815 1338 1033 1403 collectaneus
1057 1340 1177 1403 Fausto

106 1442 205 1505 Sullae
223 1464 231 1504 ε
249 1440 284 1503 ἱιι
309 1463 392 1527 quos
414 1440 532 1507 deinde
555 1440 758 1520 Pharnaces,
779 1460 814 1501 re
836 1454 1017 1526 comperta,
1034 1439 1178 1503 animad-

106 1542 217 1607 vertit.

153 1642 271 1707 LXXI.
301 1641 393 1706 Idem
418 1641 547 1708 obsides
570 1664 703 1730 qnoque
725 1640 846 1705 multos
869 1642 962 1730 graeci
985 1642 1178 1731 barbarique

106 1742 238 1831 generis
251 1742 340 1805 misit
352 1741 393 1806 ad
409 1742 619 1830 Pompeium
636 1741 784 1806 adductis
796 1742 910 1823 etiam,
925 1744 983 1830 qui
995 1744 1049 1808 Μ’.
1063 1746 1178 1832 Aquil-

106 1844 190 1907 lium
212 1843 547 1932 comprehenderant,
566 1866 681 1926 orans,
699 1858 736 1908 ut
751 1844 813 1908 sibi
828 1857 889 1907 aut
900 1857 1069 1931 paternum
1085 1846 1181 1910 Ponti

105 1968 263 2032 regnum,
280 1960 339 2011 aut
358 1944 470 2011 saltem
491 1947 707 2036 Bosporanum
716 1994 728 2027 ,
749 1942 993 2035 quibusfioibus
1010 1946 1178 2011 Machares

104 2049 273 2126 tenuisset,
290 2048 529 2112 concederetur:
545 2064 578 2115 et
594 2048 787 2136 Pompeius,
804 2048 889 2113 illius
904 2072 981 2112 sane
997 2071 1093 2137 opera
1111 2051 1176 2112 lta·

105 2149 185 2211 liam
210 2150 351 2213 maximo
370 2165 462 2213 metu
478 2149 644 2214 liberatam
660 2164 832 2238 reputans,
848 2149 973 2214 socium
990 2165 1023 2212 et
1036 2148 1175 2213 amicum

104 2249 304 2337 appellatum
318 2272 452 2340 regnare
464 2250 497 2313 in
512 2253 657 2339 Bosporo
668 2250 779 2331 jussit;
793 2252 935 2339 exceptis
948 2252 982 2313 in
996 2250 1175 2315 libertatem

104 2351 432 2441 Phanagorensihus,
448 2352 507 2439 qui
522 2350 704 2416 delectione
720 2374 778 2415 sua
789 2352 886 2439 primi
899 2353 1105 2440 perculerant
1117 2353 1176 2417 Mi-

105 2451 300 2535 thridatem,
317 2475 510 2542 causamque
522 2454 728 2543 prebuerant
741 2454 911 2542 pericrdis,
928 2454 1048 2542 quihus
1063 2454 1104 2519 ad
1121 2477 1175 2518 ex-

105 2571 249 2619 tremum
266 2571 316 2620 est
332 2557 481 2620 obrutus.
499 2556 549 2619 Ah
565 2555 680 2619 eodem
700 2555 817 2620 merito
836 2557 950 2620 Castor
967 2556 1074 2620 socius
1093 2556 1174 2620 ami·

104 2678 232 2743 cusque
248 2656 363 2744 populi
385 2657 510 2720 romani
532 2657 710 2744 appellatus
732 2670 800 2737 est,
820 2672 872 2738 et,
896 2674 1025 2745 accepta
1044 2659 1174 2722 Galatiae

104 2773 219 2844 parte,
234 2755 332 2820 filiam
349 2757 491 2837 Deiotari
507 2758 591 2846 regis
606 2756 717 2821 duxit:
736 2755 825 2821 unde
846 2758 972 2822 subitus
993 2761 1022 2823 ei
1039 2758 1174 2839 domui,

104 2880 170 2922 nec
189 2855 364 2922 diuturnus
380 2857 543 2945 splendor.

151 2959 284 3024 LXXll.
309 2961 479 3024 Venerunt
504 2958 623 3023 deinde
641 2958 784 3046 preelecti
806 2960 1027 3040 castellorum,
1044 2961 1101 3047 qui
1117 2959 1173 3024 de-

103 3061 268 3126 ditionem
282 3061 317 3124 in
331 3060 508 3126 adventum
520 3059 666 3147 Pompeii
681 3060 889 3141 distulerant,
903 3083 944 3123 ne
957 3063 1040 3125 forte
1051 3063 1176 3125 thosan·

104 3185 161 3228 ros
184 3162 380 3251 diriperent,
396 3183 538 3250 quorum
561 3162 596 3224 in
614 3184 729 3224 manus
743 3159 850 3223 traditi
869 3159 996 3244 forent,
1008 3177 1042 3226 et
1058 3161 1176 3226 deinde

103 3265 190 3329 ratio
201 3287 220 3326 a
232 3287 267 3327 se
280 3279 514 3352 reposceretur.
530 3261 739 3326 Incredibiles
752 3261 807 3325 hic
817 3278 952 3348 repertae
962 3285 1058 3350 opes,
1073 3286 1175 3351 quan·
1253 3285 1258 3297 *

104 3387 206 3454 quarn
223 3363 381 3430 diuturno
398 3380 431 3427 et
447 3363 567 3426 infelici
582 3362 668 3427 hello
685 3363 855 3426 maximam
872 3363 937 3426 vim
953 3367 1099 3452 pecuniae
1110 3367 1175 3431 Mi·

103 3465 266 3531 thridates
282 3465 515 3554 absumpserat.
531 3465 666 3528 Talaura
684 3464 845 3553 praecipue
861 3465 978 3530 referta
997 3469 1104 3532 omnis
1123 3492 1176 3558 ge-

104 3567 194 3630 neris
205 3566 388 3656 opulentia,
400 3580 612 3653 quaestorem,
625 3565 704 3629 dum
714 3565 846 3629 inventa
854 3585 1039 3654 percenset,
1053 3569 1095 3635 ad
1106 3570 1181 3636 dies.

105 3667 241 3756 triginta
257 3667 470 3730 attinuerunt.
488 3667 564 3730 Duo
581 3666 657 3731 inde
672 3667 770 3731 millia
786 3668 978 3754 poculorum
994 3693 1033 3735 ex
1046 3675 1175 3761 onyche

104 3767 247 3832 Romani
261 3769 481 3848 sustulerunt,
498 3790 573 3832 cum
588 3768 698 3832 multis
712 3768 844 3855 phialis,
855 3769 941 3832 sellis
953 3770 1058 3851 lectis,
1071 3794 1173 3859 equo·

24 3919 25 3924 η
103 3893 182 3934 rum
195 3870 292 3934 etiarn
304 3870 443 3957 phaleris
455 3870 559 3935 aureis
571 3872 814 3959 gemmatisque.
832 3872 909 3935 Haec
922 3871 1038 3959 partim
1049 3896 1066 3935 a
1076 3875 1177 3938 Dario

142 4087 252 4152 §LXX
266 4087 329 4136 Plut.
343 4088 369 4134 in
381 4089 469 4150 Pomp.
487 4111 520 4122 -
537 4085 643 4149 Appias.
660 4082 774 4132 lllithrid.
787 4108 822 4120 -
836 4083 893 4130 Dio.
915 4111 947 4120 -
960 4082 976 4147 s
989 4085 1079 4134 tm.
1093 4087 1174 4143 stab,

104 4171 151 4223 lib.
162 4173 227 4230 111,
246 4187 271 4236 p.
288 4170 345 4218 568.
365 4199 397 4208 -
414 4169 467 4218 cic.
483 4185 529 4234 pro
544 4169 626 4230 Dejot.
639 4183 692 4232 cap.
707 4182 746 4215 tt.
757 4193 791 4204 -
804 4165 861 4214 nio.
