2875 4900
267 399 339 496 476
436 402 505 501 JQ.
532 400 877 469 FREINSHEMII
908 398 1155 468 SUPPLEM.

266 534 460 608 propterea,
483 518 576 607 quod
600 536 669 583 erat
692 522 867 609 patricius,
890 518 1107 608 impediretur
1130 532 1261 606 petere,
1285 540 1337 606 per

268 623 304 685 (l.
322 621 528 685 Herennium
543 622 715 710 tribunum
729 623 832 710 plebis
846 623 951 711 legem
964 619 1235 711 promulgandam
1251 640 1337 682 cura·

268 740 377 805 verat,
395 740 433 787 ut
446 727 605 789 ursiversus
613 723 752 814 populus
768 727 801 787 in
812 747 923 811 eampo
940 724 1061 788 Martio
1074 716 1337 811 szfffragt‘wnfir·

192 830 197 843 “
269 840 333 905 ret,
348 849 412 913 quo
424 827 463 891 P.
481 826 626 907 Clodius,
643 827 767 913 «aurato
774 828 952 915 patriciatu
959 874 969 905 ,
978 824 1119 913 plebeius
1131 836 1215 886 esset.

312 928 415 992 LXII.
439 929 511 992 Hoc
533 926 696 1016 perfecto,
708 927 775 1007 jam
799 948 858 1015 pro
878 926 1007 1014 plebeio
1029 948 1063 989 se
1085 946 1223 1014 gerens,
1243 945 1338 1011 quum

270 1048 386 1090 omnes
408 1049 538 1115 semper
560 1025 688 1091 Claudii
714 1028 856 1115 patriciae
880 1027 984 1117 gentis
1000 1027 1146 1091 acerrimi
1161 1047 1339 1113 propugno·

269 1144 356 1191 tores
376 1144 617 1218 assertoresque
635 1129 718 1209 juris
741 1128 948 1218 optimatium
970 1128 1124 1209 fuissent,
1142 1128 1339 1191 tribunatum

269 1230 368 1317 coepit
384 1245 512 1317 petere3
531 1230 589 1294 sed
609 1231 652 1313 Q.
672 1231 825 1296 Metellus
840 1230 973 1305 consul,
987 1231 1038 1293 rir
1060 1230 1228 1319 egregius,
1245 1244 1278 1293 et
1293 1252 1339 1318 pa·

270 1331 338 1395 trie
354 1352 484 1413 amans,
505 1330 723 1421 impediebat,
743 1348 831 1397 tanta
853 1331 1064 1395 contentione
1084 1330 1205 1413 animi,
1223 1345 1262 1399 ut
1277 1352 1338 1393 eum

268 1455 328 1502 sua
350 1456 382 1497 se
405 1456 505 1497 manu
525 1432 765 1521 zitterfecturum
785 1432 924 1514 diceret,
946 1453 1135 1521 quanquam
1158 1431 1259 1494 frater
1279 1430 1338 1510 ejus

268 1536 423 1622 patruelis
435 1551 514 1601 erat.
526 1534 591 1599 Sed
607 1536 786 1599 maximum
798 1534 827 1598 ei
840 1550 954 1597 contra
969 1532 1127 1598 Hercnoii
1143 1532 1338 1621 rogationem

269 1652 501 1724 argumentum
517 1653 602 1717 erat,
619 1636 710 1725 quod
726 1636 879 1725 negabat,
894 1638 956 1699 nisi
968 1634 1100 1700 Curiata
1117 1633 1200 1723 lege,
1217 1648 1294 1699 recte
1305 1633 1338 1695 de

230 1779 233 1789 ι
269 1737 329 1800 illa
344 1738 538 1827 causoferri
544 1742 695 1827 potuisse.

313 1838 429 1903 LXIII.
444 1840 549 1929 Igitur
560 1840 702 1904 tribunis
721 1839 789 1903 aliis
807 1836 1105 1919 intercedentibus,
1122 1854 1197 1903 tum
1213 1836 1336 1926 quidem

269 1938 359 2003 irrita
378 1940 414 2004 P.
429 1941 535 2005 Clodii
549 1942 666 2007 astutia
685 1941 759 2005 fuit.
773 1942 840 2005 Lex
851 1940 987 2016 deinde,
1001 1956 1138 2005 auctore
1155 1941 1198 2023 Q.
1215 1939 1337 2004 Metello

268 2039 414 2130 Nepote,
433 2044 491 2131 qui
509 2059 683 2131 praeturam
702 2042 853 2131 gerebat,
869 2041 909 2105 de
921 2042 1115 2129 adrogandis
1135 2042 1228 2107 Urbis
1240 2040 1337 2105 etlto·

269 2141 325 2205 liae
332 2147 484 2231 portoriis
498 2144 620 2233 perlata
631 2160 691 2209 est.
705 2145 819 2228 Quum
831 2160 920 2234 grata
930 2145 982 2209 lex
994 2162 1079 2209 esset
1090 2145 1264 2227 omnibus,
1278 2164 1336 2207 noo

269 2259 336 2327 tam
360 2245 404 2308 ob
429 2248 632 2334 portorium,
653 2269 754 2337 quam
774 2246 948 2310 nonnullas
969 2246 1104 2328 injurias
1127 2247 1335 2335 portitorum,

269 2363 380 2411 tamen
396 2364 511 2413 auctor
524 2348 727 2439 displiceret3
745 2372 785 2413 eo
799 2365 930 2413 senatus
941 2348 1134 2431 inclinabat,
1146 2364 1186 2412 ut
1200 2345 1337 2433 exemplo

270 2450 590 2516 Lacedaemoniorum
602 2501 612 2535 ,
624 2453 681 2540 qui
692 2450 901 2516 commodam
912 2451 1122 2532 sententiam,
1139 2451 1181 2514 ab
1196 2446 1336 2538 improbo

269 2551 339 2615 viro
359 2550 500 2635 dictam,
517 2557 618 2642 repeti
634 2577 653 2618 a
668 2554 826 2642 probato,
845 2568 942 2640 atque
964 2553 1044 2618 huic
1066 2551 1209 2618 adscribi
1220 2587 1230 2635 5
1241 2551 1335 2633 jusse-

269 2667 365 2734 runt,
384 2653 515 2718 alterius
527 2679 625 2743 qstam
636 2655 773 2744 Nepotis
783 2677 905 2718 nomen
919 2655 983 2744 legi
996 2655 1269 2744 praescriberetur.
1281 2648 1335 2716 Sed

268 2753 303 2819 id
320 2754 455 2843 quidem
471 2758 652 2839 omissum;
668 2756 819 2821 voluntas
836 2773 944 2820 tamen
960 2772 1102 2844 spectata
1115 2774 1250 2821 senatus
1263 2769 1315 2818 est.

314 2856 427 2921 LXIV.
446 2857 571 2922 Eodem
588 2881 675 2922 anno
692 2860 850 2939 Faustus,
865 2857 961 2925 Sullae
973 2855 1138 2922 dictatoris
1150 2857 1255 2939 lilius,
1271 2875 1334 2918 mu·

270 2978 347 3022 nere
368 2958 578 3049 gladiatorio,
600 2957 691 3049 quod
710 2960 744 3023 in
765 2960 864 3048 patris
886 2959 1050 3022 honorem
1070 2958 1207 3041 edebat,
1224 2953 1334 3046 populo

268 3060 624 3150 magnificentissimum
641 3062 797 3149 epulum,
817 3061 1038 3148 balneumque
1063 3076 1096 3124 et
1116 3059 1229 3124 oleum
1246 3053 1333 3122 dedit.

268 3163 472 3248 Apollinares
491 3186 627 3252 quoque
650 3161 720 3227 ludi
743 3161 913 3252 magnifice
936 3161 1032 3241 facti3
1058 3161 1252 3249 primusque
1273 3173 1332 3219 tum

213 3269 217 3279 “
271 3263 307 3326 Ρ.
326 3263 482 3351 Spinther
495 3266 661 3331 theatralia
674 3264 745 3328 vela
759 3287 799 3328 ex
809 3263 943 3328 carbaso
957 3261 1064 3327 duxit:
1079 3261 1226 3327 ostendit
1237 3275 1334 3324 etam·

269 3363 389 3450 phoras
408 3390 447 3430 ex
463 3368 612 3456 onyche,
637 3367 798 3431 Chiorum
819 3365 1045 3454 magnitudine
1062 3363 1238 3445 cadorum3
1255 3353 1334 3448 quod

270 3487 395 3553 magnae
420 3483 490 3531 tum
520 3469 746 3550 admirationi,
765 3491 826 3531 nec
848 3466 1013 3531 diuturnae
1031 3467 1112 3548 luit,
1135 3488 1241 3553 quum
1259 3463 1333 3526 intra

270 3565 424 3652 quintum
441 3566 560 3632 deinde
575 3592 719 3651 annum,
739 3571 900 3634 columnae
916 3569 1048 3658 triginta
1063 3567 1207 3632 duorum
1224 3561 1332 3656 pedum

242 3670 245 3677 “
268 3666 493 3755 magnitudine
506 3691 545 3732 ex
561 3669 678 3733 eodem
694 3669 801 3758 lapide
817 3684 1087 3734 monstrarentur.

314 3769 412 3835 LXV.
436 3773 524 3835 Dum
549 3770 619 3834 haec
640 3771 674 3834 in
699 3772 789 3836 Urbe
814 3771 1030 3860 gerebantur,
1052 3773 1158 3834 Caesar
1174 3769 1331 3834 Lusitanos

304 3997 321 4058 S
337 4001 417 4048 ml.
431 4000 483 4048 Cic.
494 3999 527 4047 ad
539 4001 571 4061 Q.
585 3999 653 4047 fram.
668 4001 694 4059 1,
709 4015 733 4061 ι,
749 4011 790 4058 11,
804 4011 829 4048 et
842 4001 962 4050 inVatin.
975 4016 1030 4066 cap.
1043 4000 1083 4048 13.
1101 4025 1139 4037 -
1151 4001 1209 4048 Dio.
1228 4023 1261 4036 -
1275 3991 1329 4041 Plot.

268 4084 344 4131 Prae.
358 4085 431 4132 Polit.
444 4112 479 4122 —
493 4083 555 4132 Plio.
564 4085 644 4142 m,
657 4099 681 4132 t.
699 4111 735 4122 -
747 4083 763 4149 3
777 4083 1019 4133 cammenata
1032 4084 1094 4133 Cas.
1107 4099 1162 4148 cap.
1178 4083 1217 4130 all.
1231 4103 1264 4118 ·-
1274 4073 1329 4123 Plfll·

268 4191 305 4200 —
314 4167 422 4231 Appian.
436 4170 492 4217 civ.
504 4168 549 4216 lib.
562 4169 595 4216 11.
