2875 4900
306 337 504 427 IIILOC.
530 340 625 407 le.
653 338 747 409 CIII
777 343 992 413 LIVIANI.
1119 339 1188 413 505

115 478 197 537 nes,
210 454 403 538 obsidibus,
416 458 533 538 armis,
551 458 697 547 perfugis
713 458 859 541 traditis,
874 460 910 525 iu
927 458 1126 527 deditionem
1141 484 1190 527 ac·

114 572 207 643 taprt.

161 658 326 723 CXXXV.
343 658 528 741 Helvetios,
541 660 719 751 Tulingot,
736 661 931 751 Lacobrigos
945 661 986 727 ad
999 685 1057 727 sua
1070 666 1188 729 reverti

109 759 228 839 jussit,
239 760 455 847 pristinasque
471 759 565 827 sedes
576 762 757 827 instaurare
771 786 780 827 t
797 762 1025 853 Allobrogibus
1036 764 1187 853 imperat,

112 876 156 924 ιιι
169 861 328 925 frumenti
342 862 469 949 sopiam
486 861 538 927 his
554 862 674 928 faciam
680 862 799 951 ,quod
812 863 894 927 nihil
910 863 1068 929 haberent
1080 860 1187 941 domi,

112 983 185 1049 quo
208 962 328 1027 famem
350 964 536 1029 tolerarent.
559 964 701 1033 Nolebat
719 965 808 1031 enim
829 965 1051 1029 Helvetiorum
1067 986 1187 1031 vacuos

111 1061 197 1127 fines
212 1085 237 1127 a
251 1062 421 1129 Germanis
436 1066 609 1154 ooeupari,
627 1086 712 1154 quos
730 1082 843 1155 graves
856 1066 1029 1180 provinpiis
1043 1066 1186 1131 romanis

110 1162 247 1229 futuros
255 1166 380 1231 accolas
390 1166 567 1237 metuebat.
580 1166 677 1231 boios
687 1166 803 1253 ,quod
815 1166 943 1255 egregia
953 1166 1072 1231 riuute
1084 1154 1186 1247 erant,

110 1266 303 1352 petentibus
322 1266 440 1332 AEduis
461 1266 570 1349 dedit,
593 1290 678 1355 quos
701 1266 736 1331 in
760 1264 882 1333 linibus
909 1267 976 1331 suis
999 1266 1186 1355 praesidium

111 1382 230 1431 eontra
243 1368 425 1434 Germanos
440 1314 663 1435 eollooaient·
655 1416 663 1434 .
683 1390 806 1455 eosque
820 1381 932 1457 postea
948 1366 1074 1433 AEdui
1065 1390 1099 1431 ιιι
1115 1391 1187 1455 par·

109 1482 182 1531 tem
200 1470 284 1549 juris
304 1485 405 1557 atque
421 1469 577 1535 libertatis
598 1468 843 1551 eonditioneut,
868 1489 934 1557 qua
956 1470 1018 1557 ipsi
1036 1486 1186 1559 agerent,

109 1587 321 1685 reoeperunts
347 1573 387 1635 In
411 1572 524 1636 eastris
547 1570 772 1637 Helvetiorum
801 1570 926 1639 tabulas
950 1587 1092 1661 repertas
1116 1594 1186 1637 esse

109 1670 226 1759 gratiis
247 1671 349 1737 literis
369 1670 533 1740 confectas
556 1670 836 1756 emendatis,
862 1670 1185 1739 harundemrerum

109 1786 228 1833 auctor
240 1770 327 1835 idem
335 1772 563 1860 ,scriptorque
575 1721 858 1861 inoomparabilii,
873 1773 995 1873 quibus
1008 1775 1091 1840 ratio
1107 1796 1187 1839 con·

109 1870 274 1937 sineretur
293 1895 453 1961 generum
470 1874 683 1964 capitumque
702 1874 927 1941 Helvetiorum
948 1890 980 1939 et
1000 1874 1184 1957 sociorum,

108 1994 186 2059 quoe
201 1972 304 2038 domo
316 1975 467 2040 exissent.
483 1976 618 2041 Summa
633 1992 702 2041 erat
714 1975 937 2044 Helvetiorum
952 1974 1050 2039 millio
1061 1974 1184 2039 ducen-

108 2088 145 2137 ta
159 2076 324 2165 sexaginta
343 2076 422 2141 tria·
412 2077 659 2167 ,Tulingorum
675 2077 773 2141 millia
792 2074 924 2167 triginta
945 2075 1185 2157 se13Lacobri·

109 2196 231 2263 gotum
243 2177 508 2295 quatuordeeim
524 2180 746 2245 Raumoorusn
760 2178 820 2243 tria
833 2194 866 2243 et
879 2178 1014 2268 viginti,
1025 2176 1182 2243 boiorum

108 2276 181 2342 duo
195 2293 231 2341 et
244 2280 391 2369 regium
408 2280 527 2345 borum
535 2281 620 2368 ,qui
637 2304 727 2345 arma
744 2283 829 2347 ferre
850 2296 1043 2379 possent,
1023 2278 1066 2343 ad
1084 2278 1183 2343 millia

108 2376 180 2443 dno
195 2395 231 2442 et
245 2382 448 2471 nonaginta.
465 2404 507 2449 ex
521 2404 614 2451 omns
603 2383 690 2448 hoc
707 2404 847 2450 numero
860 2398 988 2450 ιιιιιιιιιι
1002 2397 1136 2448 eentum
1149 2396 1183 2448 et

109 2481 225 2546 ‹leoem
240 2483 340 2548 millia
354 2483 493 2550 domum
511 2484 689 2553 redieruut.

153 2585 336 2650 CXXXVI.
354 2589 427 2651 Iloe
449 2587 592 2675 prituum
612 2587 776 2652 ematis
768 2610 803 2652 tn
826 2587 927 2652 Gabia
949 2585 1070 2650 bellurn
1095 2585 1180 2666 tuin

108 2685 199 2749 unde
216 2709 295 2752 mor
306 2688 368 2752 alia
385 2688 512 2775 aliaque
533 2705 691 2776 sequuta,
713 2688 834 2776 quibus
850 2688 903 2752 ille
918 2709 978 2776 per
997 2707 1100 2750 annos
1117 2667 1179 2748 nb·

107 2807 202 2868 tem,
228 2801 330 2853 totam
351 2787 393 2852 ad
414 2788 568 2855 Rhenum
591 2789 825 2877 Oceanumque
850 2787 1056 2876 perdomuit,
1082 2786 1179 2852 etiam

107 2833 231 2953 semel
221 2903 407 2978 iterumque
419 2889 553 2970 trajecto
563 2891 681 2956 Rheno
692 2890 921 2957 Germaniam
912 2910 1087 2979 ingressus.
1102 2889 1179 2951 Haec

107 2989 219 3052 omnia
233 3011 301 3077 quo
317 2988 440 3056 facilius
454 2992 635 3082 mehttsque
653 3008 850 3074 noscantur,
864 2992 1037 3080 regionum
1051 2989 1177 3054 illarum

106 3089 207 3172 situs,
227 3106 260 3154 et
277 3091 398 3179 quibus
420 3093 482 3158 sub
503 3115 541 3158 ea
561 3110 711 3181 tempora
730 3090 882 3182 gentibus
900 3089 1086 3156 inhabitatae
1106 3089 1179 3152 sue·

106 3191 191 3272 rint,
209 3214 317 3279 operte
336 3195 478 3281 pretium
499 3210 549 3260 est
571 3215 745 3282 exponere.
763 3193 900 3258 Galliam
917 3191 1057 3256 Romani
1072 3189 1180 3278 dupli-

105 3313 178 3356 oem
201 3292 382 3381 antiquitus
401 3295 568 3372 fecerunt,
591 3295 730 3384 Alpibus
748 3295 913 3360 discretas.
939 3295 1081 3374 Harum,
1105 3313 1179 3379 qute

106 3392 148 3458 ab
160 3395 329 3460 Romaest
342 3396 516 3478 remotior,
529 3419 568 3462 ea
580 3397 645 3463 hoo
656 3397 816 3482 vocabulo
830 3395 995 3484 hodieque
1009 3409 1178 3477 censetur;

106 3511 139 3558 ιι
150 3518 252 3583 quam
263 3496 309 3560 illi
322 3498 485 3583 Togatam
495 3515 673 3580 vooeruut,
685 3521 756 3564 eam
769 3499 932 3586 posterior
944 3514 1018 3567 setas
1030 3497 1071 3563 ab
1085 3497 1178 3561 novis

106 3593 221 3660 ineolis
237 3597 418 3662 nominarit
429 3598 704 3686 Longobardt'am,
728 3622 800 3687 qute
817 3621 906 3664 nunc
917 3599 1016 3666 Italiae
1032 3620 1105 3686 pars
1117 3613 1176 3662 est.
1259 3653 1262 3680 ,

147 3699 347 3764 CXXXVII.
366 3698 484 3765 Veram
498 3701 633 3768 Gallittm
652 3717 746 3766 vetus
763 3718 840 3768 aetas
858 3702 892 3765 in
913 3703 1095 3766 Rracoatarn
1113 3699 1177 3762 Co·

106 3816 291 3889 metamque
312 3800 433 3866 divisit.
460 3806 626 3888 braccata,
652 3827 727 3892 qute
753 3819 787 3869 et
810 3801 1053 3882 Narbonensis,
1083 3815 1176 3864 vetus

138 4015 156 4081 S
167 4017 301 4068 CXXXV.
313 4019 396 4068 Strab.
409 4019 452 4068 llb.
465 4022 509 4078 IV,
521 4037 549 4086 p.
562 4021 725 4084 ιρι-(2η
736 4019 796 4083 -S
810 4021 951 4070 CXXXVI.
964 4021 1064 4068 Sueten.
1076 4017 1101 4063 ln
1110 4017 1172 4066 Cres.

106 4114 158 4166 esp.
169 4099 212 4148 25.
223 4127 257 4138 -—
268 4103 373 4169 Eutrop.
382 4103 474 4153 Iib.V1.
