2875 4900
246 361 314 432 7⁰²
418 340 485 407 JO.
514 337 855 420 FREINSHEMII
883 335 1131 417 sUPPLEnt

242 459 283 524 ad
298 459 456 542 Basilum,
473 457 530 546 qui
543 459 651 549 copias
664 459 838 522 instructas
853 480 893 521 ex
903 457 1038 522 adverso
1048 445 1143 521 litore
1159 459 1308 524 ostende·

243 576 302 626 rat.
318 562 365 624 Ea
384 581 456 650 spes
475 557 640 624 audaciam
655 559 740 648 parti
761 559 902 624 militum
918 557 1012 640 fecit,
1031 573 1069 622 ut
1084 581 1167 623 nova
1182 561 1307 624 ratione

242 676 404 726 tentarent
414 683 472 752 per
484 683 571 724 mare
582 661 692 750 fugam
704 682 711 725 :
724 683 867 749 namque
879 659 1007 737 refluxu
1019 677 1214 749 exspectato,
1224 677 1307 726 rates

242 761 504 826 conscenderunt
518 763 563 825 ita
579 777 762 842 contextas,
783 779 822 826 ut
848 761 1019 850 geminatis
1043 785 1202 849 cuparum
1218 763 1308 828 ordi·

243 857 339 926 nibus
360 861 606 942 incumberent,
627 884 693 948 quo
712 861 798 926 inter
818 878 996 951 utrumque
1011 862 1160 928 ordinem
1178 866 1308 930 occulto

241 963 377 1052 remigio
401 963 666 1050 proveherentur.
696 963 800 1027 Series
827 986 986 1052 cuparum
1008 965 1050 1029 ad
1073 962 1307 1032 firmitudinem

243 1063 363 1128 catenis
385 1064 496 1128 ferreis
522 1062 782 1151 colligabantur:
800 1065 834 1128 in
859 1064 969 1130 medio
986 1066 1063 1131 ratis
1085 1085 1191 1133 erecta
1209 1069 1307 1132 turris

243 1181 329 1248 crat;
344 1165 450 1247 unde,
467 1164 571 1229 sicubi
584 1165 650 1228 vim
666 1165 786 1230 faceret
804 1166 923 1248 hostis,
940 1165 1073 1232 defendi
1089 1185 1210 1257 posset.

285 1266 370 1330 L111.
386 1265 433 1328 Ex
447 1263 551 1329 tribus
567 1264 728 1344 ejusmodi
743 1266 868 1332 ratibus
880 1268 984 1357 prima
998 1284 1032 1333 et
1046 1292 1200 1358 sequens,
1212 1285 1307 1335 aestrrs

242 1365 416 1447 beneficio,
440 1365 517 1429 litus
539 1381 688 1455 optatum
713 1384 892 1432 tenuerunt
913 1391 922 1432 ε
943 1368 1053 1450 tertia,
1074 1393 1148 1458 qua·
1170 1371 1308 1435 vehebat

243 1467 467 1558 Opiterginos,
490 1468 523 1532 in
549 1470 693 1534 occultos
713 1469 806 1557 quasi
827 1492 930 1534 casses
954 1469 1085 1552 incidit,
1106 1493 1190 1558 quos
1208 1472 1308 1536 Porn-

157 1610 162 1626 ι
241 1571 347 1661 peiani
358 1570 489 1650 Cilices,
507 1571 623 1634 usitata
635 1571 712 1653 sibi,
731 1594 834 1659 quum
846 1570 955 1636 adbuc
967 1571 1134 1659 piraticam
1146 1574 1308 1654 facerent,

241 1689 325 1754 arte,
339 1672 473 1736 funibus
489 1671 551 1737 sub
564 1672 644 1736 mari
658 1665 892 1738 ¹circumductis
907 1691 1107 1762 paraverant.
1122 1675 1181 1737 His
1192 1673 1308 1763 depre-

241 1774 342 1838 hensa
356 1773 450 1856 ratis,
469 1789 502 1838 et
518 1773 559 1838 ad
575 1773 747 1861 scopulos,
765 1773 855 1838 unde
871 1775 1004 1863 religata
1017 1773 1147 1838 vincula
1161 1774 1307 1854 fuerant,

241 1889 391 1957 attracta,
411 1896 514 1962 quum
533 1873 575 1938 ab
598 1873 748 1940 hostibus
770 1891 856 1938 terra
877 1876 1024 1963 marique
1045 1892 1307 1964 oppugnaretur,

242 1971 373 2038 defensa
393 1989 509 2039 tamen*
525 1991 593 2056 est,
613 1975 689 2061 quia
712 1976 977 2063 supervenientes
1000 1975 1141 2040 tenebrae
1161 1977 1309 2065 prelium

241 2076 446 2142 diremerunt.
459 2078 598 2142 Praecrat
609 2077 808 2166 Opiterginis
823 2078 990 2154 tribunus,
1006 2077 1155 2142 Vulteius
1165 2079 1309 2144 nomine.

241 2178 317 2260 Hic,
342 2202 445 2268 quum
462 2201 570 2266 neque
590 2177 720 2242 vincula
737 2201 888 2267 rumpere
906 2178 1109 2243 tentantibus
1127 2201 1179 2243 res
1195 2201 1308 2244 snooe·

241 2279 349 2361 deret,
367 2303 473 2369 neque
491 2279 579 2344 aliud
598 2279 719 2368 sperari
736 2279 895 2370 effugium
912 2294 1039 2368 posset,
1057 2278 1238 2361 «Parvum,
1255 2280 1309 2342 in·

242 2383 353 2471 «quit,
370 2379 571 2448 deliberandi
586 2382 727 2469 spatium
745 2380 850 2444 noctis
868 2380 966 2461 hujus
982 2401 1072 2442 mora
1085 2395 1230 2468 praestat,
1244 2380 1309 2444 mi·

241 2482 335 2550 «lites
354 2507 362 2548 ι
385 2506 492 2572 neque
506 2483 603 2546 etiarn
622 2482 725 2546 multa
746 2480 945 2547 deliberandi
967 2496 1025 2545 aut
1039 2502 1158 2568 anceps
1177 2480 1310 2545 materia

241 2602 322 2651 «est.
341 2584 374 2649 Si
396 2606 564 2673 possemus
583 2600 615 2647 et
633 2600 773 2647 mortem
788 2598 821 2649 et
836 2581 1049 2673 ignominiam
1065 2580 1228 2669 effugcre,
1244 2582 1309 2645 boc

240 2686 417 2750 «nimirum
434 2706 567 2773 prorsus
583 2704 652 2747 esse
665 2682 856 2747 faciundum
875 2704 973 2747 nemo
987 2681 1174 2770 ambigeret.

285 2787 367 2851 LIV.
393 2786 513 2849 «Nunc
540 2784 696 2873 quoniam
717 2785 909 2849 alterutrum
930 2783 1110 2847 necessario
1132 2782 1307 2871 legendum

239 2903 326 2969 «est,
343 2902 454 2953 utrum
477 2886 519 2950 sit
538 2885 729 2973 optabilius,
745 2885 854 2973 aliqua
868 2906 938 2949 esse
955 2883 1117 2948 dubitatio
1137 2883 1260 2949 timidis
1275 2902 1309 2949 et

238 2988 400 3077 «ignavis,
412 3002 443 3051 et
454 2988 610 3051 Caesarem
621 2984 801 3074 prodituris
812 3002 930 3076 posset.
942 2985 1047 3049 Nobis
1058 2984 1192 3073 quidem
1201 3008 1308 3075 neque

237 3089 393 3178 «ingratis
412 3109 482 3153 esse
495 3086 649 3151 adversus
668 3109 761 3168 eum,
777 3088 871 3168 cujus
885 3086 1032 3151 maximis
1047 3086 1213 3152 beneficiis
1224 3110 1308 3176 saepe

239 3194 312 3255 «usi
332 3214 462 3272 sumus,
482 3188 599 3271 libeat;
631 3210 739 3276 neque
760 3189 888 3252 virtutis
909 3204 1026 3253 nostre
1038 3189 1190 3277 ,gloriam
1218 3190 1307 3277 turpi

238 3325 250 3348 a
261 3293 496 3356 commaculare
508 3290 650 3355 infamia.
664 3289 862 3379 Quidigitur
873 3290 982 3353 afferri
992 3306 1116 3378 potest,
1129 3290 1307 3378 quominus

240 3394 426 3475 «libertate,
451 3391 557 3455 donec
585 3391 693 3474 adest,
716 3407 872 3473 utamur,
898 3406 931 3455 et
953 3390 987 3453 in
1011 3392 1306 3481 praestantissimam

238 3494 483 3559 «conditionem
505 3515 565 3557 nos
585 3492 806 3574 vindicemus,
823 3509 861 3558 ut
876 3514 984 3580 neque
1003 3491 1192 3557 adversariis
1209 3493 1307 3583 quid·

238 3627 251 3653 a
261 3617 360 3684 quarn
380 3595 415 3658 in
436 3616 496 3657 nos
514 3593 624 3675 liceat,
648 3608 681 3659 et
700 3594 825 3659 facinus
841 3610 990 3659 nostrum
1006 3610 1126 3659 aeterna
1146 3595 1233 3659 sama
1253 3620 1306 3661 se·

240 3694 405 3785 equatur?
415 3694 593 3783 praesertim
606 3694 682 3782 quia
693 3695 794 3759 sortes
806 3695 848 3759 ab
860 3695 1038 3783 ignominia
1052 3717 1141 3760 mors
1153 3696 1306 3775 absolvit,

240 3830 253 3855 ι
262 3813 338 3887 post
349 3795 562 3887 ignominiam
577 3794 791 3861 nihilominus
807 3796 976 3861 subeunda
989 3820 1078 3862 mors
1093 3813 1153 3862 est.
1170 3798 1307 3863 Promit-

275 4012 356 4078 sru.
367 4012 425 4061 nto.
438 4038 473 4049 -
487 4010 548 4059 os..
564 4008 595 4057 ss
606 4011 636 4059 a.
649 4008 704 4058 civ.
714 4006 759 4057 ns.
772 4010 824 4071 ur,
837 4024 892 4075 ap.
902 4010 945 4058 ss.
959 4036 994 4047 -
1007 4010 1061 4059 nv.
1071 3993 1139 4077 spu.
1149 4038 1186 4049 -
1199 4011 1304 4077 appas.

240 4124 275 4133 -
288 4096 361 4145 Oros.
370 4120 406 4131 -
416 4096 507 4143 Lucan.
515 4094 547 4153 V,
561 4100 621 4153 trp.
635 4120 666 4131 -
679 4090 695 4156 5
708 4094 774 4143 tm.
787 4092 852 4140 iiior.
861 4119 897 4129 —
906 4093 1035 4151 hunss,
1047 4094 1108 4153 ⁴7⁵·
