2875 4900
300 327 1184 422 INLOC.LIB.C111L1v1ANl.489

146 452 282 517 XCVII.
313 451 438 567 ‘Neque
466 449 683 515 dissimulavit
707 447 805 529 hujus
832 447 975 513 victoriae
1003 446 1186 563 gaudium,

104 555 286 642 paucisque
310 551 490 636 interjectis
513 551 646 632 diebus,
671 549 837 638 frequenti
860 548 967 630 curia,
992 550 1132 615 omnium
1154 570 1186 612 sc

104 656 262 744 capitibus
275 653 471 718 illusarum
459 654 605 737 jactavit3
620 675 658 717 ac
671 667 811 741 negante
828 673 998 739 quopiam,
1001 646 1114 738 focale
1125 650 1186 713 ltoc

106 754 417 846 ulliseminoefhre,
430 754 618 844 respondit,
638 757 672 817 in
686 755 822 840 Assyria
833 774 957 843 quoque
972 774 1118 839 regnasse
1131 751 1186 815 Sc·

105 861 275 939 mirarnin,
296 871 331 921 et
342 879 497 943 magnam
514 858 605 920 Asiae
616 870 740 946 partem
757 855 834 919 olim
845 855 994 941 paruisse
1010 854 1185 916 Amazoni-

105 961 168 1024 bus.
184 958 310 1046 Neque
327 973 502 1022 contentus
519 957 705 1022 domesticis
718 955 893 1045 presidiis,
907 977 1007 1045 regna
1019 953 1184 1019 sociorum

104 1060 261 1124 omnibus
281 1058 392 1123 modis
412 1057 540 1123 studuit
562 1056 760 1147 adjungere,
782 1055 981 1121 Ariovistum
1001 1055 1183 1120 Suevorum

105 1172 234 1250 regem,
250 1161 402 1248 itemque
416 1158 649 1240 Ptolemaeum,
665 1158 719 1222 cui
731 1174 763 1222 et
776 1180 926 1247 magnam
940 1158 1086 1247 pecuniae
1099 1178 1186 1220 sum·

106 1284 189 1325 mam
200 1260 406 1341 crediderat,
423 1262 542 1324 socium
555 1274 588 1323 et
598 1261 739 1324 amram
752 1259 1001 1347 appellandum,
1020 1274 1053 1322 et
1066 1258 1136 1347 lege
1152 1272 1185 1321 et

108 1363 413 1440 senatusconsulto,
434 1361 605 1449 foedusque
623 1383 701 1425 cum
716 1383 757 1425 eo
773 1362 808 1423 in
824 1360 982 1448 Capitolio
997 1358 1186 1425 feriendum

108 1463 241 1527 curavit.
261 1464 358 1527 Inter
373 1462 443 1525 haec
457 1462 609 1527 consules
622 1460 781 1551 designati
797 1478 891 1541 sunt,
908 1462 957 1526 uti
971 1476 1183 1542 convenerat,

106 1561 140 1626 L.
163 1563 266 1646 Piso,
294 1566 332 1628 A.
356 1562 526 1629 Gabinius.
556 1562 732 1629 Gabinium
762 1561 803 1626 de
827 1562 953 1627 ambitu
983 1562 1185 1651 Interrogare

107 1662 140 1726 C.
152 1664 235 1728 Cato
247 1662 438 1728 adolescens
452 1663 613 1752 cupiebat.
632 1663 696 1729 Sed
713 1686 817 1752 quum
835 1685 894 1752 per
909 1664 1033 1751 aliquot
1046 1662 1114 1727 dies
1128 1686 1186 1727 co-

107 1762 191 1849 piam
209 1767 263 1830 sui
280 1781 436 1853 praetores
459 1787 528 1829 non
552 1765 715 1847 facerent,
741 1766 775 1829 in
798 1765 991 1830 concionem
1016 1762 1186 1829 adscendit

108 1864 208 1948 Cato,
234 1883 269 1931 et
285 1867 488 1955 Pompeium
510 1868 655 1955 privatus
676 1866 863 1931 dictatorcm
885 1866 1065 1956 appellavit.
1089 1864 1186 1930 Unde

111 1986 245 2056 maguus
271 1985 408 2033 exortus
432 1968 594 2033 tumultus
617 1986 683 2051 est,
707 1970 909 2057 propiusque
935 1968 1017 2032 nihil
1045 1968 1185 2049 factum,

110 2088 204 2154 quam
218 2086 258 2135 ut
273 2072 378 2135 homo
392 2070 583 2135 temerarius
598 2087 632 2135 et
645 2071 767 2135 nullius
784 2070 910 2135 consilii
924 2069 1139 2136 occideretur.

150 2170 299 2235 XCVIII.
319 2169 384 2235 Sed
406 2171 546 2235 acriores
564 2172 626 2235 sub
643 2171 732 2236 idem
750 2188 879 2261 tempus
901 2171 1012 2236 turbas
1036 2171 1185 2235 excitavit

110 2266 144 2331 1..
159 2270 307 2355 Vettius,
327 2272 511 2338 catilinariae
528 2273 762 2352 conjurationis
786 2274 901 2356 index,
925 2275 1003 2361 qui,
1025 2274 1185 2340 suborna-

112 2381 161 2431 tus
187 2393 205 2433 a
232 2373 380 2455 Caesare,
402 2372 611 2438 sollicitatum
635 2396 670 2438 se
694 2396 713 2440 a
733 2374 930 2463 quibusdam
949 2374 992 2439 de
1015 2374 1184 2441 inferenda

112 2469 167 2532 (ln.
178 2471 339 2563 Pompeio
354 2490 388 2539 ct
399 2476 434 2539 C.
448 2476 563 2540 Caesari
577 2499 675 2558 nece,
687 2475 825 2542 dicebat.
842 2478 888 2542 Ea
899 2477 1008 2542 fabula
1018 2478 1184 2566 aliquanto

113 2569 216 2656 aliter,
235 2598 337 2664 quam
353 2591 467 2640 ornata
482 2577 678 2665 putabatur,
695 2595 765 2642 acta
782 2595 840 2644 est.
859 2580 988 2644 Vettius
1002 2580 1090 2643 enim
1107 2602 1182 2643 curn

113 2675 267 2762 pugione,
284 2677 437 2765 servique
455 2677 524 2758 ejus
540 2701 616 2743 cum
633 2679 705 2744 telis
722 2679 756 2743 in
775 2680 849 2744 loro
869 2678 1087 2768 deprehendi,
1106 2702 1183 2744 mox

113 2769 234 2842 Vettius
252 2778 416 2844 indicium
433 2779 582 2868 profiteri
605 2779 774 2846 debuerat.
798 2779 861 2846 Sed
882 2781 956 2862 ille,
978 2803 1045 2868 quo
1067 2781 1184 2845 Curio·

114 2893 184 2939 nem
199 2878 472 2945 adolescentem
463 2904 498 2945 ιιι
514 2880 736 2969 suspicionem
752 2881 947 2963 adduceret,
971 2881 1184 2974 familiaritate

115 2971 179 3057 elus
210 2981 386 3062 affectata,
417 2981 542 3046 dixerat
564 2983 627 3047 sibi
653 3001 781 3047 certum
801 3006 870 3049 esse
893 3007 969 3047 cum
992 2983 1059 3047 suis
1083 2983 1183 3049 servis

115 3095 266 3164 mpetum
285 3084 320 3146 in
337 3083 533 3172 Pompeium
547 3082 652 3148 lacere
660 3083 794 3172 ,idque
803 3084 858 3147 ille
871 3082 913 3148 ad
930 3099 1076 3171 patrem,
1093 3099 1184 3172 pater

115 3175 152 3239 ad
165 3179 359 3273 Pompeium
375 3184 545 3252 detulerat.
562 3187 640 3249 Erat
653 3202 763 3250 autem
780 3185 915 3250 Curioni
931 3183 998 3249 lilio
1012 3185 1116 3249 Caesar
1132 3184 1183 3250 of-

116 3275 233 3366 fensus,
256 3283 349 3374 quod
369 3302 479 3373 aperte
493 3287 742 3351 triumvirorum
760 3287 876 3351 nimias
895 3309 974 3384 opes
989 3286 1181 3368 traducens,

117 3395 277 3450 assensum
296 3385 417 3450 habere
433 3386 654 3452 multitudinIs
667 3388 902 3469 videbatur,
875 3410 970 3476 etque
987 3388 1073 3454 ludis
1089 3388 1185 3482 Apol·

116 3472 262 3549 lintribus
273 3487 401 3574 equites
413 3503 534 3552 stantes
545 3489 742 3577 plauserant,
755 3512 871 3577 quum,
883 3490 1086 3580 Ingrediente
1095 3491 1186 3555 thea-

119 3589 196 3645 1111111
212 3588 354 3668 Caesare,
371 3589 579 3676 quievissent.

155 3680 266 3753 XCIX.
287 3691 329 3752 At
343 3689 518 3770 Vettius,
508 3713 543 3753 ιιι
562 3707 713 3756 senatum
728 3691 937 3760 Introductus
948 3743 957 3777 ,
964 3691 1040 3784 fide
1048 3691 1183 3782 publica

149 3902 274 3968 chvu.
288 3919 350 3968 Cat.
361 3911 434 3966 ch.
447 3919 511 3968 Gall.
523 3922 601 3969 1.-
621 3923 687 3981 Dio,
702 3924 748 3972 lib.
759 3924 1117 3973 xxxvtttetxxxtx.-
1130 3923 1184 3976 Cic

120 3993 894 4072 troSnr..cap.2o,eradQfratr.1,2.-sxcv111.ci0.
908 4006 1075 4066 atamen,
1090 4007 1134 4066 18,
1151 4021 1186 4072 19

121 4076 192 4131 ⁸¹²4·
203 4106 235 4118 -
248 4085 347 4136 Sueton.
362 4087 466 4140 -Βίο,
