2875 4900
271 374 325 444 IN
358 374 471 443 LOC.
499 376 594 441 LlB.
623 375 733 441 CVII
761 376 976 443 tlvtaul.
1086 373 1157 443 613

96 492 225 580 llypsaei
237 490 350 573 factio,
368 508 406 557 ut
418 494 539 557 recenti
559 492 667 558 adhuc
684 494 815 558 Milonis
833 493 952 558 invidia
970 510 1158 578 uterentur,

97 616 114 655 a
126 592 171 656 M.
185 592 319 657 AEmilio
336 592 476 681 Lepido,
493 594 550 681 qui
563 610 632 658 erat
642 595 784 658 interrex
797 593 963 683 proditus,
978 596 1090 659 haberi
1102 619 1158 659 co·

98 694 184 757 mitia
198 694 375 782 postulant.
390 692 429 757 ld
443 717 546 781 quum
560 696 724 760 facturum
735 718 770 759 se
782 695 922 784 Lepidus
936 713 1068 787 negaret
1078 696 1091 785 (
1100 722 1160 760 nec

96 796 181 859 enim
200 796 300 859 moris
320 812 404 876 etat,
424 818 482 882 per
498 797 641 884 primum
657 796 851 885 interregem
864 797 975 860 haberi
988 797 1158 885 comitia),

97 892 212 959 domus
235 896 303 975 ejus
319 917 378 983 per
398 918 511 959 omncs
535 897 711 987 interregni
732 895 801 961 dies
820 895 976 983 (fuerunt
991 916 1100 962 autem
1120 923 1160 962 ex
1227 960 1230 964 .

99 1018 187 1061 more
202 996 370 1084 quinque)
385 1020 403 1060 a
418 996 627 1061 multitudine
645 998 775 1062 obsessa
791 1014 824 1061 ct
837 1016 1021 1089 oppugnata
1038 1017 1101 1081 est,
1117 1000 1160 1081 ja·

99 1120 161 1161 nna
180 1099 213 1161 vi
236 1116 437 1188 expugnata,
460 1099 590 1181 dejectae
615 1099 775 1179 majorum
800 1100 974 1189 imagines,
997 1117 1030 1164 et
1050 1104 1160 1167 uxoris

98 1197 271 1281 Corneliae,
290 1199 384 1279 cujus
403 1201 528 1264 castitas
551 1224 611 1289 pro
635 1202 783 1289 exemplo
804 1202 912 1265 habita
937 1218 1004 1282 est,
1022 1202 1160 1267 lectulus

99 1299 227 1366 fraenis.
881 1348 897 1369 ⁴

141 1400 244 1467 XXV.
264 1406 382 1468 Actum
398 1418 465 1466 crat
481 1402 522 1466 de
538 1401 678 1490 Lepido,
695 1404 862 1468 sitantum
875 1404 915 1467 ab
931 1405 1003 1467 unis
1017 1404 1162 1491 partibus

100 1519 365 1592 oppugnaretur:
386 1505 574 1593 supervenit
591 1504 725 1567 Milonis
742 1528 882 1585 manus,
906 1522 939 1569 et
965 1506 1033 1594 ipsa
1052 1506 1164 1569 haberi

100 1605 226 1669 comitia
240 1607 408 1695 postulans
424 1608 490 1673 :ita
506 1607 580 1671 licet
598 1606 746 1671 eamdem
759 1630 828 1671 rem
842 1629 956 1669 omues
968 1604 1163 1695 flagitarent,

100 1720 204 1770 tamen
222 1709 341 1772 omissa
359 1725 425 1791 est,
443 1710 606 1773 conversis
622 1708 662 1772 ab
678 1708 846 1797 interregis
863 1709 1105 1796 oppugnatione
1123 1706 1164 1771 ad

102 1824 252 1872 consueta
278 1810 453 1874 certamina
480 1810 619 1873 inimicis
647 1808 852 1874 factionibus.
881 1810 1041 1871 Caeterum
1066 1808 1164 1871 simul

101 1923 194 1995 atque
211 1910 334 1976 redisse
356 1911 512 1977 Milonem
539 1910 700 1992 innotuit,
720 1911 912 1975 concionem
931 1908 959 1973 ei
982 1910 1028 1973 M.
1044 1909 1162 1972 Coelius

103 2010 249 2077 tribunus
265 2013 369 2102 plebis
384 2012 492 2095 dedit;
509 2012 566 2077 sed
580 2014 660 2076 iram
673 2012 847 2092 simulans,
860 2008 943 2074 nolle
952 2033 983 2072 se
995 2009 1163 2073 concedere

101 2107 285 2178 dilan'oncm
303 2137 355 2177 reo
370 2114 575 2201 preferebat,
593 2114 670 2203 quin
686 2114 777 2202 apud
786 2114 942 2202 populum
959 2113 1067 2175 statim
1081 2110 1163 2173 dt'ce·

103 2227 146 2275 ret
160 2236 301 2281 causam.
321 2217 423 2281 Porro
444 2218 512 2304 ipse
533 2216 643 2279 favens
658 2214 794 2295 Miloni,
814 2216 860 2277 sic
881 2227 990 2302 egerat
1010 2234 1085 2275 cum
1101 2234 1163 2299 po·

103 2314 194 2399 pulo,
212 2335 252 2383 ut
268 2318 397 2382 insidias
410 2316 558 2403 eifactos
578 2340 599 2380 a
624 2316 736 2381 Clodio
753 2316 881 2379 diceret.
905 2316 1018 2396 Quum
1034 2312 1162 2377 silentio

104 2414 351 2502 audinaeus,
374 2418 496 2508 incepit
516 2416 596 2482 Milo
617 2415 744 2499 dicere,
755 2414 866 2504 sorte,
887 2431 946 2481 out
961 2409 1035 2479 dolo
1060 2412 1166 2480 Clodii

104 2523 294 2585 commissum
308 2544 370 2585 esse
380 2543 528 2609 pugnam
538 2568 548 2599 ,
570 2542 602 2582 se
620 2520 741 2597 rcesctb5
760 2518 884 2607 ejusque
902 2519 947 2580 rci
964 2517 1086 2580 evidens
1107 2537 1164 2577 or·

102 2633 282 2698 gementum
305 2643 386 2702 esse,
412 2619 500 2708 quod
514 2619 733 2708 impedimenta
750 2634 782 2681 et
799 2641 932 2682 uxorem
954 2620 988 2682 in
1012 2618 1164 2681 comitatu

104 2713 275 2802 habuisset,
294 2745 341 2785 res
354 2724 481 2785 mritimc
493 2721 672 2784 commodas
682 2733 880 2809 pugnatun.
897 2717 1035 2781 Deflexit
1046 2715 1163 2783 deinde

105 2813 142 2877 ad
162 2820 431 2911 vituperationem
456 2817 579 2904 Clodii,
592 2820 817 2909 facinorosum
840 2837 872 2884 et
883 2819 1045 2909 perditum
1065 2819 1164 2882 homi·

107 2937 186 2998 nem,
203 2927 312 3014 suique
328 2923 476 2986 similium
491 2920 691 3012 signficant,
710 2937 808 3010 caput
822 2922 972 3008 etfacem
991 2920 1100 2985 fuisse.

146 3019 265 3090 XXVI.
285 3024 397 3107 Quum
413 3023 521 3089 adhuc
534 3026 738 3112 loqueretur,
757 3024 925 3088 contrariae
941 3023 1090 3087 factionis
1108 3023 1165 3086 tri·
1186 3109 1188 3112 .

108 3113 181 3183 buni
196 3146 275 3188 cum
295 3147 352 3189 sua
374 3123 583 3189 multitudine
597 3125 787 3214 irruperunt
800 3127 834 3188 in
851 3126 970 3189 forum.
985 3125 1055 3188 lam
1070 3122 1166 3212 gladii

109 3215 282 3306 micabant,
301 3224 468 3313 caedesque
488 3223 626 3307 fiebant,
645 3249 748 3314 quum
765 3225 846 3289 Milo
867 3241 900 3289 et
922 3225 1040 3289 Coelius
1061 3226 1167 3289 servili

108 3313 215 3388 habitu
236 3343 424 3407 evaserunt,
444 3325 583 3389 aliorum
604 3349 720 3416 magna
737 3343 857 3413 strages
881 3325 983 3407 edita,
1007 3324 1167 3412 multique

109 3413 204 3504 ignoti
228 3451 290 3515 pro
312 3426 517 3509 Milonianis,
540 3427 675 3492 libidine
697 3427 816 3517 magis,
839 3450 936 3516 quam
960 3428 1024 3508 ira,
1045 3425 1166 3491 occisi:

110 3537 178 3586 nam
197 3526 306 3592 infima
322 3529 413 3616 plebs
429 3544 461 3592 et
477 3551 644 3592 servorum
665 3551 779 3618 magna
797 3527 973 3593 multitudo
988 3551 1076 3591 arma
1093 3547 1167 3592 cor·-

109 3619 286 3713 ripuerant3
299 3649 332 3696 et
342 3655 401 3720 per
414 3655 543 3696 causam
556 3631 808 3720 quaerendorum
822 3632 952 3696 Milonis
969 3631 1168 3709 amicorum,

109 3721 242 3796 effractis
265 3732 426 3798 domuum
450 3751 484 3797 et
507 3733 686 3798 insularum
711 3731 852 3813 foribus,
875 3730 997 3820 praedas
1020 3727 1165 3819 agebant
1208 3743 1213 3753 ’

110 3817 167 3888 Per
180 3836 300 3900 multos
321 3835 399 3900 inde
419 3834 487 3900 dies
504 3835 695 3898 continuato
718 3834 881 3914 tumultu,
897 3855 1001 3920 quum
1019 3830 1166 3920 ignibus,

142 4023 157 4086 s
171 4029 265 4083 xXIV.
278 4038 335 4087 Dio.
350 4065 383 4074 -—
398 4041 489 4086 Ascon.
501 4038 528 4086 in
538 4054 592 4100 cap.
603 4041 618 4087 5
630 4040 698 4086 Orat.
707 4052 755 4102 pro
767 4035 821 4085 Mil.
836 4060 872 4072 --
890 4035 941 4084 Cic.
953 4052 998 4100 pru
1010 4032 1064 4082 Mil.
1076 4035 1118 4080 ²3.
1134 4059 1168 4069 -

111 4098 216 4162 lxxv·
231 4119 338 4184 Appiae.
356 4149 389 4158 -
404 4123 495 4170 Asson.
511 4121 536 4169 in
550 4122 606 4170 Mil.
622 4149 656 4160 —
671 4121 723 4170 Cic.
735 4136 786 4184 pro,
796 4118 851 4168 Mil.
867 4119 909 4166 33.
