2875 4900
281 370 408 443 720
445 349 514 416 ro
541 350 887 419 rnurnsnsnn
919 351 1164 425 snrrnsn.

278 470 492 533 solverentur.
509 466 549 531 ld
565 489 699 556 qnoque
710 492 830 534 vanum
849 471 1018 559 inceptum
1033 474 1111 557 fnit,
1128 476 1263 540 consule
1276 478 1343 542 Ser·

279 567 355 634 vilio
371 569 711 660 ‚magistratibusque
730 571 862 659 reliquis
884 574 1152 661 repugnantibus.
1171 577 1258 639 Tum
1277 580 1343 641 (ἰω-

278 672 360 752 lius,
378 694 415 735 ea
430 672 499 761 lege
514 671 658 752 sublata,
677 670 757 736 duas
773 674 993 763 promulgavit
1006 698 1106 742 noras
1123 700 1132 743 :
1151 700 1269 760 unam,
1288 704 1343 768 qua
1403 710 1404 713 ¹

279 771 444 837 mercedes
462 772 701 836 habitationum
717 795 842 837 annuas
857 773 1114 841 conductoribus
1129 777 1289 863 donabat;
1305 782 1344 843 al·

279 891 380 939 teram
393 874 578 949 tabularum
592 896 762 937 novarum.
778 876 855 939 Haec
871 890 904 941 et
917 892 1006 965 grata
1021 878 1230 944 tenuioribus
1245 897 1343 962 erant,

279 991 312 1040 et
324 976 365 1040 ab
380 974 515 1039 homine
528 974 650 1038 diserto
662 973 858 1055 jamdudum
876 976 1036 1044 seditiosis
1048 981 1268 1046 concionibus
1281 982 1345 1045 alie·

279 1094 387 1142 natam
404 1076 533 1165 plebem
551 1076 770 1139 inveniebant.
791 1077 896 1142 Facile
913 1078 1013 1168 igitur
1028 1079 1161 1145 inducta
1180 1098 1248 1164 est,
1263 1100 1298 1148 ut
1313 1084 1342 1146 iu

279 1181 317 1246 C.
333 1179 535 1243 ‘trebonium
556 1176 676 1241 laceret
697 1176 875 1265 impetum,
894 1202 1053 1268 eumque,
1069 1181 1249 1247 vulneratis
1267 1206 1344 1247 non.

279 1281 394 1362 nullis,
411 1278 452 1343 de
467 1278 624 1342 tribunali
638 1276 837 1343 deturbaret.
858 1278 922 1343 Sed
935 1280 963 1344 is
980 1280 1113 1369 quidem
1126 1298 1253 1347 mutata
1265 1299 1344 1347 reste
1403 1352 1404 1367 ,

278 1384 372 1473 fugit.
394 1385 438 1446 At
457 1380 610 1444 Servilius
631 1381 767 1462 consul,
788 1378 953 1445 advocatis
976 1404 1016 1445 ex
1037 1382 1154 1447 itinere
1174 1383 1343 1465 militibus,
1403 1416 1404 1431 r

279 1483 336 1571 qui
349 1484 384 1547 in
397 1482 534 1547 Galliam
550 1479 816 1563 destinabantur,
833 1482 1049 1571 praesidioque
1062 1483 1127 1551 hoc
1140 1486 1267 1549 curiam
1280 1508 1344 1550 mu·

218 1633 224 1661 ,
279 1586 389 1666 niens,
401 1583 443 1647 de
453 1583 504 1648 his
518 1582 617 1647 rebus
627 1582 670 1647 ad
679 1599 829 1646 senatum
842 1584 965 1648 retulit.
976 1583 1103 1666 Patres,
1114 1584 1343 1649 removendum

153 1678 157 1684 ¹
278 1686 478 1775 arepublica
498 1684 653 1762 Coelium,
671 1700 881 1749 censuerunt.
899 1684 1023 1749 Tamen
1042 1701 1178 1773 propter
1199 1686 1343 1751 interces-

278 1789 405 1853 sionem
420 1785 623 1851 tribunitiam
639 1786 961 1852 senatusconsultum
978 1807 1046 1851 non
1061 1786 1171 1875 potuit
1186 1786 1258 1852 fieri
1271 1810 1278 1853 :
1292 1810 1343 1851 au·
1403 1770 1404 1833 Ῐ

278 1889 410 1954 ctoritas
425 1886 601 1977 perscripta
618 1904 677 1952 est.

322 1992 396 2056 XX.
414 1988 478 2054 Sed
493 1988 661 2052 consulem
676 1990 802 2055 tabulas
820 1989 931 2079 legum
946 1992 1229 2081 promulgatorum
1242 1993 1343 2057 tollere

279 2114 484 2185 aggressum,
504 2089 625 2155 Coelius
642 2111 702 2177 per
723 2090 789 2154 vim
808 2107 841 2154 et
858 2089 1052 2156 seditionem
1076 2093 1210 2180 repulit.
1229 2094 1343 2159 lterum
1403 2114 1404 2147 1

172 2221 175 2229 ·
278 2219 357 2310 crgo
378 2211 526 2275 coactns,
547 2190 695 2277 adhibito
717 2180 886 2280 praesidio,
912 2209 1044 2257 senatus
1067 2194 1177 2259 vadere
1195 2178 1404 2261 consulent
1403 2228 1404 2231 ¹

275 2296 389 2379 jussit,
408 2318 449 2358 ne
463 2294 542 2383 quid
556 2272 729 2381 respublica
749 2292 930 2359 detrimenti
938 2309 1117 2383 pateream.
1137 2296 1210 2363 Hac
1224 2314 1343 2386 accepta

277 2411 455 2487 potestate,
472 2395 582 2459 sellam
599 2395 691 2459 Coelii
711 2395 857 2460 curulem
874 2394 970 2486 fregit
989 2412 1046 2462 :at
1065 2397 1118 2462 ille
1138 2400 1253 2487 posuit
1273 2400 1343 2464 elte-

278 2521 348 2563 ram
362 2499 439 2563 loris
453 2497 631 2577 intentam,
643 2496 739 2560 tacite
750 2496 891 2562 illudens
906 2500 1090 2581 consulem,
1105 2500 1162 2586 qui
1174 2501 1343 2590 ala'qucrrdo

265 2603 387 2690 flagris
401 2622 500 2664 coesus
513 2600 555 2663 ab
571 2599 712 2663 Isaurico
723 2614 820 2686 patre
838 2597 1017 2665 dicebatur.
1034 2599 1085 2665 Ad
1101 2617 1286 2666 extremum
1301 2617 1343 2666 ta·

278 2727 355 2768 men
376 2703 525 2791 superior
543 2716 576 2765 et
592 2701 665 2781 jure
687 2715 720 2764 et
742 2701 888 2788 potentia
902 2702 1036 2785 consul,
1060 2703 1151 2768 Coelii
1173 2723 1283 2791 partes
1297 2704 1343 2767 alii

278 2805 408 2871 cuidam
423 2803 554 2892 praetori
568 2800 791 2885 demandavit3
804 2802 911 2892 ipsum
925 2819 958 2866 et
966 2805 1039 2867 foro
1053 2819 1085 2867 et
1096 2806 1187 2868 curia
1200 2806 1343 2887 exclusit,

276 2909 508 2992 volentemque
524 2903 711 2967 concionari
730 2901 771 2968 de
793 2905 919 2969 Rostris
937 2904 1084 2971 domarit.
1103 2907 1241 2989 Coelius,
1259 2908 1343 2998 igno·

279 3009 380 3074 minia
400 3007 497 3072 simul
518 3006 630 3093 iraque
647 3021 835 3093 permotus,
858 3004 900 3070 ad
918 3007 1134 3095 Pompeianos
1153 3009 1300 3099 scripsit,
1314 3009 1343 3072 in

278 3111 403 3175 Urbem
419 3130 475 3172 eos
488 3105 663 3189 advocans,
677 3105 833 3170 nudatam
849 3107 1005 3194 presidiis
1016 3108 1177 3191 futuram,
1195 3128 1229 3175 et
1243 3109 1343 3176 studio

279 3212 393 3302 populi
405 3209 595 3298 proniorem
611 3207 646 3270 in
664 3207 732 3271 illas
746 3222 869 3295 partes,
886 3230 1086 3296 vacuamque
1102 3211 1231 3274 ltaliam
1247 3227 1344 3275 osten·

279 3331 368 3396 tans,
385 3309 477 3400 quod
491 3310 588 3374 etiarn
605 3308 855 3373 saluberrimum
868 3308 929 3372 illis
941 3309 1087 3397 partibus
1103 3309 1223 3376 fuerat.

322 3416 414 3479 XXI.
437 3412 528 3478 Misit
550 3411 646 3475 etiarn
663 3409 705 3474 ad
730 3411 770 3475 Τ.
788 3410 933 3475 Annium
956 3411 1113 3476 Milonem
1129 3413 1343 3478 clandestinos

280 3516 431 3596 nuntios,
450 3537 549 3602 quem
570 3510 832 3575 inimicissimum
854 3511 971 3577 Caesari
989 3529 1139 3594 noverat,
1158 3531 1341 3604 propterea,

278 3617 369 3708 qnod
388 3616 545 3681 restitutis
567 3613 751 3695 exsulibus,
772 3612 860 3678 solus
877 3612 929 3676 ille
945 3613 1087 3678 reditum
1103 3638 1172 3679 non
1195 3618 1344 3705 impetra·

279 3737 377 3785 verat.
399 3719 596 3806 Magnorum
613 3716 683 3779 haee
705 3737 776 3779 esse
799 3730 951 3778 motuum
974 3715 1066 3780 initia
1085 3732 1255 3804 poterant,
1273 3717 1342 3782 viris

278 3822 372 3887 claris
383 3835 416 3884 et
429 3816 605 3882 audacibus
619 3817 691 3879 talia
704 3817 933 3899 molientibus,
945 3833 1105 3906 occupato
1119 3819 1195 3884 alibi
1207 3823 1341 3898 Caesare,

314 4047 330 4113 ς
349 4045 421 4095 xm.
439 4041 498 4090 nso.
514 4070 547 4080 -
566 4043 627 4092 css.
640 4067 677 4078 -
691 4040 708 4106 s
721 4043 781 4090 xx.
796 4041 851 4091 sn.
866 4041 1089 4106 nps.-nro.-
1100 4041 1339 4106 Quissr.v1,s.-
1403 4007 1404 4026 ¹

278 4135 342 4182 css.
359 4155 391 4168 ω
407 4128 460 4175 cs.
475 4125 582 4173 -vsn
597 4127 639 4185 n,
653 4124 694 4171 ⁵2.
