2875 4900
275 408 328 477 rrt
355 408 466 477 noc.
494 410 588 477 trs.
610 402 746 478 xcrrr
776 412 992 481 nrvrarrr.
1026 400 1045 413 “
1097 416 1164 487 ,δι

107 526 238 608 aberat,
261 527 464 615 properavit,
486 527 598 615 ibique
622 543 787 593 contracta
814 530 912 595 classe
937 533 1170 615 tumultuaria,

106 628 266 715 pritanis,
288 644 362 715 post
384 620 502 715 pineas
515 629 632 709 horas,
652 652 748 717 quarn
769 648 837 695 crat
858 631 1028 714 liberatus,
1045 648 1168 703 stantes

104 727 212 793 adhuc
231 727 274 794 ad
296 729 442 794 earndern
465 730 605 795 insuam
625 730 796 817 predones
815 748 914 797 noctu
935 732 1087 817 adortus,
1108 737 1166 801 ali·

103 846 185 917 quot
208 852 326 911 nares,
352 830 464 895 mersis
488 830 575 913 aliis,
596 846 630 893 et
650 830 760 919 iugata
785 831 908 918 reliqua
932 832 1049 915 classe,
1068 835 1169 923 cepit„

104 929 231 994 Deinde
250 931 404 995 festinans
427 929 469 995 ad
490 931 717 1018 proconsulem
741 931 826 995 Asin
844 932 977 995 lunium
991 981 1003 1014 ,
1017 935 1073 1021 spui
1092 952 1168 1001 tum·

103 1044 170 1095 erat
186 1031 221 1095 in
240 1030 409 1119 Bithynia,
432 1054 501 1097 rem
524 1047 646 1120 gestans
668 1031 834 1119 exposuit,
856 1046 958 1119 utque
979 1032 1033 1097 ille
1050 1050 1168 1099 auctor

101 1130 251 1218 supplicii
270 1129 314 1195 de
333 1131 467 1220 ‚captivis
489 1130 643 1195 sumendi
659 1130 768 1213 lieret,
786 1132 970 1219 postulavit.
986 1135 1091 1221 Atque
1108 1135 1163 1199 illo

100 1228 311 1296 venditurtnn
332 1231 474 1319 captivos
494 1230 731 1319 respondente,
750 1232 960 1320 Pergamum,
975 1232 1033 1297 ubi
1047 1234 1170 1322 piratas·

101 1332 132 1395 in
146 1330 330 1397 mstodinrn
345 1331 498 1413 dederat,
510 1332 691 1397 incredibili
704 1332 865 1397 celeritate
877 1349 1042 1416 revectus,
1058 1337 1169 1422 prius·

101 1454 199 1519 quam
221 1433 295 1497 ulle
313 1432 520 1520 supervenire
534 1433 739 1520 proconsulis
757 1433 898 1519 epistole
916 1448 1064 1521 possent,
1081 1436 1167 1501 affe-n

100 1533 142 1596 cit
157 1556 201 1597 eo
215 1533 393 1621 supplicio,
408 1532 499 1621 quod
512 1556 598 1621 sepe
612 1534 753 1611 minatus
770 1554 828 1622 per
840 1536 951 1614 jocum
968 1534 1082 1599 luera.
1122 1590 1128 1608 ,

140 1634 249 1697 XXV.
263 1632 328 1697 Sed
342 1654 385 1696 ne
398 1656 417 1697 a
429 1633 560 1698 lenitate
574 1649 697 1699 naturae
709 1656 777 1699 suas
789 1633 994 1715 descisceret,
1006 1650 1041 1698 et
1052 1650 1167 1700 tamen·

98 1735 247 1821 impleret
267 1732 430 1797 dictorum
450 1732 568 1813 lidem,
586 1732 727 1823 jugulari
748 1736 859 1823 prius,
876 1732 992 1799 deinde
1008 1738 1161 1803 crucibus

99 1834 223 1925 suffigi,
241 1835 347 1913 jussit.
365 1835 426 1899 Hic
441 1834 541 1923 igitur
555 1838 676 1917 Caesar,
693 1858 816 1923 quum,
831 1834 1017 1901 Mithridate
1030 1838 1161 1925 provin-
1248 1886 1251 1895 .

99 1936 162 1999 cias
184 1957 337 2001 romanas
357 1951 526 2015 vastante,
549 1958 600 1999 res
626 1936 668 2001 ad
689 1936 904 2003 defectionem
927 1952 1102 2025 spectaret,
1119 1940 1166 2005 als

98 2035 236 2117 Rhodo,
254 2059 323 2123 quo
342 2036 567 2124 pertenderat,
581 2036 616 2101 in
635 2038 744 2103 Asiam
761 2038 925 2126 proiectus
946 2052 1012 2120 θεῖς
1030 2054 1158 2103 contra·

97 2138 223 2224 ctisque
238 2138 403 2201 sociorum
426 2138 571 2220 auxilr’is,
587 2152 621 2201 et
644 2140 796 2226 prefecto
818 2139 903 2227 regis
920 2139 1085 2225 provincia
1102 2164 1157 2205 ex·

97 2238 209 2325 pulso,
221 2238 340 2304 duhios
354 2261 393 2303 ac
405 2238 619 2303 deliberantes
630 2240 797 2303 civitatum
811 2240 939 2303 animos
950 2239 984 2301 in
1001 2238 1065 2303 lide
1078 2262 1158 2303 cotr-

97 2340 204 2404 tinuit
215 2338 308 2407 ldent
322 2340 391 2426 pari
402 2339 530 2419 studio,
545 2340 735 2403 auctoritate
746 2338 869 2418 majore
876 2338 1030 2403 Lucullus
1043 2342 1161 2405 consul

32 2456 33 2531 ἦ
97 2440 250 2520 ίιοίώοι,
268 2439 342 2528 qui,
358 2440 455 2504 relius
468 2440 602 2507 urbanis
618 2457 797 2527 utcumque
812 2440 1016 2528 compositis,
1036 2441 1156 2508 interea

32 2534 33 2539 ¹
97 2542 129 2604 in
141 2541 343 2630 provintiam
362 2557 512 2606 venerat:
529 2563 605 2606 nam
625 2541 669 2605 ob
688 2541 851 2606 delectum
873 2557 941 2606 erat
960 2559 1103 2607 moratus
1124 2559 1157 2616 et

32 2712 33 2735 χ
98 2641 261 2708 tribunitia
272 2642 395 2730 jurgia,
405 2664 507 2728 quum
520 2643 556 2707 L.
572 2643 727 2724 Quintio,
741 2642 886 2729 quotidie
899 2642 1064 2708 seditiosas
1078 2667 1156 2708 con-

32 2750 33 2759 ’
97 2740 203 2806 cinnes
222 2742 375 2822 habenti,
396 2765 522 2815 summa
537 2744 569 2805 vi
584 2743 765 2822 resisteret,
781 2741 886 2808 donec
906 2744 1074 2808 insolentia
1094 2745 1155 2806 ho-

99 2843 190 2908 minis
214 2843 347 2908 mitibus
368 2841 538 2922 remediis,
560 2843 710 2908 docendo
733 2843 971 2930 mulcendoque
992 2843 1155 2924 cohibita,

98 2963 167 3007 cum
189 2967 258 3010 uua
275 2945 403 3033 legione
417 2945 563 3031 pervenit
581 2945 615 3008 in
637 2944 764 3024 Asiam,
778 2944 1000 3031 adjunctisque
1018 2943 1154 3033 legioni·

98 3041 154 3106 hus
171 3060 325 3131 quatuor,
348 3043 495 3132 peditum
513 3067 721 3110 romanorum
741 3045 870 3134 triginta
889 3045 1006 3124 millia,
1029 3046 1154 3133 equites

97 3143 142 3208 bis
156 3145 245 3211 mille
263 3145 456 3234 quingentos
470 3143 613 3226 ducens,
628 3146 693 3225 iarn
708 3147 742 3210 in
763 3145 934 3235 Phrygiam
952 3167 1056 3232 usque
1072 3169 1151 3234 pro·

98 3260 247 3326 cesserat,
264 3266 387 3331 quum,
403 3245 546 3320 adventu
565 3245 635 3325 ejus
654 3246 803 3336 cognito,
820 3246 864 3310 M.
884 3247 998 3325 Cotta,
1019 3267 1060 3309 ne
1076 3269 1155 3312 cum

98 3343 212 3434 collega
226 3343 375 3409 debellati
390 3345 473 3436 regis
489 3344 618 3409 laudem
632 3346 902 3428 communicaret,
918 3345 959 3412 ad
973 3347 1150 3413 Chalcedo-

99 3465 164 3509 nern
179 3469 259 3509 cnm
273 3445 460 3512 Mithridate
476 3445 649 3534 confligere
661 3448 843 3512 maturavit.

135 3547 254 3612 xxvi.
278 3546 393 3633 Neque
417 3563 523 3611 tamen
548 3547 637 3634 ipse,
657 3561 695 3611 ut
711 3563 780 3612 erat
795 3547 983 3612 bellicorum
1002 3549 1149 3614 oer'tarrri·

100 3668 169 3712 num
185 3646 294 3728 rudis,
311 3645 442 3735 prodire
460 3668 574 3728 ausus,
597 3647 731 3712 Nudum
749 3647 933 3734 praelectum
951 3647 1057 3712 classis
1072 3667 1154 3712 curn·

100 3763 178 3830 parte
196 3747 355 3812 exercitus
379 3749 494 3814 emisit.
515 3748 582 3832 Qni
597 3749 673 3814 licet
688 3748 935 3814 munitissimam
955 3749 1060 3836 campi
1077 3773 1151 3838 par·

128 3977 248 4041 §mu
262 3981 325 4030 Veli
342 4008 376 4018 -
388 3981 499 4046 Polyetta.
511 3983 667 4039 tantvm,
686 3983 711 4030 3.
728 4007 763 4018 -·
780 3981 842 4030 Plut.
857 4007 890 4020 ··-
907 3979 924 4044 S
941 3982 1023 4032 m.
1039 3981 1107 4030 l’lnt.¹
1120 3981 1149 4030 in

101 4060 203 4120 mnus.
217 4081 271 4128 cap.
285 4065 324 4112 as.
342 4091 377 4100 -
397 4065 499 4114 Sueten
513 4066 540 4112 in
554 4065 614 4114 Cos
632 4080 686 4129 etp.
699 4072 755 4120 t-et
769 4073 809 4124 7⁴·
823 4091 856 4100 -—
873 4063 968 4114 Sallust.
982 4063 1044 4112 Hirr.
1055 4065 1106 4130 lli,
1120 4064 1151 4112 in

101 4153 152 4190 tut
164 4145 248 4196 mest
258 4173 294 4183 —
303 4145 356 4194 cte.
369 4161 415 4210 pro
426 4147 522 4196 Cluent.
531 4164 585 4212 cap.
598 4154 640 4208 tt).
653 4173 687 4185 -
697 4147 804 4211 Appias.
815 4145 925 4196 iiitltrlrl.
