2875 4900
189 407 194 417 ·
278 365 332 434 IN
363 365 476 434 LOC.
502 367 597 434 ΠΒ.
624 369 810 436 LXXVII
839 371 1048 442 LIVlANI.
1170 399 1190 470 7

129 489 267 554 Marium
283 485 493 551 efferentibus
509 486 543 550 in
565 487 696 572 celum5
714 487 787 552 aliis
800 487 841 554 ad
857 487 1038 561 curandum
1051 515 1188 580 corpus,

128 592 219 654 senio
245 603 279 654 et
309 587 431 651 morbis
459 589 661 670 conlectum,
686 589 776 654 Baius
802 589 957 654 facessere
979 589 1186 668 jubentibus:

128 713 202 755 uam
218 691 251 754 in
268 687 443 754 Misenensi
459 687 567 754 villam
585 691 622 754 C.
640 689 762 754 Marius
777 705 949 778 posuerat,
964 713 1063 777 quam
1077 709 1187 778 postea

127 791 162 856 L.
181 790 337 856 Lucullus
361 789 483 854 candes
499 790 646 856 sestertio
669 790 759 855 emit.
784 788 850 854 Sed
870 791 1011 873 Marius,
1030 806 1068 856 ut
1085 813 1119 854 se
1135 815 1189 856 ve·

126 909 237 980 gerum
259 911 435 979 paremque
460 889 580 954 militiae
608 891 729 956 muniis
742 889 961 972 ostenderet,
983 891 1129 978 quotidie
1154 892 1187 958 in

125 1015 241 1080 campo
256 992 342 1056 inter
355 991 490 1072 juvenes
504 991 731 1058 exercebatur:
748 991 975 1059 miserentibus
987 993 1115 1076 multis,
1131 993 1188 1081 qui

124 1093 378 1181 perspiciebant,
400 1115 498 1180 quarn
517 1093 614 1164 inane
631 1093 676 1158 ob
694 1094 881 1180 premium,
893 1093 944 1156 rir
960 1093 1003 1157 ab
1021 1094 1086 1158 ima
1101 1109 1188 1160 sorte

123 1193 163 1258 ad
178 1217 341 1260 summurn
352 1210 542 1282 provectus,
555 1209 630 1282 post
643 1194 917 1282 septuagesimum
934 1193 1034 1258 etatis
1045 1217 1186 1276 aunum,

123 1297 265 1360 inbnbile
283 1311 419 1384 propter
438 1296 583 1360 carnium
608 1294 729 1360 molem
750 1317 869 1381 corpus
885 1294 984 1379 (nant
1003 1294 1038 1356 in
1056 1311 1185 1362 senecta
1255 1339 1272 1361 a
1376 1357 1380 1365 .

122 1397 242 1462 obesus
260 1395 423 1482 ermmt)
439 1411 472 1460 et
489 1399 590 1462 fracta
606 1395 771 1463 laboribus
784 1395 930 1460 membra
943 1395 1098 1483 fatigaret,

164 1499 271 1562 xvir.
294 1496 357 1562 Sed
375 1497 474 1585 magis
494 1495 629 1562 ridicula
648 1511 735 1575 erat,
757 1517 856 1581 quam
870 1495 1102 1583 cupiditatibus
1116 1499 1184 1562 suis

120 1595 339 1677 obtendebat,
357 1618 452 1660 muse
467 1619 476 1662 t
492 1618 596 1683 qunrn
617 1595 692 1660 ideo
714 1617 750 1658 se
772 1596 994 1683 concupivisse
1011 1597 1184 1683 imperium

120 1695 242 1762 diceret
252 1745 263 1778 ,
274 1713 314 1760 ut
329 1695 430 1760 lilium
445 1696 682 1764 adolescentem
696 1696 867 1762 artesbelli
877 1698 946 1784 ipse
955 1720 1095 1784 praeseus
1105 1698 1184 1764 edo·

119 1815 216 1864 «reret.
230 1799 322 1862 luter
333 1797 418 1880 hec,
428 1819 532 1886 quum
543 1799 686 1879 occisos,
698 1819 781 1885 quos
793 1796 835 1863 ad
846 1799 1024 1862 exercitum
1036 1800 1182 1880 miserat,

120 1900 287 1980 tribunos,
305 1897 491 1985 Sullamque
508 1921 584 1964 cunr
605 1921 660 1964 sex
680 1898 864 1986 legionibus
877 1899 988 1962 venire
1001 1899 1043 1964 ad
1059 1901 1181 1980 Urbem

118 2000 343 2087 comperisset,
354 1999 422 2086 ipse
431 1999 571 2064 vicissim
585 1998 745 2088 quosdam
755 2000 935 2064 amicornm
945 2000 1042 2064 Sullae
1048 2001 1182 2082 cendit,

120 2098 271 2186 bonaque
290 2121 448 2168 caesorum
466 2098 611 2187 diripuit.
634 2101 750 2187 ltaque
770 2100 959 2167 miserabilis
978 2101 1103 2172 romani
1124 2123 1183 2187 po-
1300 2155 1311 2179 ,

118 2201 183 2286 puli
201 2199 350 2264 conditio
365 2215 450 2281 erat,
466 2201 558 2280 cnjus
575 2201 757 2289 principes,
774 2224 934 2289 nusquam
954 2217 1041 2266 certa
1057 2222 1114 2287 spe
1131 2225 1181 2264 sa·

118 2300 211 2382 lutis,
227 2316 285 2364 aut
296 2301 363 2366 ulla
378 2301 560 2366 concordie
573 2300 654 2381 fide,
672 2302 726 2369 alii
739 2325 780 2374 ert
795 2302 884 2367 Urbe
894 2303 929 2365 in
943 2316 1062 2376 castra,
1075 2301 1128 2364 ulii
1140 2324 1180 2364 ex

118 2402 227 2468 carnis
239 2403 275 2465 in
283 2401 406 2467 Urbem
417 2403 667 2492 confugiebant:
681 2421 754 2469 ntor
764 2450 774 2484 ,
783 2418 918 2491 excepto
927 2419 1087 2489 questore
1095 2423 1180 2485 uno,

116 2506 222 2569 ceteri
233 2504 357 2573 tribuni
369 2504 577 2592 praefectique
588 2505 678 2592 signa
688 2506 797 2591 patriae
807 2503 973 2569 inferenda
982 2504 1178 2584 abominati,

115 2606 252 2669 Romam
264 2628 301 2669 se
315 2622 512 2693 receperant.
527 2606 649 2669 Contra
664 2603 705 2667 ab
723 2604 781 2684 iis,
798 2604 858 2691 qui
875 2604 941 2667 rim
959 2604 1052 2669 Marii
1069 2604 1177 2690 Sulpi·

115 2706 223 2793 ciique
239 2706 442 2771 insolentum
460 2705 665 2785 metuebant,
684 2704 718 2768 in
731 2720 833 2775 emus
844 2704 958 2784 Sullae,
970 2719 1124 2789 tanquam
1135 2701 1177 2765 ad

114 2809 258 2893 asylum,
273 2807 537 2872 concurrebatur.
1203 2794 1206 2798 7

156 2907 280 2971 XVlll.
293 2910 343 2990 lu
358 2906 445 2971 Urbe
461 2922 591 2971 senatus
607 2926 673 2969 succ
689 2893 856 2991 potcstatis
872 2926 940 2967 ucn
956 2918 1040 2983 erat,
1060 2901 1117 2965 sed
1136 2903 1176 2965 ad

115 3024 233 3071 nutum
246 3024 459 3095 tyrannorum
473 3006 762 3094 circumagebatur.
777 3006 834 3069 His
847 3002 1045 3081 volentibus,
1058 3025 1097 3065 err
1108 3024 1177 3065 ma-

114 3107 299 3193 gistratibns
317 3108 387 3187 ejus
408 3108 486 3173 anni
503 3107 587 3173 duos
602 3107 643 3171 ad
664 3108 700 3171 L.
720 3107 841 3171 Sullam
864 3104 969 3181 misit,
987 3105 1124 3167 brutum
1145 3120 1178 3167 et

113 3208 283 3271 Servilium
296 3225 457 3297 praetores.
474 3210 520 3291 li,
532 3230 635 3295 quum
647 3209 689 3273 ad
700 3208 877 3273 exercitum
887 3205 1067 3287 venissent,
1080 3205 1176 3292 paulo

113 3308 290 3373 animosius
307 3311 435 3397 loquuti
452 3312 487 3374 in
503 3326 682 3374 extremum
706 3309 881 3373 discrimen
899 3307 1100 3387 inciderunt,
1120 3323 1175 3387 ut,

114 3410 284 3473 confractis
297 3410 452 3493 fascibus,
463 3410 687 3498 praeteritisque
701 3410 857 3497 dereptis,
865 3409 918 3473 rix
926 3425 1176 3497 etaegrecorpus

114 3508 276 3575 incolume
289 3511 448 3577 referrent
461 3513 496 3577 in
514 3511 657 3592 Urbem,
673 3512 746 3599 ipso
759 3510 932 3599 adspectu,
942 3532 1101 3596 quorsum
1109 3509 1175 3589 jam

113 3610 278 3677 seditionis
304 3612 396 3677 iuror
418 3614 587 3691 evasisse,
607 3609 780 3677 ostensuri.
804 3611 943 3689 Marius,
962 3610 1173 3696 quantumin

114 3710 164 3774 tali
177 3712 393 3801 trepidatione
408 3728 534 3802 potest,
552 3712 593 3777 ad
614 3711 836 3777 defensionem
851 3734 885 3774 se
898 3726 1073 3797 comparat.
1089 3709 1176 3772 Sulla

113 3812 242 3898 triginta
254 3813 402 3900 peditum
413 3862 422 3895 ,
439 3815 584 3902 quinque
594 3813 741 3900 equiturn
755 3812 852 3875 millia
866 3810 1047 3890 adducens,
1059 3807 1101 3872 ad
1113 3808 1175 3871 Ur·

21 4030 22 4095 r
145 4024 244 4089 sxvr.
258 4028 321 4075 rrrn.
338 4030 441 4088 xvrrr,
454 4032 478 4077 s.
490 4058 525 4067 -
539 4030 661 4079 numen.
673 4058 708 4069 -
721 4030 785 4079 reu.
794 4032 834 4087 rr,
847 4032 886 4077 rs.
900 4054 934 4064 -
945 4025 963 4088 ς
974 4024 1054 4072 xvrr.
1065 4018 1175 4083 appan.

21 4126 22 4135 ι
112 4135 143 4144 -
156 4108 277 4158 l‘lutsrch.
288 4110 315 4158 in
327 4110 402 4159 solla.
