2875 4900
229 362 279 431 IN
309 361 423 429 Lot.
451 359 546 426 LIB.
573 357 724 426 XCVII
756 357 972 426 LIVIANI.
1068 353 1138 426 323

126 480 254 545 XLVIII.
272 480 343 545 Nec
359 479 486 567 eripere
501 477 679 567 oppidum,
697 477 773 542 licet
791 499 917 544 summa
934 501 997 568 ope
1015 479 1140 544 annite-

92 597 177 664 retur,
190 583 338 647 Lucullus
350 595 480 670 poterat
489 605 498 663 3
507 579 655 668 jussique
664 579 775 668 ignem
789 580 991 670 restinguere
1005 581 1138 662 milites,

92 684 189 748 minaci
208 707 282 748 cum
300 684 443 748 clamore
466 703 556 745 amna
575 680 784 770 quatiebant,
805 680 911 745 donec
934 681 1088 745 exercitui
1106 705 1140 745 se

90 783 209 870 praedam
228 783 407 849 concedere
425 781 542 864 edixit,
562 781 664 846 modo
682 781 725 846 ab
740 781 892 846 incendio
914 781 1047 848 aedificia
1062 805 1139 872 pro-

90 901 253 973 tegerentur
271 909 280 951 :
301 884 360 950 sed
376 885 523 949 intentus
544 883 665 974 rapinis
683 883 776 947 miles
793 884 884 949 auxit
901 885 1018 974 magis,
1041 907 1139 972 quam

90 987 216 1052 retinxit
233 988 360 1078 ignem,
377 1009 483 1074 quum
503 987 616 1068 multi,
631 985 798 1074 quoslibet
818 987 954 1076 angulos
969 1009 1045 1052 cum
1061 988 1141 1050 lirci-

89 1086 139 1150 bus
155 1088 400 1176 perscrutando,
420 1090 509 1153 ultro
532 1087 770 1153 succenderent
785 1087 886 1170 tedes,
905 1091 1139 1179 ingentemque

89 1187 115 1250 in
128 1189 201 1253 urbe
218 1191 316 1278 paulo
335 1205 411 1254 ante
430 1189 695 1279 frequentissima
713 1191 896 1255 vastitatem
913 1191 1067 1257 facerent.
1084 1191 1140 1256 ld·
1202 1193 1205 1210 '

89 1289 159 1354 circo
174 1291 326 1379 postridie
343 1291 508 1381 ingressus
522 1292 639 1356 urbem
649 1293 823 1374 Lucullus,
838 1315 908 1356 non
920 1294 1026 1358 tenuit
1038 1295 1142 1381 lacry-

88 1413 159 1474 mas,
172 1392 316 1484 dixitque
327 1395 455 1476 amicis,
467 1417 549 1482 soepe
558 1391 801 1481 salifortrmem
811 1393 911 1460 Sutlae
922 1394 1141 1458 admirabilem

87 1493 192 1576 uisam,
216 1519 251 1559 eo
277 1497 420 1559 maxime
427 1545 438 1578 ,
466 1495 555 1584 quod
574 1495 718 1559 Athenas
740 1519 881 1576 servare,
903 1520 1002 1585 quum
1024 1497 1139 1576 vellet,

82 1599 200 1680 potuerit
206 1621 220 1677 ,·
244 1621 404 1688 separent
425 1598 567 1684 gloriam
590 1619 708 1684 magno
730 1597 835 1660 studio
857 1612 1071 1686 expetentem,
1097 1597 1145 1662 ad

88 1693 118 1757 L.
138 1697 281 1763 Mummi
303 1712 417 1764 sortem
441 1699 590 1779 detrudi,
619 1714 656 1763 ut
679 1721 798 1762 eversor
814 1701 925 1788 potius
950 1721 1142 1787 neagrramem

87 1797 208 1879 urbium,
225 1825 322 1890 quem
337 1817 477 1866 servator
486 1799 690 1889 proede'cetur.

121 1901 228 1974 XLIII.
244 1907 335 1968 Bona
351 1917 460 1967 tamen
479 1925 553 1991 pars
571 1902 662 1966 urbis
682 1887 793 1990 erepta
809 1899 946 1966 llammis
964 1919 1013 1966 eet
1024 1903 1142 1992 pluviae

86 1999 287 2087 miseratione,
305 2029 378 2093 quae
400 2019 604 2094 opportune,
620 2005 712 2068 velut
733 2028 772 2068 ex
795 2005 958 2087 machina,
975 2006 1136 2094 prorupit.

86 2098 292 2186 EtLucullus,
311 2105 502 2193 priusquam
521 2105 599 2169 inde
613 2105 811 2189 discederet,
828 2130 961 2196 operam
979 2107 1086 2189 dedit,
1101 2125 1140 2171 ut

85 2201 218 2292 pleraque
231 2223 387 2293 corrupta
401 2206 668 2288 restituerentur3
684 2206 858 2296 edictoque
875 2209 1004 2297 collegit
1018 2210 1142 2274 Amise-

86 2322 150 2385 nos,
172 2307 225 2394 qui
247 2332 266 2370 c
288 2307 393 2396 patria
414 2308 645 2396 profugerant,
668 2309 827 2395 novisque
852 2309 976 2372 colonis
1008 2312 1137 2400 graecis,

85 2406 187 2489 quibus
202 2409 247 2474 ibi
269 2410 417 2475 habitare
433 2409 596 2498 placebat,
613 2425 744 2491 auctos,
760 2431 838 2499 agro
861 2409 1050 2498 quindecim
1066 2414 1139 2477 mil-

84 2503 150 2571 lium
171 2534 324 2598 passuum
342 2512 418 2576 urbi
437 2510 570 2592 adjeeto·
582 2511 811 2598 locupletavit,
829 2511 1051 2578 Alexandrum
1067 2516 1140 2579 imi·

85 2609 133 2670 tari
151 2608 302 2695 studens,
326 2613 383 2701 qui
405 2612 551 2677 eamdem
574 2612 709 2694 urbem,
730 2634 836 2699 quum
855 2615 988 2703 persicis
1007 2616 1138 2705 regibus

84 2728 231 2793 parentem
243 2716 441 2795 invenisset,
453 2714 654 2779 liberaverat.
669 2715 818 2777 Amisum
830 2716 1046 2781 Athenienses
1061 2741 1139 2781 con·

86 2807 233 2899 didemnt,
250 2839 320 2905 quo
336 2832 483 2905 tempore
502 2815 657 2880 classibus
676 2814 790 2897 validi,
808 2838 875 2881 non
897 2819 1045 2905 proxima
1065 2834 1138 2881 tan·

86 2922 157 2994 tum,
170 2916 225 2981 sed
245 2935 280 2984 et
300 2918 368 2997 jam
389 2918 518 3008 longius
537 2917 597 2984 sita
618 2918 717 2981 maria
737 2918 1017 3006 pervagabantur:
1033 2942 1138 3008 coque

86 3032 173 3101 nuper
192 3020 308 3100 multi,
330 3035 369 3083 ut
390 3017 597 3109 tyrannidem
613 3018 784 3081 Aristionis
806 3017 973 3107 lugerent,
996 3021 1137 3085 velutin

86 3113 161 3181 aliam
176 3121 313 3207 patriam
332 3136 579 3202 concesserant3
596 3119 717 3208 ignari,
734 3116 850 3182 eodem
870 3142 1020 3207 quoque,
1039 3144 1137 3209 quam

87 3220 270 3304 metuebant,
288 3221 366 3285 belli
379 3236 609 3308 perventuram
624 3234 850 3307 tempestatem
866 3242 945 3287 esse.

118 3319 149 3383 L.
160 3322 221 3386 Sed
236 3324 311 3387 illos
322 3322 477 3387 Lucullus
489 3322 626 3386 honeste
638 3321 788 3403 vestitos,
804 3320 940 3386 ducenis
955 3322 1137 3391 distributIs

85 3414 222 3507 denariis,
237 3426 273 3489 in
289 3425 426 3516 patriam
442 3424 576 3488 remisit.
593 3424 690 3488 Tunc
705 3424 802 3487 etiam
820 3423 905 3487 inter
922 3426 1066 3514 captivos
1076 3429 1140 3517 Ty·

84 3525 183 3589 annio
196 3528 274 3611 brit,
293 3526 495 3592 celeberrimi
508 3525 650 3590 nominis
667 3526 915 3615 grammaticus:
931 3550 1007 3592 eum
1017 3529 1138 3595 Lucul-

85 3616 125 3683 lus
140 3630 247 3715 gentili
259 3653 323 3695 suo
338 3630 508 3710 Muraenae,
522 3628 686 3716 praecipuo
700 3626 880 3715 legatorum
888 3675 896 3709 ,
913 3646 1045 3719 rogatus
1057 3654 1138 3695 con-

84 3727 173 3792 cessit.
186 3731 244 3794 Ille
264 3731 463 3820 magnanimi
484 3729 744 3815 doctissimique,
762 3744 795 3793 et
814 3729 859 3793 ob
879 3730 943 3793 hoc
964 3730 1138 3797 doctorum

86 3826 205 3894 sudiosi
228 3833 454 3923 imperatoris,
480 3855 617 3897 munere
641 3855 799 3921 perquam
823 3832 1020 3898 illiberaliter
1042 3857 1138 3916 usus,

85 3934 255 3999 manumisit
272 3935 460 4017 hominem,
475 3950 514 3999 ut
529 3935 570 4000 ab
588 3957 629 3999 eo
649 3932 838 4015 commoda,
852 3956 924 4021 quae
940 3935 1086 4021 patronis
1100 3935 1141 3998 li-

112 4125 126 4191 s
137 4130 226 4183 nux.
241 4135 371 4183 Memnon.
382 4161 415 4171 -
426 4132 491 4183 Plut.
501 4160 536 4170 -
548 4133 656 4197 Appiae.
670 4160 704 4169 -
713 4132 806 4181 Meum.
819 4130 849 4178 de
863 4134 930 4189 l'ov.
942 4130 1032 4180 Athen.
1044 4149 1066 4179 e.
1079 4135 1104 4183 6,
1125 4136 1127 4143 ’

902 4252 921 4295 2
932 4250 940 4294 l
957 4281 964 4298 .
