2875 4900
221 368 226 382 ’
285 422 338 492 m
369 410 480 490 to'c.
507 423 598 490 mn.
625 422 711 489 civ
742 426 954 495 mvmm.
1085 426 1154 497 515

105 535 313 621 descendunt,
332 542 524 605 Decumates
541 564 635 629 agros
653 542 750 607 fuisse
763 544 922 634 intelligo,
935 548 1041 612 sinum
1054 550 1155 637 impe·

104 642 138 703 rii
150 658 181 705 et
193 642 342 704 Rbaetieae
356 642 529 729 provinciae
543 660 678 730 partem.

141 744 196 807 IX.
218 744 310 807 Ultra
331 742 392 806 bos
413 743 498 807 Catti
520 759 698 809 tenuerunt
715 745 753 809 iis
772 746 908 829 finibus,
928 751 1048 837 quibus
1067 776 1155 817 nunc

103 844 254 933 Thuringi
272 858 366 924 sunt,
385 843 561 932 Hassiquc,
580 844 668 908 etad
686 846 839 910 Rhenum
857 847 992 913 fluvium
1008 867 1155 939 porrecta

103 944 358 1031 Westpbalorum
376 943 494 1031 portio.
509 946 633 1009 Eorum
647 968 721 1033 pars
737 947 897 1031 Mattiaci,
911 970 1012 1037 quum
1027 952 1156 1016 Tacitus

102 1045 267 1127 scriberet,
282 1044 437 1108 Romanis
445 1044 585 1126 subditi,
595 1044 719 1109 dictum
732 1048 773 1111 ab
785 1048 906 1136 oppido
917 1050 1032 1115 Mattio
1043 1074 1156 1141 agrurn

103 1145 287 1225 coluerunt3
305 1146 398 1224 cujus
417 1143 529 1232 oppidi
553 1168 674 1211 nomen
696 1147 804 1212 adhuc
826 1166 858 1213 et
879 1152 1010 1241 vestigia
1032 1175 1156 1218 servare

103 1247 202 1310 tenuis
216 1245 257 1310 ad
274 1245 437 1312 Adranam
454 1247 545 1309 vicus
568 1245 713 1311 traditur.
735 1249 773 1313 In
795 1271 909 1315 eorum
935 1275 1012 1341 agro
1029 1254 1155 1319 calidis-

103 1346 168 1410 simi
186 1348 293 1411 fontes
308 1347 512 1427 visebantur,
530 1369 614 1434 quos
629 1348 728 1412 hodie
745 1352 879 1427 frustra,
897 1354 958 1417 nisi
983 1354 1069 1443 apud
1083 1356 1158 1421 Vis·

102 1444 250 1511 badenses
264 1463 378 1510 contra
390 1447 595 1535 Moguntiam
608 1450 703 1530 sitos,
718 1452 874 1538 requiras.
887 1454 1001 1542 Neque
1012 1478 1156 1540 moveor,

103 1547 185 1633 quod
206 1547 293 1637 apud
317 1548 527 1613 Ptolemaeum
553 1550 697 1613 Mattiaci
719 1566 752 1614 et
772 1550 973 1642 Mogontiaci
997 1555 1038 1619 ad
1061 1558 1158 1621 millia

103 1671 246 1733 passuum
268 1664 401 1714 centum
423 1651 626 1739 septuaginta
641 1648 783 1739 disjungi
803 1652 965 1718 videntur.
984 1656 1052 1719 Nec
1070 1658 1157 1721 enirn

102 1750 243 1837 ignotum
259 1765 326 1830 est,
343 1773 385 1813 ne
398 1751 521 1815 auctori
542 1752 670 1839 culpam
690 1752 908 1840 imputemus,
927 1776 1023 1841 quam
1041 1758 1158 1844 procli·
1180 1776 1183 1783 ⁴

102 1851 144 1914 vis
165 1854 205 1916 sit
221 1853 257 1917 in
277 1853 363 1916 notis
383 1871 618 1933 numerorum,
638 1868 735 1939 atque
751 1852 786 1915 in
801 1854 887 1919 iliius
904 1856 1064 1944 praecipue
1079 1858 1158 1923 scri·
1184 1932 1186 1937 Ι

103 1952 197 2035 ptoris
210 1974 310 2040 opere
323 1951 475 2038 frequens
488 1952 694 2017 librariorum
708 1953 876 2019 aberratio.

142 2054 180 2117 X.
205 2055 316 2118 Cattos
329 2054 459 2140 penitus
474 2054 572 2118 fuisse
584 2054 725 2135 deletos,
738 2056 954 2142 quorumdam
968 2058 1079 2145 opinio
1093 2075 1157 2125 est:

103 2153 175 2217 mibi
190 2155 298 2219 verius
315 2153 463 2234 videtur,
479 2144 704 2220 Hassos'nunc
717 2178 805 2238 esse,
821 2159 879 2245 qui
895 2158 971 2223 oiim
986 2160 1070 2223 Catti
1089 2161 1160 2223 fue·

103 2272 193 2337 runt3
208 2279 317 2343 neque
329 2254 418 2320 alind
429 2278 568 2337 nomen,
582 2256 639 2319 sed
653 2257 881 2323 tantummodo
894 2261 1159 2347 pronuntiatione

101 2350 270 2436 differens,
290 2378 358 2419 non
382 2355 492 2435 aliter,
510 2378 608 2443 quam
631 2372 664 2421 et
685 2358 745 2421 alia
767 2358 868 2421 multa
892 2360 1067 2442 vocabula,
1087 2384 1159 2450 quas
1229 2400 1236 2415 ·

101 2455 182 2541 apud
196 2457 342 2536 ejusdem
357 2459 460 2546 gentis
476 2459 581 2521 var-ios
597 2460 735 2545 popuios
753 2460 845 2524 aliter
860 2475 957 2547 atque
973 2463 1064 2526 aliter
1081 2466 1160 2528 effe·

103 2574 221 2624 nrntur.
245 2560 315 2623 Sub
338 2561 438 2624 Cattis
457 2559 586 2646 Usipios
610 2561 851 2647 Tencterosque
871 2561 912 2624 ad
936 2562 1089 2628 Rhenum
1114 2565 1161 2629 lo-

100 2681 170 2724 cans
184 2663 334 2742 Tacitus,
351 2661 440 2725 baud
461 2660 561 2724 dubie
582 2677 719 2728 tractum
737 2661 798 2725 ibis
816 2663 972 2750 assignat,
992 2665 1049 2727 ubi
1068 2689 1158 2730 nunc

102 2759 208 2826 Franci
223 2764 355 2844 colunt,
372 2762 413 2826 ad
436 2763 539 2826 Salam
555 2762 768 2848 Moeuumque
789 2761 939 2842 huminem
952 2764 1038 2828 inter
1051 2765 1157 2830 Bobe-

103 2881 165 2925 mos
180 2865 385 2950 Noricosque
398 2879 431 2926 et
441 2863 609 2944 Rhenum,
624 2885 642 2925 a
654 2861 787 2927 meridie
802 2862 948 2928 Sueviam
960 2880 1157 2951 spectantes,

101 2961 138 3023 ab
151 2965 305 3050 aquilone
320 2963 553 3051 Thuringiam:
572 2962 630 3027 sed
645 2978 678 3026 et
693 2963 890 3026 Clivensinm
912 2962 989 3026 fines
1013 2965 1156 3028 tenuisse

102 3059 267 3146 videntur3
285 3080 319 3129 et
336 3087 409 3151 quae
423 3062 466 3128 ad
482 3064 634 3128 Rhenum
647 3063 724 3127 inde
743 3063 813 3126 loca
833 3085 944 3128 versus
963 3066 1156 3130 Francofor·

102 3159 182 3228 diam
197 3188 304 3253 usque
318 3165 498 3253 pertinent,
515 3165 693 3228 Hassorum
706 3163 804 3226 hodie
819 3162 909 3228 ditio.
928 3156 937 3172 ⁸

139 3265 196 3330 xl.
209 3268 305 3330 Juxta
314 3266 489 3330 Tencteros
498 3263 644 3328 Bructeri
654 3263 883 3344 occurrebant,
897 3287 1036 3351 quorum
1047 3289 1161 3356 agrum

102 3362 179 3428 inter
199 3367 357 3432 Amisiam
379 3365 604 3453 Luppiamque
623 3385 735 3428 amnes
756 3387 774 3426 a
793 3363 985 3428 Germanico
1000 3383 1159 3431 vastatum

103 3464 225 3531 Tacitus
240 3467 362 3532 retulit.
379 3467 422 3530 Hi
436 3482 507 3530 tum
518 3465 624 3528 ultimi
638 3467 868 3528 Bructerorum
883 3482 995 3528 erant:
1013 3489 1085 3552 pars
1100 3467 1160 3530 alia

103 3564 158 3630 iate
178 3585 278 3633 terras
299 3569 384 3632 inter
404 3568 527 3647 Salam,
550 3565 757 3653 Westpbaliae
782 3563 933 3647 fluvium,
956 3589 992 3628 ae
1007 3567 1160 3632 Rhenum

101 3663 287 3756 interceptas
306 3667 500 3756 possidebat.
520 3669 569 3730 Ita
587 3666 772 3730 anacensis
792 3668 1024 3755 bergensisquc
1048 3685 1081 3732 et
1096 3670 1160 3733 Cli·

100 3771 198 3834 rensis
213 3769 379 3834 ditionum
399 3784 525 3856 partes,
544 3767 798 3854 comitatumque
813 3769 1023 3850 Murranum,
1039 3787 1070 3834 et
1085 3771 1163 3857 Lip-

100 3890 226 3954 pensem
235 3921 245 3952 ,
254 3894 361 3958 usque
371 3871 405 3934 in
415 3870 647 3957 Westpbaliam
657 3893 676 3932 a
685 3869 846 3933 Bructeris
856 3871 1033 3934 habitatum
1045 3872 1159 3952 fuisse,

99 3991 162 4034 nou
184 3972 326 4037 absurda
346 3971 459 4059 opinio
475 3987 534 4037 est.
551 3973 595 4036 At
618 3970 777 4034 Ubiorum
799 3969 890 4032 sedes
911 3971 1045 4034 Colonia
1066 3996 1160 4034 mon·

99 4086 188 4153 strat,
206 4091 333 4142 certum
347 4074 536 4160 clarumque
548 4088 809 4139 monumentum.
824 4073 872 4136 Ab
889 4072 939 4134 his
948 4073 1038 4151 juxta
1057 4075 1162 4138 Rheni

925 4185 987 4254 33.
