2875 4900
244 331 297 400 in
327 332 441 400 noe.
468 333 564 400 nin.
593 331 743 400 xcvii
771 333 989 406 mvlnru.
1085 333 1155 430 309

107 448 249 514 incedenti
262 473 320 538 per
334 451 511 514 Lucaniam
527 453 644 515 Crasso
660 473 833 516 occurrere
850 469 1014 540 cogerent.
1038 455 1154 542 Neque

105 572 217 637 prorsus
230 551 357 616 carebat
370 552 498 616 ratione
515 551 706 633 consilium,
723 551 800 638 quia
815 552 954 616 instante
968 553 1033 632 jam
1053 553 1151 618 Pom·

106 650 178 736 peio,
192 652 418 716 cunctantibus
441 653 530 716 nulla
554 675 628 741 spes
648 651 780 742 effugii,
797 675 915 742 pugnos
933 676 1066 741 quoque
1082 679 1155 719 sors

105 748 200 814 durior
212 752 454 817 ostendebatur.
467 752 532 818 Sed
545 754 735 842 Spartacus,
745 751 989 818 conditionibus
1003 757 1150 840 tentatis,

103 867 129 913 et
140 869 320 940 aspernante
337 856 469 936 Crasso,
491 853 701 920 Brundisium
722 855 868 942 petebat3
884 878 989 942 quum
1013 878 1149 922 suorum

103 953 276 1020 clamoribus
291 956 416 1037 metris,
431 956 467 1020 in
482 955 660 1020 Lucaniam
682 955 795 1020 referri
819 957 911 1045 signa
927 958 1039 1039 jussit,
1061 975 1095 1023 et
1110 959 1150 1024 ad

101 1070 181 1141 ceput
193 1055 283 1120 Silari
296 1057 401 1123 amnis
418 1073 522 1122 castra
537 1071 677 1122 metatus
692 1071 751 1122 est.

135 1159 171 1220 X.
192 1157 272 1222 Nam
298 1159 340 1224 ad
362 1159 572 1226 Brundisium
599 1157 853 1224 contendentem
875 1160 960 1224 sama
985 1162 1111 1250 appulsi
1132 1185 1150 1226 e

99 1255 212 1322 lbracia
228 1261 357 1326 Luculli
371 1261 563 1350 perculerat.
582 1259 708 1325 Idcirco
722 1261 874 1340 Crassus,
895 1261 1028 1350 cognito
1044 1262 1148 1328 hostia

98 1356 238 1443 adventu,
252 1363 336 1426 nibil
349 1379 515 1443 moratus,
528 1378 631 1426 (astra
651 1360 763 1425 castris
780 1361 934 1442 contulit,
952 1377 985 1425 et
1001 1384 1069 1448 quo
1086 1385 1150 1426 rna·

99 1458 136 1543 gis
148 1459 185 1524 ad
200 1485 344 1552 pugnarn
364 1464 503 1528 irritaret
520 1464 644 1527 feroces
665 1461 809 1542 animos,
830 1461 1070 1528 circumvallare
1086 1464 1148 1528 bo-

97 1574 164 1623 stem
180 1585 272 1628 orsns
292 1580 351 1630 est.
375 1567 425 1630 lta
442 1563 694 1652 prohibentibus
722 1583 806 1650 opus
831 1561 997 1650 fugitivis,
1021 1585 1147 1652 quum,

97 1660 167 1724 inter
184 1687 304 1754 paucos
327 1682 402 1732 orto
425 1667 623 1746 certamine,
648 1662 839 1730 vicissitudo
865 1663 1006 1728 victoriae
1036 1666 1146 1753 plures

95 1763 215 1830 subinde
229 1769 393 1850 alliceret,
406 1768 596 1858 Spartacus,
613 1767 765 1831 universo
789 1765 932 1830 exercitu
954 1763 1094 1846 educto,
1115 1782 1148 1832 et

95 1867 240 1952 equitatu,
255 1871 315 1960 qui
327 1893 433 1959 nuper
444 1869 485 1936 ad
498 1891 574 1935 eum
588 1882 780 1948 accesserat,
802 1867 835 1930 in
849 1866 1004 1932 cornibus
1017 1867 1143 1948 locato,

94 1963 149 2050 ipse
160 1969 241 2034 inter
255 1969 382 2059 pedites
399 1972 504 2053 stetit,
522 1970 655 2057 acieque
673 1983 815 2049 suucta,
834 1991 956 2055 equum
973 1967 1143 2032 admotum

94 2086 140 2130 sua
153 2091 247 2136 manu
258 2071 425 2156 confodit,
443 2071 612 2162 siquidem
627 2075 731 2136 vtem
742 2085 838 2149 essa,
855 2066 1064 2156 recumbite
1075 2086 1149 2136 uste·
1260 2112 1264 2120 ·
1367 2091 1371 2102 ¹

92 2189 148 2232 mm
159 2195 193 2235 eo
203 2171 336 2257 dicens;
353 2178 503 2240 ot'ctorem
513 2173 627 2239 mutos
637 2173 839 2251 talearum,
853 2184 884 2234 ot
896 2171 1002 2234 bonos.
1026 2233 1031 2244 ,
1056 2213 1060 2222 -

126 2271 178 2338 xl.
200 2276 315 2367 Pugna
328 2277 390 2340 fuit
402 2276 613 2342 vehementer
630 2294 768 2361 anceps,
784 2271 889 2337 donec
905 2272 1076 2359 Spartacus
1088 2293 1144 2336 su-

92 2373 213 2459 perfuit,
232 2401 300 2467 qua
319 2377 403 2442 forte
419 2399 594 2442 romanum
611 2375 841 2464 imperatorem
854 2395 948 2464 agere
964 2394 1142 2463 conspexe-

92 2488 145 2555 fflt,
159 2480 240 2543 riam
260 2481 349 2545 ferro
362 2481 526 2545 muniens.
546 2478 611 2544 Sed
631 2494 861 2566 posteaquam
882 2475 1013 2541 duobus
1025 2492 1142 2541 centu-

91 2572 242 2661 tionibus,
267 2581 326 2668 qui
348 2602 409 2670 pro
432 2583 550 2647 Crasso
573 2577 847 2668 propugnabant,
875 2577 1013 2667 impigre
1033 2580 1142 2659 caesis,

91 2694 240 2759 penetrare
257 2676 302 2745 ad
319 2682 412 2746 illum
432 2682 597 2769 nequivit,
618 2681 831 2767 sauciumque
852 2681 959 2745 lemur
978 2679 1142 2745 submisso

90 2796 162 2860 genu
175 2781 332 2864 fulciens,
348 2804 512 2847 concursu
526 2781 672 2849 hostium
693 2796 743 2845 est
754 2779 965 2860 interiectus3
986 2780 1141 2868 fugitivo-

89 2897 151 2941 rum
162 2883 299 2948 turbatis
312 2900 402 2949 metu
413 2882 584 2949 ordinibus
595 2866 610 2965 ,⁸
618 2882 701 2947 nibil
709 2896 841 2969 postea,
857 2880 919 2945 nisi
931 2878 1052 2959 cades,
1066 2880 1138 2945 fuit.

90 2976 297 3075 Quadraginta
319 2985 419 3050 millia
441 3006 481 3049 eo
504 2985 615 3072 praelio
635 3004 715 3047 cusa
737 2996 825 3045 sunt.
848 2980 995 3043 Victores
1015 2979 1142 3045 circiter

88 3081 162 3147 mille
180 3085 391 3151 ceciderunt:
408 3108 470 3175 pro
490 3084 621 3150 histria
644 3082 765 3147 civium
788 3101 1001 3145 romanorum
1021 3079 1139 3162 millia,

88 3183 134 3267 qui
151 3186 183 3249 in
200 3188 340 3253 vinculis
357 3186 445 3278 apud
462 3188 652 3276 Spartacum
669 3184 816 3263 fuerant,
835 3196 974 3269 recepta.
995 3179 1141 3249 Cadaver

87 3281 213 3370 Spartaci
225 3312 295 3355 nou
308 3291 418 3379 potuit
429 3288 573 3377 reperiri.

122 3387 190 3456 xlt.
211 3396 254 3459 At
272 3392 330 3479 qui
345 3405 537 3481 supererant
549 3387 660 3477 praelio
672 3386 822 3477 logium,
835 3383 977 3464 diversa,
996 3384 1044 3447 uti
1057 3383 1141 3448 solet

85 3488 169 3557 rebus
189 3495 347 3582 perditis,
372 3509 567 3585 capessunt:
590 3513 733 3579 namque
756 3489 808 3553 alii
834 3486 951 3553 fiducia
973 3484 1138 3575 gnaritatis

84 3588 236 3679 locorum,
261 3598 422 3664 occultam
444 3596 557 3686 fugam
581 3592 704 3682 sparsi,
730 3590 783 3657 alii
805 3587 910 3679 globis
932 3585 1142 3673 eruptionem

84 3703 242 3764 tentavere.
255 3700 309 3765 Sic
318 3700 446 3791 agmina
458 3699 562 3763 ferme
572 3694 787 3785 quadraginta
797 3690 896 3770 lacta,
909 3710 992 3778 quos
1005 3690 1145 3753 Crassus.

111 3904 126 3969 ς
142 3909 186 3957 rx.
202 3911 274 3959 om..
292 3938 328 3949 -
345 3909 362 3976 ς
381 3914 414 3961 x.
429 3912 538 3975 Appon.
557 3936 591 3947 -
602 3889 731 3957 ‘runnu
748 3934 781 3943 -
797 3907 871 3953 oro..
881 3903 914 3959 v,
932 3903 974 3957 si.
995 3926 1029 3936 -
1048 3897 1065 3964 s
1086 3900 1136 3946 xi.

84 3985 109 4035 U·
120 3988 145 4037 C
158 3992 223 4054 08¹3
234 3996 267 4045 A.
279 3996 309 4045 C.
323 4010 366 4056 ⁷¹·
380 4022 415 4031 —
429 3992 573 4053 Ltbcuvl,
586 4008 629 4041 ar.
643 4018 679 4028 -
697 3988 806 4055 Appiam.
820 4014 855 4025 -
869 3984 922 4033 Liv.
935 3983 1005 4049 Epir.
1015 4009 1051 4020 —
1061 3982 1152 4034 θεοῦ..

84 4094 112 4107 ··
125 4072 242 4129 Plutarch.
255 4080 283 4128 in
297 4080 385 4148 Pomp.
403 4096 459 4147 cap.
476 4080 517 4129 3².
536 4104 572 4116 -
589 4077 653 4125 l‘lor.
669 4076 719 4133 lll,
737 4088 779 4123 ao.
