2875 4900
246 424 301 493 IN
331 421 443 492 LOC.
471 423 563 490 LIB.
590 423 761 491 XCVIII
791 424 1000 498 LIVIANI.
1091 427 1160 502 353

91 545 206 626 liebat,
221 559 255 608 et
268 544 354 606 inter
369 540 608 608 transeundum
622 558 719 632 rupta
731 545 831 632 glacie
845 569 939 611 crura
953 553 1164 618 convulnera-

92 647 225 711 bantur.
527 717 534 728 ,

134 747 268 813 LXXV.
277 747 393 834 Neque
406 747 559 809 exercitui
571 745 679 810 faciles
691 763 749 810 aut
760 748 828 812 dies
840 750 902 812 iter
914 750 1043 815 facienti
1054 772 1161 835 erant,

91 867 148 913 aut
160 863 276 913 noctes
291 849 326 911 in
338 847 489 917 humenti
500 849 571 911 solo
586 846 776 934 silvosisque
791 849 870 913 locis
884 851 995 914 stativa
1010 853 1161 920 habenti:

91 951 219 1038 aliquot
234 965 343 1012 tamen
366 947 434 1011 dies
452 947 593 1011 militurn
612 949 766 1035 patientia
783 950 906 1030 tenuit3
929 949 1006 1014 inde
1025 975 1084 1040 per
1104 955 1162 1018 tn'·

91 1052 201 1116 bunos
216 1052 444 1138 imperatorem
462 1048 641 1137 deprecati,
659 1071 763 1136 quum
784 1049 865 1114 nihil
881 1051 1092 1140 proficerent,
1110 1071 1162 1120 tu·

91 1152 290 1216 multuosius
311 1167 469 1239 egerunt3
487 1151 605 1212 frustra
622 1150 804 1214 obtestante
823 1153 975 1235 Lucullo,
993 1155 1076 1220 bunc
1094 1157 1160 1220 sal·

91 1269 154 1318 tem
171 1267 349 1317 extremaue
368 1251 506 1314 laborem
527 1265 698 1331 sterterent,
724 1251 823 1315 donec
849 1253 1049 1340 irfinsissrhri
1066 1257 1161 1321 hostz's

90 1369 344 1433 mmmmm,
360 1353 451 1417 velut
465 1352 602 1417 alteram
621 1353 845 1442 Carthaginem
862 1361 1049 1424 coenassent.

133 1454 284 1521 LXXVI.
301 1453 384 1517 Nam
398 1456 547 1516 Artaxata
561 1450 725 1518 condendi
742 1469 856 1519 auctor
867 1457 1031 1523 Hannibal
1041 1460 1161 1526 Poenus

91 1558 219 1639 fuerat,
241 1575 344 1644 quum
366 1553 408 1620 ad
429 1555 592 1619 Artaxiam
614 1555 846 1619 Armeniorum
870 1579 978 1646 regern
1002 1563 1161 1652 profugus
1215 1547 1217 1552 ¹

92 1659 197 1748 patria
209 1679 254 1722 se
273 1656 473 1720 contulisset.
496 1655 601 1744 Igitur
622 1678 681 1743 per
697 1655 758 1718 alia
779 1657 873 1744 juga,
892 1679 990 1744 quam
1011 1679 1160 1744 venerat,

91 1760 232 1824 reducto
245 1760 291 1823 cis
298 1759 442 1844 Taurum
454 1757 612 1838 exercitu,
626 1757 820 1820 imminente
831 1757 938 1854 hierne
948 1757 1159 1849 Mygdoniam

90 1862 246 1943 intravit,
271 1859 369 1924 fertili
400 1859 603 1939 amoenitate,
629 1857 800 1944 Nisibique
830 1857 912 1921 urbe
938 1857 1161 1944 (Antiocheam

91 1963 281 2052 Mygdonio
294 1960 397 2025 Graeci
412 1959 548 2046 vocant)
567 1959 722 2024 nobilem.

134 2064 304 2130 LXXVII.
317 2063 397 2125 Eam
409 2061 535 2126 Parthis
549 2084 652 2149 quum
665 2059 837 2158 ademisset
849 2061 1019 2151 Tigranes,
1035 2065 1163 2129 thesau-

91 2189 210 2232 rorum
229 2186 383 2244 suorum,
405 2163 608 2250 aliarumque
623 2184 753 2243 rerum,
772 2186 852 2251 quas
875 2163 1045 2255 diligenter
1060 2189 1163 2231 asser·

91 2269 161 2333 vari
182 2265 371 2356 oportebat,
392 2263 573 2328 custodiam
593 2263 728 2344 lecerat,
746 2255 836 2327 Gura
859 2265 956 2328 fratre
978 2269 1161 2354 praeposito.

90 2370 223 2436 Eodem
242 2369 348 2457 nuper'
360 2366 575 2430 Callimachus
589 2380 736 2440 venerat,
755 2364 811 2428 diu
829 2364 959 2429 defensa
976 2385 1088 2432 contra
1101 2370 1165 2434 Lu-

91 2473 221 2537 cullum
237 2471 349 2534 Amiso
365 2469 485 2533 notior.
501 2467 720 2555 oppugnabat
733 2466 848 2530 urbem
865 2468 979 2531 acriter
992 2471 1163 2555 Lucullus3

92 2573 150 2638 sed
178 2572 306 2635 munita
329 2570 451 2657 duplici
476 2590 573 2631 rouro
597 2568 736 2631 lateritio
759 2590 826 2631 non
852 2569 975 2658 vulgari
1001 2574 1162 2655 crassitie,

92 2676 250 2761 fossaque
275 2672 443 2753 altissima,
467 2692 540 2758 qum
566 2686 600 2732 et
620 2669 842 2733 machinarum
866 2672 931 2733 vim
957 2696 1106 2758 omnem,
1131 2695 1163 2741 et

93 2775 327 2838 cuniculorum
353 2770 479 2835 dolosa
498 2792 595 2833 muro
618 2768 823 2851 defenderet,
847 2774 1023 2861 expugnari
1046 2778 1163 2863 nequi-

93 2875 166 2957 bat,
192 2873 314 2955 donee,
335 2894 407 2960 quae
428 2892 538 2935 rerum
561 2870 778 2933 humanarum
803 2887 850 2935 est
873 2874 1041 2963 fragilitas,
1058 2876 1162 2943 hiems

93 2975 331 3065 superveniens
352 2974 548 3061 exploratam
569 2994 672 3059 prope
693 2994 783 3059 spem
806 2974 916 3037 salutis
935 2975 967 3037 in
989 2992 1111 3063 pestem
1131 2996 1164 3043 et

92 3079 235 3143 exitium
249 3075 481 3141 Nisibenorum
498 3074 603 3136 vertit.

136 3178 324 3245 LXXVIII.
340 3176 472 3240 Obsessi
488 3175 593 3254 enim,
610 3174 693 3237 nihil
715 3174 883 3239 credentes
906 3178 1043 3260 certius,
1065 3204 1160 3267 quarn

93 3296 233 3370 propter
254 3279 332 3342 anni
350 3294 480 3364 tempus
498 3277 596 3363 paulo
622 3292 697 3363 post
718 3276 863 3339 abituros
885 3278 1050 3341 Romanos
1076 3260 1164 3363 esse,

95 3380 315 3474 negligentius
327 3378 474 3467 agebant
491 3377 661 3456 excubias;
683 3400 786 3463 quum
802 3378 975 3459 Lucullus,
997 3380 1163 3448 observata

95 3500 196 3548 nocte
216 3480 328 3560 illuni,
349 3502 448 3567 quant
468 3479 602 3566 insuper
619 3477 735 3565 plurire
757 3494 789 3541 et
807 3479 951 3543 tonitrua
972 3482 1164 3549 exsurdave·

94 3602 191 3667 rant,
208 3582 251 3647 ad
263 3604 396 3646 murum
410 3602 597 3669 suggressus
611 3596 669 3643 est.
684 3578 864 3666 Oppidani,
882 3580 1042 3667 quidlibet
1056 3588 1164 3672 potius

96 3685 292 3774 praestolati,
308 3683 419 3771 paucis
441 3680 619 3745 admodum
637 3680 670 3741 in
688 3680 847 3742 exteriore
863 3702 975 3761 muro,
999 3699 1031 3745 et
1047 3684 1087 3748 ad
1102 3688 1166 3751 Ios·

96 3812 182 3869 sam,
203 3808 277 3875 quse
294 3799 368 3873 post
380 3783 472 3847 illurn
490 3797 574 3862 erat,
590 3778 726 3862 relictis,
742 3781 775 3843 in
796 3780 911 3843 urbem
930 3804 1164 3851 concesserant.

97 3892 276 3979 lgiturper
287 3908 435 3975 aggeres,
452 3906 536 3971 quos
550 3899 625 3947 ante
642 3904 774 3945 murum
788 3882 927 3961 jecerat,
944 3880 1061 3949 deinde
1076 3889 1195 3970 scalis·

97 3990 275 4067 adhibitis,
302 3988 335 4049 in
361 3987 478 4051 moenia
504 3987 634 4066 enisus,
660 3982 851 4049 custodibus
873 3984 965 4047 facile
990 3990 1170 4074 oppressis,

133 4183 150 4247 5
164 4181 284 4229 txxvt.
296 4180 367 4228 οισι.
379 4181 428 4238 vt,
440 4181 464 4227 3.
478 4206 512 4217 -
525 4178 584 4228 uio.
597 4204 631 4214 -
644 4174 660 4250 ς
672 4176 802 4223 txxvu.
816 4175 878 4223 rtur.
890 4200 924 4211 -
938 4176 995 4221 nto.

225 4280 268 4347 X.
959 4268 1003 4341 23
