2875 4900
269 377 338 450 662
443 384 510 449 1Ο.
537 379 880 449 FREINSHEMII
911 376 1157 448 SUPPLEM.

314 501 415 564 XLll.
442 501 492 564 lbi
515 499 674 564 concione
694 501 834 563 militum
854 500 1024 579 advocata,
1044 500 1195 563 tribunos
1216 501 1333 587 plebis,

271 601 328 689 qui
352 603 440 666 Urbe
460 601 545 690 pulsi
566 617 838 688 supervenerant,
860 600 1030 683 adhibuit,
1051 617 1090 664 ut
1109 617 1202 664 erant
1229 605 1334 666 servili

271 702 384 766 habitu
397 704 483 766 tecti.
503 705 580 766 Herc
594 717 659 764 tarn
677 701 761 765 foeda
775 703 896 789 species
909 700 1043 766 mirifice
1055 701 1266 766 inflammavit
1279 705 1336 766 rni-

268 803 363 866 litum
382 803 525 883 animos,
551 823 654 889 quum
675 803 851 890 presertim
870 825 978 890 neque
999 805 1104 867 Caesar
1122 805 1209 892 ipse,
1228 827 1337 892 neque

269 903 393 968 tribuni
407 903 575 983 deessent,
588 925 656 966 rem
669 925 728 990 per
742 925 777 967 se
789 905 865 967 satis
877 905 1003 969 tristem
1016 927 1207 994 exaggerare
1217 907 1336 971 verbis.

269 1005 368 1068 Curio
392 1005 505 1084 etiam,
529 1019 655 1066 uteret
677 1021 838 1092 promptae
856 1005 1066 1091 eloquentiae,
1086 1006 1179 1084 jussu
1201 1008 1337 1070 Caesaris

270 1121 339 1170 aeta
365 1106 477 1171 docuit
502 1105 637 1185 milites,
660 1104 870 1170 vehementer
889 1105 1070 1170 accendens
1092 1105 1133 1169 ad
1158 1105 1337 1172 vindictam

268 1211 394 1272 animos
412 1230 420 1272 :
437 1206 520 1288 ulkil
528 1209 611 1269 enim
624 1205 710 1269 ultra
727 1209 786 1269 rr‘te
800 1229 839 1269 ae
854 1207 967 1270 ordine
982 1207 1093 1270 Romoe
1102 1211 1188 1294 geri,·
1204 1208 1340 1296 nenses

167 1333 170 1338 ·
269 1309 380 1396 respici
386 1355 396 1386 ‚
412 1329 479 1370 non
485 1308 543 1395 jus
551 1329 565 1385 ,·
582 1321 816 1370 sacrosanctam
829 1321 1016 1394 potestatem
1026 1308 1230 1388 coarmari,-
1238 1333 1339 1398 penes

269 1409 370 1472 rnalos
385 1427 507 1471 omnem
518 1410 713 1496 potentem,
732 1407 910 1474 maternus
925 1423 986 1472 aut
998 1411 1129 1472 tacitam
1141 1413 1337 1488 servitutem,

266 1521 341 1590 aut,
354 1511 383 1572 si
394 1509 483 1597 loqui
499 1510 617 1589 ausint,
623 1507 765 1596 fugam,
779 1509 899 1573 coedem
906 1557 917 1590 ‚
923 1509 1080 1598 peribula,
1095 1533 1156 1573 esse
1159 1515 1338 1599 proposita.

268 1613 310 1674 Et
322 1633 388 1698 quo
399 1611 656 1675 vehementiores
668 1609 838 1675 adhiberet
848 1612 1011 1676 mentibus
1022 1611 1117 1693 hocs,
1127 1610 1208 1676 llens
1220 1615 1340 1695 caesar,

269 1727 303 1776 et
320 1734 338 1774 a
358 1725 489 1799 pectore
506 1711 635 1775 discissa
652 1725 765 1793 veste,
789 1710 888 1776 fidem
912 1713 1051 1777 militurn
1071 1713 1253 1777 invocabat.
1277 1719 1339 1780 As·

267 1835 396 1877 sensere
416 1813 532 1876 milites
547 1812 672 1900 ingenti
686 1813 837 1893 fremitu,
857 1835 960 1901 quum
981 1814 1148 1878 adomnia
1166 1832 1339 1903 promptos

267 1913 453 2001 imperatori
466 1913 638 1978 liberalitas
652 1913 720 1993 ejus
737 1929 770 1976 et
783 1915 914 1978 fortuna
927 1912 1065 1996 faceret,
1082 1936 1193 1978 errore
1204 1938 1340 2004 quoque

268 2015 435 2080 concionis
463 2031 612 2079 extremm
633 2013 830 2096 adjuvante,
864 2039 936 2103 ques
960 2016 1159 2103 promissum
1182 2017 1339 2080 omnibus

264 2118 319 2196 jus
343 2139 517 2180 aureorum
539 2117 737 2181 annulorum
759 2139 835 2179 curn
854 2119 995 2203 equestri
1017 2139 1118 2180 censu
1135 2116 1214 2180 inde
1233 2119 1340 2181 credi·

244 2265 247 2275 ,
270 2217 335 2299 dit,
352 2219 429 2305 quia
443 2219 567 2298 Gaesar,
585 2217 626 2282 ad
639 2217 902 2281 satisfaciendum
917 2218 1073 2282 militibus
1083 2217 1243 2281 annulum
1256 2240 1340 2304 quo-

269 2341 333 2407 que
351 2341 446 2404 aequo
467 2319 577 2384 animo
594 2317 654 2381 sibi
674 2316 895 2382 detracturum
911 2317 1043 2399 dicens,
1061 2317 1177 2405 saepius
1197 2316 1339 2407 digitum

268 2421 354 2485 laevoe
371 2442 485 2484 munus
502 2417 697 2483 ostenderat.
718 2419 770 2482 Sic
789 2418 930 2483 incitatis
945 2416 1154 2498 cohortibus,
1175 2416 1216 2481 ad
1233 2418 1339 2483 vicina

269 2544 406 2609 qumque
421 2521 590 2609 porrigens
602 2540 735 2600 urentes,
753 2534 911 2606 quantum
925 2542 986 2607 pro
1002 2519 1094 2606 copia
1108 2534 1268 2605 praesente
1280 2544 1340 2607 po·

269 2636 369 2702 terat,
388 2636 570 2709 opportuna
588 2620 657 2684 loce
672 2621 818 2708 recipere
833 2621 983 2684 instituit.

312 2722 431 2787 XLIII.
450 2719 517 2811 Sed
530 2721 599 2783 haec
615 2740 682 2783 non
696 2721 803 2807 qualia
814 2737 923 2801 erant,
939 2719 997 2784 sed
1016 2722 1127 2784 multis
1145 2720 1254 2784 modis
1270 2743 1339 2784 ma·

266 2825 354 2903 jora,
376 2838 481 2886 terror
496 2822 640 2901 subitus,
660 2836 693 2885 et
710 2823 884 2911 agrestium
903 2822 980 2911 fuga
1004 2844 1063 2910 per
1085 2822 1229 2903 ltaliam,
1249 2823 1338 2886 acin

270 2926 359 2989 Urbe
375 2925 576 3013 vulgaverat,
592 2923 703 2986 venire
719 2926 876 2987 Caeserem
889 2945 965 2987 oum
981 2923 1072 2986 omni
1088 2921 1252 3004 exercitu,
1264 2922 1340 2987 Gal·

268 3026 441 3111 lorumque
453 3037 486 3087 et
497 3024 735 3087 Germanorum
750 3024 938 3111 ingentibus
954 3024 1091 3088 auxiliis.
1108 3025 1196 3112 Ergo
1208 3025 1338 3097 serios,

271 3149 369 3213 quam
392 3126 459 3189 ullo
481 3126 595 3213 gallico
616 3124 812 3189 cimbricove
836 3126 1002 3206 tumultu,
1023 3125 1164 3213 perculsi
1186 3126 1337 3189 omnium

271 3227 389 3305 animi,
412 3226 481 3291 sine
504 3226 657 3306 oonsilio,
680 3225 751 3289 sine
770 3246 846 3312 spe,
869 3224 1084 3313 trepidabant
1108 3222 1226 3312 Neque
1250 3226 1340 3313 vulgi

271 3340 398 3389 tantum
410 3326 479 3389 lraec
491 3325 651 3406 vecordia,
664 3324 722 3388 sed
733 3326 834 3412 magis
846 3325 942 3388 etiam
955 3324 1088 3389 Petrum
1099 3339 1183 3406 erat3
1196 3348 1338 3413 quorum

269 3448 390 3513 pavore
405 3441 439 3488 et
457 3426 595 3511 querelis
609 3426 786 3513 Pompeius
800 3448 951 3513 quoque,
969 3448 1011 3489 ne
1025 3450 1086 3515 pro
1102 3449 1161 3490 sua
1172 3427 1295 3491 vinute
1307 3442 1340 3490 et

272 3524 385 3614 peritia
401 3525 498 3588 rebus
516 3525 729 3613 praesentibus
746 3527 916 3590 consulere
930 3544 1057 3615 posset,
1074 3528 1279 3591 turbabatur.

316 3625 430 3690 XLIV.
446 3626 507 3689 Alii
522 3626 681 3714 preterita
694 3627 908 3708 objiciebant,
927 3650 1000 3715 quse
1013 3628 1079 3707 jam
1092 3628 1257 3693 emendari
1271 3650 1339 3691 nou

271 3742 444 3815 poterant:
463 3747 552 3790 nuno
570 3726 646 3790 dare
664 3727 773 3814 ipsum
786 3750 896 3815 poenas
913 3730 1013 3816 spreti
1032 3730 1233 3817 optimorum
1252 3730 1339 3795 viro·

271 3851 345 3893 rum
367 3826 510 3909 consilii,
532 3828 589 3913 qui
614 3828 747 3892 Caesaris
769 3828 944 3907 amicitiem
964 3829 1026 3917 ipsi
1048 3832 1223 3919 patriaeque
1241 3831 1340 3895 lune·

451 3984 455 3993 .
823 3964 853 4007 (ΙΙ.

303 4039 411 4103 suu.
424 4040 526 4087 streton.
544 4062 579 4075 -
596 4037 654 4086 Dio.
671 4062 706 4075 -
719 4039 830 4102 Appien.
839 4030 885 4075 ’ἶ-
901 4036 1024 4089 Plutarch.
1038 4066 1073 4076 -
1085 4041 1177 4087 Lucem
1187 4040 1214 4096 Ι,
1227 4036 1287 4097 ¹73.
1302 4063 1338 4073 —

266 4121 282 4185 s
295 4120 385 4169 xuu.
399 4121 500 4169 smton.
510 4144 544 4159 ‹-
553 4118 677 4169 Plutarch.
689 4146 723 4156 --
734 4120 824 4169 tum
837 4147 872 4158 -·
883 4120 993 4186 Appien.
