2875 4900
298 354 367 444 564
475 359 544 427 IO.
568 350 909 427 FREINSIIEMII
940 353 1184 425 SUPPLEM.

295 500 408 556 causa,
425 500 523 566 quam
540 476 643 565 posita
662 474 763 539 modo
778 476 894 541 fuerat.
912 475 976 541 Sed
992 474 1101 564 dispar
1118 473 1296 541 oonsulibus
1307 473 1343 537 si·
1394 495 1395 502 ¹

295 597 352 646 cut
368 578 538 669 apparatus
555 593 587 643 et
603 576 797 659 consilinm,
819 579 866 642 sic
891 578 989 641 etiam
1013 578 1143 641 animus
1161 592 1236 640 erat.
1258 575 1344 638 Pom·

295 684 405 773 peius,
429 682 485 769 qui
503 680 544 744 ad
568 678 690 743 Urbem
714 701 846 742 manere
864 678 1023 761 malebat,
1047 680 1099 743 vel
1120 678 1229 771 uxoris
1244 676 1344 767 gratia,

204 846 208 861 ,
294 786 346 849 rel
356 800 394 848 ut
404 806 454 847 res
466 782 614 870 hIspanas
626 802 686 868 per
697 779 837 867 legatos,
851 779 991 845 urbanas
1004 802 1146 869 presens
1158 780 1193 843 in
1204 792 1346 868 potestate

294 885 446 966 haberet,
469 884 570 946 levius
593 879 714 944 serebat
736 880 947 945 tribunorum
965 905 1080 965 voces,
1106 882 1253 947 consules
1277 879 1346 941 urbe

295 986 404 1077 egredi
420 1006 570 1073 passuros
587 983 797 1071 negantium,
820 998 919 1071 atque
943 984 1031 1047 ultro
1055 982 1201 1048 struebat
1215 975 1347 1045 morandi

295 1110 424 1169 causas,
434 1085 586 1173 imposita
597 1084 644 1147 rei
654 1082 875 1148 frumentarioe
888 1084 1057 1148 curatione
1066 1081 1217 1148 obtentui
1224 1095 1348 1169 sumpta.

338 1188 494 1255 XXXIII.
518 1188 651 1249 Crassus
672 1183 742 1248 dies
764 1201 943 1273 noctesque
959 1185 1004 1248 nil
1022 1184 1085 1249 nisi
1100 1185 1282 1273 parthicum
1294 1180 1349 1244 bel·

293 1292 380 1371 lum,
398 1290 594 1375 Bactrosque
617 1301 650 1349 et
665 1284 789 1365 Indos,
813 1302 846 1350 et
863 1286 971 1351 ultimi
993 1286 1136 1350 Orientis
1154 1307 1233 1373 opes
1250 1281 1349 1348 effreni

296 1390 472 1479 cupiditate
496 1387 667 1477 cogitabat.
694 1386 786 1450 Nihil
812 1386 933 1451 horum
954 1387 1045 1477 lege,
1070 1408 1143 1474 quae
1162 1384 1207 1449 de
1228 1383 1350 1472 imperio

296 1490 469 1557 consulum
491 1504 559 1552 erat
581 1487 662 1569 lata,
680 1486 799 1550 diserte
815 1487 943 1568 jussum
967 1490 1092 1569 fuerat3
1108 1486 1218 1552 sedin
1235 1506 1350 1550 omnem
1396 1519 1397 1528 .

296 1590 490 1655 sententiam
507 1588 712 1676 interpretari
724 1588 822 1652 rerba
837 1588 947 1676 legum
963 1610 1032 1653 non
1049 1604 1117 1653 erat
1132 1588 1185 1651 his
1204 1586 1351 1664 arduum,

295 1692 415 1780 quibus
434 1690 526 1755 facile
544 1690 651 1754 iuerat
669 1711 803 1771 curare,
819 1705 873 1771 ut,
890 1714 955 1777 qua
976 1691 1038 1779 ipsi
1060 1690 1275 1778 conceptione
1291 1708 1351 1751 ver·
1396 1687 1397 1724 ³

296 1792 414 1857 borum
434 1791 630 1871 voluissent,
655 1789 743 1877 leges
758 1807 961 1879 rogarentur.
981 1792 1087 1855 Crassi
1102 1791 1277 1856 amentiam
1292 1790 1351 1853 Ca·

296 1914 367 1975 aar,
389 1892 551 1956 incertum
573 1911 640 1978 quo
660 1890 815 1968 consilio,
836 1892 993 1981 augebat,
1008 1893 1215 1981 propositum
1235 1892 1301 1973 ejus
1316 1888 1353 1953 di·

295 1994 429 2059 laudans
440 2044 448 2071 ,
459 2011 492 2058 et
502 1991 660 2081 quidlibet
670 1992 845 2079 pollicitus.
855 1992 982 2057 Idcirco
992 2010 1026 2057 et
1034 1995 1103 2082 ipse
1111 2016 1201 2057 arma
1211 1990 1351 2081 opposuit

295 2096 504 2160 tribunorum
516 2092 713 2172 actionibus,
729 2108 762 2155 et
775 2114 879 2180 quum
895 2094 956 2175 illi,
969 2091 1122 2158 adversus
1137 2094 1207 2157 vim
1219 2090 1352 2170 invalidi,

295 2197 338 2263 ad
351 2196 504 2261 invidiam
514 2209 547 2257 et
557 2192 784 2291 detestationes
795 2215 830 2257 se
841 2195 1071 2276 eontulissent,
1084 2196 1189 2259 oravit
1200 2196 1352 2284 collegam,

296 2315 335 2363 ut
350 2320 418 2389 quo
432 2296 485 2361 die
500 2294 671 2385 paludatus
683 2294 892 2384 profecturus
909 2310 995 2378 erat,
1011 2295 1155 2377 adesset,
1172 2318 1277 2384 seque
1290 2314 1353 2383 pro·

297 2414 497 2489 sequeretur.

341 2502 495 2565 XXXIV.
514 2499 653 2564 Maxima
673 2500 791 2563 eratin
812 2500 884 2566 foro
897 2501 1031 2566 collecta
1048 2501 1144 2566 turba
1157 2500 1352 2574 mortalium,

296 2605 342 2666 ita
365 2601 549 2691 praeparatis
574 2600 708 2682 animis,
728 2617 767 2664 ut
791 2599 965 2668 exeuntem
987 2605 1139 2668 Crassum
1163 2603 1312 2668 convicio
1330 2612 1356 2660 et

294 2705 408 2794 jurgiis
426 2703 612 2766 retinerent.
630 2701 695 2766 Sed
715 2702 774 2766 ubi
794 2703 988 2792 Pompeium
1013 2719 1089 2768 ante
1104 2704 1200 2768 illurn
1220 2699 1355 2766 incedere

297 2804 481 2894 composito
493 2805 587 2868 vultu
598 2802 771 2885 viderunt,
787 2805 855 2885 ejus
867 2806 987 2869 honori
1002 2805 1174 2894 gratiaeque
1185 2804 1299 2869 datum
1308 2849 1317 2881 ,
1326 2813 1356 2862 ut

297 2929 374 2971 cum
397 2905 526 2969 silentio
548 2903 743 2968 decederent
764 2903 805 2968 de
824 2906 885 2970 ria.
904 2907 998 2970 Unus
1016 2907 1150 2987 Ateius,
1173 2907 1233 2994 qui
1249 2921 1282 2970 et
1294 2913 1356 2967 vota

296 3008 330 3072 in
339 3006 497 3096 Capitolio
509 3004 714 3092 nuncupanti
726 3006 985 3089 obnuntiaverat,
998 3030 1128 3072 manere
1134 3007 1283 3088 jubebat,
1292 3004 1357 3068 deos

298 3109 515 3195 hominesque
528 3121 681 3186 testatus,
695 3106 786 3170 illam
804 3123 915 3172 coma
922 3107 1106 3196 foederatos
1116 3110 1257 3199 populos
1269 3125 1357 3194 eape-

297 3211 446 3274 ditzimem
471 3209 632 3296 lugubrem
656 3221 685 3270 et
712 3211 953 3295 ignominiosam
973 3209 1094 3300 populo
1125 3233 1263 3275 romano
1278 3207 1357 3297 forr.

299 3313 412 3394 Quum
424 3311 526 3374 nihilo
538 3311 642 3376 secius
654 3311 780 3376 rideret
791 3333 925 3400 pergere
938 3312 1108 3392 Crassum,
1118 3312 1246 3376 viatore
1256 3311 1358 3384 misso,

299 3411 374 3474 duci
389 3433 464 3473 eum
473 3412 510 3486 ¹in
529 3412 655 3476 vincula
667 3413 763 3493 jussit
775 3435 783 3476 τ
796 3413 852 3475 ubi
865 3411 900 3475 id
910 3435 1061 3500 qnoque,
1075 3413 1218 3478 tribunis
1236 3413 1304 3476 aliis
1315 3411 1358 3472 in·

298 3511 558 3594 tercedentihus,
571 3513 698 3578 irritum
709 3513 790 3594 fnit,
804 3513 973 3603 praecurrit
983 3513 1025 3578 ad
1036 3522 1181 3602 portam,
1192 3514 1359 3598 toculoque

298 3611 343 3675 ibi
359 3613 482 3700 posito,
498 3629 638 3678 vetustas
659 3631 693 3677 et
713 3635 844 3678 arcanas
862 3612 1053 3678 devotiones
1066 3616 1212 3704 peregit3
1229 3633 1357 3703 quarum

299 3734 469 3799 nunquam
483 3735 580 3776 vanas
595 3711 693 3778 fnisse
707 3715 976 3803 imprecationes,
993 3717 1216 3806 superstitiosa
1228 3712 1360 3802 antiqui·

331 3935 348 4001 s
367 3937 477 3985 XXXII.
499 3935 556 3984 Dio.
571 3963 606 3974 -
625 3939 676 3986 Cic.
689 3964 725 3974 -
737 3937 861 3988 Plutarch.
877 3940 903 3987 in
921 3941 1009 4005 Pomp.
1030 3951 1055 3989 et
1073 3943 1175 3998 Crasso,
1197 3957 1253 4006 cap.
1272 3953 1312 4000 ao.
1330 3959 1360 3972 -·

296 4021 313 4087 S
327 4023 447 4071 XXXIII.
463 4023 570 4087 AppIan.
586 4023 690 4072 Parthie.
708 4051 743 4060 -
757 4023 879 4072 Plutarch.
891 4049 927 4062 ·-
937 4025 996 4074 Dio.
1007 4051 1043 4063 -·
1053 4025 1121 4074 Flor.
1135 4025 1186 4080 m,
1203 4041 1243 4073 rr.
1257 4051 1292 4061 -
1300 4018 1358 4069 ver.

298 4106 441 4162 luterell,
461 4113 484 4162 4.

1315 301 1321 322 l
