2875 4900
275 403 329 474 IN
360 405 472 474 LOC.
500 407 593 474 LIB.
621 406 726 473 CXV
756 405 969 474 LIVIANI.
1085 409 1152 481 285

101 521 296 608 petebantur.
314 521 485 586 Postremo
507 523 721 587 circummissi
742 523 800 586 alia
821 540 911 611 parte
935 525 1071 610 milites,
1096 553 1153 592 ex·

101 623 260 687 mensione
273 626 372 704 facta,
386 647 405 687 a
418 639 510 712 tergo
526 625 811 690 circumvenerunt
828 625 973 708 hostem,
992 645 1024 691 et
1040 630 1153 696 occisis

101 723 276 803 nonnullis,
299 724 379 787 alios
399 724 579 812 propellere
600 747 712 808 naves,
732 741 765 789 et
784 725 818 788 iu
836 746 935 814 aquas
956 751 989 791 se
1009 728 1153 817 recipere
1240 745 1243 766 ⁸

100 840 277 913 coegerunt.
293 825 344 888 Ibi
359 825 445 888 inter
461 825 530 888 duo
542 827 680 891 maxima
695 825 881 890 discrimina
896 827 1104 918 deprehensi,
1121 847 1154 894 et

99 941 200 988 utrum
225 927 327 1015 magis
352 927 491 991 vitarent
514 927 654 1009 incerti,
680 927 761 992 dum
786 949 892 1016 neque
916 930 1019 992 altum
1043 945 1153 1018 petere

99 1041 178 1090 metu
190 1026 359 1092 hostilium
376 1029 507 1091 navium
524 1027 663 1109 audent,
677 1044 710 1092 et
723 1044 806 1092 terra
818 1028 859 1090 ab
876 1029 1026 1116 expositis
1040 1029 1155 1117 probi-⁶

97 1125 226 1211 bentur,
245 1129 286 1194 ad
306 1153 397 1193 oram
414 1130 620 1211 oberrantes,
636 1131 793 1218 utrinque
808 1130 1071 1196 vulnerabantur.

134 1230 256 1294 XXIII.
282 1230 336 1293 sic
356 1231 445 1294 velut
464 1227 616 1320 indagine
633 1231 828 1319 deprehensi
843 1248 921 1296 sunt
937 1255 1068 1313 omnes,
1089 1235 1151 1298 nisi

96 1351 170 1414 quos
184 1353 276 1394 mors
289 1329 378 1395 obita
387 1332 474 1394 ferro
483 1331 656 1419 eripuerat.
666 1334 791 1413 Duces,
809 1332 911 1411 ejecto
924 1333 1088 1398 interram
1099 1358 1152 1399 na-

96 1429 190 1518 vigio,
204 1431 394 1519 speluncam
408 1431 587 1520 ingressos,
601 1434 686 1498 male
700 1449 852 1498 texerunt
864 1434 1002 1499 latebrae.
1018 1437 1150 1502 Postera

96 1528 141 1593 die
169 1555 275 1619 quum
305 1549 517 1620 caperentur,
543 1535 740 1623 Dionysius,
770 1551 887 1622 epoto,
920 1535 1009 1622 quod
1039 1561 1149 1629 secum

97 1629 242 1713 habebat,
264 1654 409 1713 veneno,
428 1635 536 1698 statim
553 1636 753 1699 exanimatus
774 1651 832 1699 est.
848 1635 1065 1700 Alexandrum
1086 1640 1150 1702 Lu-

96 1731 188 1794 cullus
199 1731 241 1796 a'd
257 1732 463 1821 triumphum
480 1737 598 1799 servari
611 1736 724 1800 voluit.
741 1734 908 1817 LVarius,
932 1738 1006 1824 quia
1023 1755 1154 1803 senato·'

95 1855 155 1897 rem
169 1858 345 1900 romanum
359 1837 394 1898 in
409 1837 576 1925 triumpho
594 1837 670 1902 duci
685 1840 734 1902 fas
753 1860 819 1901 non
837 1854 918 1916 erat,
939 1854 1014 1926 post
1030 1855 1149 1904 contu·

95 1936 194 2000 melias
215 1952 249 2000 et
268 1935 407 2000 ludibria
433 1939 592 2025 supplicio
610 1939 747 2003 affectus
763 1955 820 2002 est.
837 1937 936 2021 Quod
953 1959 994 2001 ne
1016 1939 1150 2003 faciliori

95 2035 168 2099 forte
187 2039 281 2101 exitu
302 2053 536 2119 anteverteret,
560 2039 714 2102 Lucullus
733 2039 815 2119 suis,
838 2059 879 2101 ne
901 2041 998 2125 quein
1021 2038 1148 2102 luscum

93 2137 272 2203 occiderent
299 2138 431 2225 (ceptus
454 2138 541 2201 enim
566 2140 667 2203 altero
691 2139 787 2202 oculo
817 2153 884 2202 erat
908 2137 1046 2222 Varius)⁴
1067 2161 1149 2227 prae-

92 2257 219 2326 ceperat.
594 2300 596 2303 .

129 2339 246 2404 XXIV.
266 2339 364 2404 Multi
379 2341 479 2404 etalii
494 2341 749 2429 proscriptorum
764 2355 844 2404 tunc
860 2339 1046 2428 interempti
1060 2357 1147 2405 sunt.

35 2449 36 2462 ¹
93 2437 163 2503 lluae
174 2459 207 2505 et
222 2440 358 2530 triginta
371 2464 468 2505 naves
483 2442 597 2531 regioe,
611 2463 686 2505 cum
702 2439 856 2505 onerariis
868 2439 1093 2528 compluribus
1107 2463 1148 2505 eo

35 2607 36 2622 ,
93 2542 228 2629 tempore
244 2542 400 2606 demersae
419 2558 475 2606 aut
488 2559 589 2630 captae
607 2544 750 2605 fuerunt.
770 2544 845 2605 Haec
860 2566 878 2604 a
893 2542 1029 2606 Lucullo
1046 2542 1086 2607 ad
1098 2566 1148 2607 se·

94 2658 194 2706 natum
209 2644 390 2732 perscripta
401 2666 552 2733 magnam
564 2644 599 2705 in
611 2643 700 2707 Urbe
713 2642 853 2705 laetitiam
870 2643 1069 2726 excitarunt3
1083 2666 1148 2707 ma-

92 2740 166 2805 xime
176 2760 353 2831 postquam
365 2761 414 2808 est
425 2744 610 2833 cognitum,
623 2743 757 2807 classem
767 2742 930 2824 hostium,
942 2766 1013 2830 quae
1025 2743 1146 2831 duplici

92 2844 313 2927 praeliodeleta
332 2860 387 2907 aut
403 2860 495 2933 capta
512 2848 637 2925 fuerat,
658 2843 720 2908 sub
737 2844 899 2907 acerrimis
924 2843 1061 2907 ducibus
1080 2846 1146 2908 lta-

93 2938 156 3006 liam
175 2962 288 3031 petere
303 2944 529 3008 voluisse-llis
549 2945 721 3026 confectis,
741 2944 895 3007 Lucullus
917 2942 957 3007 ad
980 2944 1145 3031 expellen-

92 3040 160 3107 dum
180 3046 333 3134 bithynia
356 3068 465 3134 regem
489 3046 707 3133 properabat:
732 3044 822 3107 hunc
842 3042 929 3105 enim
954 3041 1105 3106 credebat
1126 3068 1144 3107 a

92 3142 228 3210 Voconio
255 3147 405 3225 attineri,
434 3147 540 3234 legato
561 3170 641 3227 suo,
666 3168 765 3233 quem
790 3166 826 3207 ea
842 3143 949 3232 'gratia
971 3143 1145 3230 imperator

92 3248 287 3326 praemiserat.
305 3246 368 3310 Sed
383 3247 437 3311 ille
452 3246 682 3310 Samothracen
698 3246 881 3333 profectus,
898 3242 977 3307 dum
995 3248 1146 3334 supersti-

92 3343 223 3411 tionibus
239 3346 297 3411 dat
310 3370 459 3434 operam,
476 3347 610 3434 diesque
621 3346 814 3411 caerimoniis
834 3361 866 3409 et
879 3345 1037 3410 initiando
1054 3349 1143 3431 terit,

35 3463 36 3470 ¹
91 3442 259 3513 Mithridati
279 3450 460 3537 praebuerat
473 3447 652 3536 effugiendi
668 3448 815 3533 copiam3
834 3446 930 3533 quisi
947 3445 981 3507 in
998 3462 1145 3535 tempore

91 3545 244 3630 affuisset,
270 3551 379 3613 clauso
403 3550 499 3613 maris
522 3550 611 3612 exitu
633 3549 702 3634 capi
723 3546 925 3611 Mithridates
947 3545 1144 3613 Nicomedia

91 3648 246 3727 potuisset.

127 3750 225 3814 XXV.
236 3752 443 3815 Namaterra
451 3750 535 3813 binis
546 3750 657 3813 castris
666 3748 887 3829 obsidebatur,
897 3748 973 3836 quia
982 3749 1026 3813 Μ.
1036 3751 1142 3831 Cotta,

92 3862 122 3907 ut
132 3867 297 3938 acceptum
310 3850 352 3914 ad
363 3850 604 3915 chalcedonem
619 3848 762 3913 dedecus
778 3848 939 3927 aboleret,
955 3848 1030 3913 satis
1045 3848 1142 3935 impi-

120 4054 232 4117 §xm
251 4058 374 4107 Plutarch.
388 4085 423 4095 -·-
441 4058 710 4121 sxx1u.0r0s.v1‚
728 4073 752 4105 a.
766 4084 801 4093 -
820 4057 871 4105 Cic.
886 4068 934 4119 pro
952 4053 1028 4101 Arch.
1044 4069 1098 4119 cap.
1113 4071 1144 4119 93

91 4156 129 4201 pro
142 4144 407 4207 llmaena‚cap.15,et
419 4159 466 4208 pro
476 4143 530 4208 lege
538 4142 625 4192 Manil.
634 4158 688 4206 cap.
701 4142 725 4189 8.
739 4166 772 4177 -
782 4137 890 4202 Appiam
902 4162 937 4175 -
949 4134 1071 4185 Plutarch.
