2875 4900
274 437 327 505 m
345 402 474 504 noc.
496 436 591 504 nm.
614 437 739 504 xcw
772 437 985 506 n1v1an1.
1094 461 1158 532 291

100 557 229 643 ipsum,
249 557 278 620 si
299 556 540 643 reciperentur,
559 556 719 620 maximus
741 577 898 620 numerus
923 557 1088 636 transibat.
1110 559 1165 623 ld·

99 657 185 722 ciroo
199 656 267 722 duo
281 657 432 722 consules
442 657 563 736 junctis
577 656 680 744 copiis
693 657 728 719 in
744 678 822 745 agro
837 656 955 744 piceno
970 657 999 720 ei
1018 679 1166 722 occurre·

98 774 187 822 runt.
202 756 267 823 Sed
280 757 350 837 ille,
363 757 439 820 licet
453 779 506 820 aas
522 779 639 846 magna
653 756 743 820 clade
758 754 974 844 profligasset,
989 757 1030 820 ad
1042 757 1165 823 Urbem

97 857 218 922 ducere
234 881 303 922 non
322 873 372 922 est
390 881 508 940 ansus,
524 859 601 945 quia
614 857 763 922 nondum
780 858 809 921 ci
825 857 900 922 satia
918 879 983 922 suae
1004 859 1086 922 vires
1102 861 1166 947 pla-

97 958 231 1038 cebant,
242 981 304 1022 uec
314 959 492 1024 exercitum
502 958 611 1027 adbuc
622 981 662 1023 ex
669 958 831 1023 sententia
843 981 901 1022 sua
913 977 1164 1046 permanaverat:

95 1060 147 1122 alii
163 1081 300 1148 quoque
315 1075 487 1148 apparatus
504 1059 659 1141 deerant,
681 1083 786 1147 quum
808 1061 927 1136 nullius
950 1061 1086 1128 civitatis
1103 1085 1164 1150 po-

87 1161 206 1246 pulive
221 1159 361 1240 auxilio,
385 1159 444 1224 scd
468 1175 595 1227 tantum
619 1161 812 1248 corporibus
835 1161 1048 1249 fugitivorum
1065 1179 1164 1252 atque

94 1281 316 1324 convenarum
333 1275 488 1325 uteretur.

137 1362 178 1424 V.
204 1363 312 1450 Ergo,
329 1377 366 1424 ut
380 1383 469 1426 arma
491 1375 670 1447 ceteraque
690 1360 775 1424 bello
797 1379 981 1450 opportuna
997 1385 1163 1454 compara·

94 1478 164 1542 ret,
185 1462 354 1526 Thurinos
376 1478 505 1526 montes
524 1461 647 1525 stativis
668 1462 778 1526 locum
792 1462 906 1549 cepit:
925 1463 1084 1551 oppidum
1102 1487 1162 1552 pro

94 1559 216 1626 horreo
236 1583 348 1626 rerum
376 1561 526 1624 omnium
550 1561 688 1658 babuit3
705 1562 808 1626 vicina
833 1562 894 1652 iate
916 1564 1123 1652 populando,
1144 1589 1162 1629 a
1215 1615 1227 1642 ,

94 1661 331 1726 mercatoribus
346 1661 497 1741 injuriam
518 1683 651 1726 omnem
664 1661 851 1750 probibuit,
869 1664 1030 1750 praecipue
1045 1667 1103 1752 qui
1119 1689 1161 1730 aes

93 1777 124 1824 et
139 1762 268 1827 ier-rum
282 1760 446 1828 vendituri
458 1761 626 1826 venirent:
642 1785 696 1826 eas
712 1784 764 1826 res
780 1761 1087 1845 care'mercabatur3
1102 1787 1164 1828 on·

92 1885 163 1926 mm
177 1878 405 1952 urgentemque
419 1865 587 1951 inportari
591 1910 602 1943 ,
624 1878 684 1928 atat
696 1868 895 1951 importatum
914 1866 976 1928 emi
985 1887 1008 1928 a
1023 1867 1100 1945 suti,
1118 1887 1163 1930 se·

92 1985 168 2028 vero
178 1962 289 2034 edicto
301 1979 455 2028 vetuerat.
470 1965 557 2028 Dum
569 1964 603 2026 in
613 1965 703 2028 ltalia
715 1964 805 2029 hunc
814 1963 855 2028 ad
865 1963 999 2032 modum
1010 1981 1160 2047 certatur,

93 2063 283 2152 Hispaniam
296 2088 316 2128 a
327 2064 471 2128 Sertorio
484 2064 585 2152 magis
597 2065 739 2131 alienum
750 2065 873 2146 scelus,
886 2087 983 2152 quam
997 2067 1161 2132 Romano-

91 2186 164 2228 rum
188 2165 240 2228 vis
259 2187 297 2228 ac
317 2165 440 2245 robur,
463 2162 648 2230 vindicavit.
666 2167 745 2230 Erat
767 2165 819 2229 ille
835 2165 920 2245 jam,
941 2179 979 2228 ut
997 2164 1157 2248 diximus,

92 2265 241 2330 infensus
260 2265 448 2352 invisusque
471 2265 651 2352 plerisque,
670 2264 763 2352 quod
781 2265 996 2353 deprehensas
1012 2281 1067 2328 aut
1089 2288 1157 2330 cre·

92 2362 173 2429 ditas
187 2365 225 2428 in
241 2386 276 2428 te
291 2358 546 2453 conspirationes
559 2366 710 2431 atrociter
726 2366 905 2453 puniverat.

131 2468 194 2532 vt.
210 2462 315 2555 Igitur
326 2468 470 2531 alienatis
484 2469 583 2531 semel
595 2468 732 2549 animis,
748 2468 858 2531 omnia
872 2466 964 2533 ducis
977 2485 1063 2533 recte
1075 2492 1155 2533 con·

91 2568 196 2649 suita,
218 2556 442 2631 ministroruni
464 2568 541 2631 dolo
559 2585 657 2654 atque
679 2569 882 2633 contumacia
901 2570 933 2633 in
957 2571 1155 2635 contrarium

91 2668 280 2749 vertebant3
301 2669 518 2757 Hispanique,
536 2684 670 2757 propter
687 2669 808 2733 tributa
832 2690 870 2733 ac
888 2670 1065 2757 supplicia,
1085 2692 1156 2757 quae

91 2771 180 2835 velut
198 2769 334 2833 senarii
347 2770 441 2850 jussu
461 2771 576 2835 acerbe
595 2769 825 2858 exigebantur,
845 2768 1036 2833 deficiebant
1049 2793 1067 2833 a
1081 2792 1155 2855 par·
1182 2820 1185 2828 ,

91 2870 203 2935 tibus:
229 2870 271 2935 ad
294 2871 356 2935 hos
382 2871 580 2937 revocandos
597 2872 654 2957 qui
678 2870 912 2949 mittebantur,
934 2868 975 2933 de
999 2868 1156 2933 industria

90 2971 256 3059 augebant
264 2971 345 3050 iras,
358 2971 579 3058 majoremque
592 2971 628 3033 in
638 2968 775 3035 modum
790 2969 919 3033 irritatis
932 2969 1094 3048 Barbaria,
1108 2991 1155 3032 re·

90 3071 314 3135 vertebantur.
333 3072 365 3135 Is
378 3071 474 3135 dolor
488 3094 508 3134 a
520 3071 662 3159 pristinis
676 3070 822 3139 moribus
835 3068 917 3133 adeo
935 3067 1069 3133 deduxit
1084 3070 1156 3133 Ser·

90 3171 236 3251 torium,
253 3185 292 3235 ut
310 3172 435 3237 saeviret
448 3172 485 3235 in
498 3171 682 3259 principum
700 3170 837 3252 liberos,
859 3170 915 3255 qni
935 3169 1025 3233 Oscae
1039 3169 1156 3235 educa·

91 3270 230 3353 bantur,
240 3287 291 3352 et,
301 3272 588 3360 parteinterfecta,
598 3288 730 3336 ooeteros
744 3273 778 3335 in
792 3270 979 3335 servitutem
989 3270 1151 3335 venderet.

132 3373 211 3437 VII.
236 3374 324 3437 Dum
337 3372 406 3435 baec
417 3389 570 3460 agunnrr,
591 3372 754 3459 Perperna
768 3386 884 3459 praeter
897 3384 1028 3434 ceteros
1045 3371 1155 3451 conju·

90 3490 176 3537 ratos
200 3473 235 3536 in
257 3473 444 3539 societatem
462 3473 587 3539 consilii
611 3472 769 3539 Manlium
794 3470 968 3559 quemdam
990 3493 1031 3535 ex
1050 3487 1154 3537 serto·

90 3573 188 3639 nanis
212 3572 353 3640 ducibus
371 3572 557 3639 adsciverat.
575 3573 749 3661 Deperibat
761 3571 971 3639 adolescentis
986 3570 1154 3652 enjusdam

91 3676 179 3763 turpi
204 3696 316 3741 amore
336 3674 497 3756 Manlium
519 3689 721 3761 eumqueut
741 3674 841 3761 magia
865 3672 926 3739 sibi
944 3670 1152 3759 adjungeret,

91 3775 207 3839 missos
228 3776 307 3839 alios
329 3774 438 3839 facere
457 3791 633 3855 amatores,
656 3775 804 3839 hortatus
826 3789 893 3854 est,
918 3774 1058 3861 unique,
1077 3794 1153 3835 mox

92 3874 263 3940 interfecto
282 3875 443 3957 Sertorio,
459 3873 502 3941 ad
522 3875 675 3941 maximas
693 3897 770 3963 opes
790 3890 1004 3961 perventuro,
1020 3869 1153 3937 sedare.

125 4080 143 4145 S
156 4081 200 4129 IV·
216 4084 282 4131 Πθῐ·
298 4111 333 4121 -
350 4087 457 4151 Appiae.
472 4112 508 4123 -
518 4088 590 4134 Oros.
605 4112 639 4123 -
647 4083 666 4147 5
678 4086 722 4131 VJ.
736 4083 800 4131 Flor.
812 4084 861 4140 111,
877 4098 918 4129 aa.
935 4106 969 4117 -
985 4082 1056 4128 Oros.
1067 4080 1100 4136 V,
1115 4078 1154 4125 23.

91 4192 125 4203 -
136 4166 244 4229 Appiae.
255 4192 292 4203 -
302 4167 369 4216 nur.
382 4169 410 4215 iu
423 4169 538 4218 Sertorio.

926 4279 982 4348 19.
1038 4207 1043 4249 Ξ
