2875 4900
241 372 293 439 m
316 371 430 439 noc.
456 369 552 440 tiu.
579 369 704 437 xcvi
733 368 949 438 arvum.
1059 390 1130 462 ²99

91 509 143 558 stra
159 492 282 586 luculli¹
298 491 482 580 transfugit.
502 490 678 581 Tigranem
699 489 758 556 diu
782 489 1047 578 tergiversantem
1067 489 1130 553 lilia
1167 545 1179 559 ,

91 591 263 658 Mithridatis
278 592 490 679 expugnarit,
512 607 552 655 ut
573 591 760 656 societatem
779 613 854 654 eum
875 612 916 654 eo
936 611 1053 654 novam
1072 613 1130 677 pa·

91 711 251 758 nscerentr.

122 795 234 858 XXIX.
253 795 395 875 Interea,
412 816 482 882 quo
496 793 622 858 Luculli
637 793 798 880 impetum
814 789 1005 874 retardaret,
1022 790 1133 880 praele-

90 911 197 960 ttorum
211 896 368 985 quosdam
384 919 461 960 cum
478 895 627 984 equitatu
642 894 748 975 misit,
767 894 825 982 qui
847 893 1016 982 negotium
1036 893 1065 957 ei
1082 893 1129 956 fa-

89 1013 226 1063 cesserent
242 1022 250 1063 :
268 998 325 1063 sed
347 999 430 1062 nihil
451 1014 544 1086 aeque
563 997 678 1079 illum,
701 1017 800 1083 quam
823 997 941 1077 brues,
959 995 1128 1085 fatigabat,

89 1101 226 1189 corruptis
242 1102 321 1182 late,
341 1101 435 1181 jussu
449 1101 553 1190 regis,
575 1121 648 1187 quae
665 1098 700 1161 in
719 1097 788 1178 ejus
805 1119 921 1164 manus
937 1113 1130 1184 perventura

88 1201 214 1286 fuerant,
230 1203 374 1267 etmulti
392 1217 593 1267 commeatus
609 1196 734 1265 insidiis
748 1199 912 1263 latronum
928 1197 1129 1265 interierant.

88 1301 175 1387 Igitur
182 1304 312 1394 triginta
323 1302 421 1367 millia
429 1301 721 1392 Gallograecorum,
736 1298 881 1390 singulos
895 1299 1052 1363 frumenti
1064 1321 1132 1364 mo·

88 1397 145 1464 dios
159 1401 300 1468 humeris
316 1403 536 1493 portantium,
559 1402 651 1490 sequi
671 1401 850 1495 exercitum
868 1400 983 1481 jussit3
1006 1401 1129 1483 donec,

89 1503 178 1567 multis
190 1505 315 1570 levibus
331 1504 562 1570 certaminibus
581 1504 687 1594 regios
709 1499 954 1583 submovendo,
972 1503 1006 1565 in
1022 1503 1129 1592 regio·

89 1622 133 1664 nes
146 1602 215 1668 belli
232 1605 379 1671 cladibus
393 1606 528 1670 intactas
544 1603 742 1693 penetrarit,
760 1613 915 1690 tantaque
930 1625 1006 1667 mor
1021 1625 1130 1667 rerum

88 1705 214 1769 omnium
227 1707 321 1795 copia
338 1706 452 1788 affuit,
468 1722 506 1770 ut
520 1707 581 1770 bos
596 1705 750 1787 denario,
772 1705 971 1792 mancipium
990 1703 1130 1770 denariis

89 1819 208 1888 quatuor
230 1823 412 1890 emeretur,
435 1821 624 1894 caeteraeque
642 1805 758 1894 pmdae
771 1827 815 1872 ea
828 1805 932 1870 tilitas
954 1819 1057 1887 esset,
1075 1820 1129 1886 ut,

88 1904 147 1987 quia
161 1905 291 1971 distrahi
307 1907 482 1994 nequibat,
496 1928 515 1970 a
528 1906 686 1971 militibus
698 1923 973 1994 corrumperetur.

120 2005 216 2071 XXX.
230 2009 358 2072 Interea
374 2008 529 2072 Lucullus
545 2008 694 2073 Amisum
711 2024 744 2071 et
759 2006 966 2096 Eupatoriam
981 2005 1131 2072 obsidere

88 2123 220 2198 cuperat,
238 2108 336 2171 simul
349 2125 441 2196 parte
456 2109 615 2171 exercitus
628 2107 669 2171 ad
680 2106 935 2197 oppugnandam
945 2107 1131 2196 Themiscy-

87 2225 139 2269 un
154 2209 260 2292 missa,
283 2231 358 2298 que
372 2209 414 2274 ad
428 2207 731 2274 Thermodoontem
749 2207 885 2273 fluvium
904 2209 1093 2290 Amazonis,
1111 2231 1130 2274 a

88 2329 137 2392 qua
153 2311 280 2378 condita
303 2327 402 2392 esset,
426 2310 547 2375 habere
564 2328 686 2374 nomeu
702 2309 882 2376 dicebatur.
899 2309 961 2373 llic
976 2309 1130 2398 operibus

87 2411 289 2503 curriculisque
303 2428 426 2478 tentata
444 2411 555 2477 omnia
570 2426 665 2493 suut,
687 2411 746 2499 qui
762 2425 827 2475 tarn
846 2411 944 2499 ampli
959 2408 1130 2475 fodieban-

87 2523 142 2593 tur,
156 2531 191 2577 ut
206 2514 407 2603 quandoque
418 2514 454 2577 in
468 2514 514 2578 eis
528 2513 618 2578 velut
633 2512 851 2577 subterraneae
869 2534 988 2601 pugnae
1004 2510 1129 2579 fierent.

87 2607 136 2674 Fos
149 2614 266 2680 obsessi
282 2636 424 2703 superne
436 2614 640 2701 aperiebant,
658 2613 877 2703 immissisque
894 2615 994 2696 ursis,
1013 2630 1046 2678 et
1060 2615 1130 2679 aliis

87 2706 192 2798 bestiis,
206 2714 375 2780 interdum
395 2730 428 2778 et
447 2736 546 2802 apum
569 2715 790 2799 examinibus,
812 2738 883 2797 eos,
907 2716 964 2804 qui
980 2717 1013 2779 in
1030 2738 1131 2803 opere

87 2830 175 2895 erant,
192 2817 283 2880 omni
298 2836 417 2905 genere
435 2815 619 2879 calamitatis
635 2817 803 2882 vexabant.

119 2915 229 2985 XXXI.
246 2920 343 2982 Circa
365 2917 513 2982 Arabum
538 2918 669 3006 segnior
688 2918 816 2983 obsidio
839 2934 924 3001 erat,
949 2934 981 2982 et
999 2916 1129 2981 Mithri-

87 3008 173 3098 dates,
189 3019 321 3101 audito,
337 3042 409 3083 eam
422 3009 493 3083 sine
506 3020 623 3108 praeliis
636 3018 785 3101 assideri,
799 3036 930 3107 recepto
943 3020 1053 3082 animo
1067 3020 1131 3081 Ca-

87 3107 146 3178 bitis
169 3118 374 3203 substiterat,
399 3120 501 3185 alium
525 3124 703 3185 exercitum
728 3122 891 3210 colligens.
914 3119 955 3184 ld
975 3120 1131 3184 Lucullus

87 3230 138 3276 uon
158 3241 237 3309 agre
255 3220 458 3311 patiebatur,
479 3222 858 3311 reprehendentibusque
879 3222 1023 3303 dicebat,
1049 3212 1130 3286 co‘n-

86 3314 153 3381 tulto
167 3342 200 3385 se
217 3323 251 3388 id
269 3346 384 3413 agere,
402 3344 462 3406 ue,
479 3325 578 3388 rebus
595 3324 789 3413 desperatis,
808 3323 850 3388 ad
862 3323 1035 3412 Tigranem
1049 3345 1131 3387 con·

87 3413 342 3506 tuperatione,
372 3427 529 3507 majorem
559 3425 634 3489 belli
664 3427 786 3491 molem
816 3425 1001 3489 concitaret.
1027 3423 1131 3513 igitur

86 3512 278 3607 Mithridates,
299 3527 474 3590 contractis
499 3525 709 3615 quadraginta
736 3527 837 3590 ferme
859 3524 1026 3614 peditum,
1054 3542 1130 3591 octo

87 3621 211 3701 ‘quitum
224 3626 384 3709 millibus,
397 3626 623 3715 Diophantum
637 3628 823 3693 etTaxilem
837 3650 913 3691 cum
926 3630 1017 3693 novis
1030 3627 1132 3716 copiis

85 3713 117 3779 td
127 3720 239 3806 priores
252 3727 422 3815 praefectos
435 3730 541 3811 misit,
555 3752 575 3793 a
585 3719 706 3817 quibus
718 3730 867 3796 Amisum
881 3728 1042 3793 destinata
1056 3726 1131 3793 sub-

112 3944 249 4010 imm.
262 3960 390 4008 Memnon.
409 3989 444 3998 -
462 3962 528 4011 rua
539 3958 575 4000 -ἰ
587 3964 696 4029 Appiam.
710 3991 745 4001 -
757 3960 773 4028 s
786 3964 885 4011 xm.
896 3962 960 4012 Plut.
971 3962 996 4011 in
1011 3960 1128 4018 Lucullo,

87 4041 127 4091 ⁰1³·
139 4035 177 4085 ²5·
186 4065 218 4075 -
226 4041 324 4091 calluc
335 4043 400 4093 ttist.
410 4046 448 4103 ll,
465 4046 490 4093 5.
504 4072 540 4083 -
553 4046 662 4116 Appian.
671 4074 705 4084 -
716 4045 733 4110 s
743 4046 829 4094 XXX.
837 4045 946 4116 Appitn.
964 4072 998 4087 -·-
1012 4044 1077 4095 rtur.
1094 4071 1130 4082 -

87 4106 164 4165 ΜΝ·
177 4120 237 4175 ttius
251 4124 296 4182 IV,
312 4140 335 4177 t.
