2875 4900
284 406 356 504 694
460 411 528 477 10.
555 411 899 479 rnnrnsnenn
929 381 1176 479 summa.

285 529 390 594 vincia
417 529 569 594 maximas
594 528 759 594 clientelas
780 529 958 618 Pompeius
985 527 1145 611 babebat,
1167 551 1210 593 ne
1234 530 1348 595 iterum

286 629 409 696 bellum
424 631 539 720 ingens
556 632 733 696 exsisteret.

330 731 482 796 XXXVI.
502 731 629 796 Idcirco
647 732 689 813 Q.
706 731 818 796 Cassio
838 731 989 821 Longino
1004 732 1140 796 tribuno
1155 732 1260 821 plebis
1277 755 1350 797 cnm

285 833 412 898 duabus
426 832 609 921 legionibus
619 832 806 919 premisso,
822 833 891 920 ipse
907 848 1076 897 sexcentos
1090 834 1214 921 equites
1229 837 1352 922 magnis

286 934 458 998 itineribus
469 932 560 996 ducit
571 931 775 1014 Cordubam,
787 955 855 1020 quo
866 934 1043 999 convenire
1053 935 1258 1024 magistratus
1268 937 1353 1024 prin·

288 1037 440 1124 cipesque
453 1035 625 1123 provinciae
636 1034 786 1114 jusserat.
796 1035 894 1099 Nulla
902 1034 967 1099 fuit
977 1035 1104 1118 civitas,
1116 1059 1189 1124 quat
1199 1036 1353 1101 detrecta-

286 1154 338 1202 ret
347 1137 530 1226 imperium.
542 1137 824 1217 ContraVarroni,
835 1137 894 1224 qui
904 1137 1062 1201 hactenus
1073 1161 1144 1200 eam
1153 1139 1352 1227 provinciam

287 1238 492 1318 obtinuerat,
503 1252 537 1300 et
550 1239 719 1326 completis
728 1237 855 1302 duabus
869 1238 1053 1327 legionibus
1061 1238 1193 1328 triginta
1203 1240 1352 1304 cobortes

288 1339 401 1404 alarias
414 1336 588 1421 adjecerat,
611 1338 721 1404 subito
741 1340 858 1404 infesta
879 1340 990 1403 omnia
1009 1339 1104 1404 liunt.
1125 1339 1353 1404 Cordubenses

287 1439 472 1528 praesidium
488 1439 529 1503 ab
543 1463 583 1505 eo
597 1441 750 1521 missum,
766 1440 800 1504 in
818 1461 874 1504 sua
890 1455 1049 1527 potestate
1064 1438 1205 1522 babent,
1218 1443 1353 1505 Carmo-

288 1563 404 1607 nenses
418 1543 560 1624 ejiciunt.
572 1545 676 1608 Varro
690 1543 798 1608 Gades
813 1544 861 1606 ire
877 1543 1108 1625 destinaverat,
1124 1544 1159 1607 in
1174 1567 1212 1607 ea
1223 1543 1354 1626 insula,

286 1645 455 1708 frumento
468 1643 671 1731 navibusque
686 1645 897 1732 comparatis,
912 1644 990 1709 duci
1000 1645 1123 1709 bellum
1135 1667 1232 1733 posse
1246 1661 1354 1727 rams3

287 1743 475 1833 oppidoque
489 1746 525 1810 C.
537 1745 724 1812 Gallonium
738 1745 928 1810 familiarem
938 1747 1071 1810 Domitii
1083 1746 1280 1835 prefecerat.
1290 1747 1354 1811 Sed

287 1845 331 1925 is,
357 1845 592 1911 Gaditanorum
615 1849 712 1912 minis
738 1849 889 1930 territus,
912 1848 1069 1937 profugit.
1088 1849 1227 1913 Varroni
1249 1872 1353 1938 quum

289 1947 432 2012 Gadium
449 1963 548 2034 atque
570 1948 667 2012 ltaliae
688 1948 865 2036 praeclusus
882 1948 988 2012 aditus
1007 1963 1107 2029 esset,
1125 1965 1158 2012 et
1179 1971 1246 2012 una
1270 1950 1354 2039 legio

288 2071 328 2112 ex
341 2047 487 2130 duabus,
503 2049 575 2138 ipso
587 2050 804 2137 inspectante,
817 2049 1019 2114 ‘discessisset
1030 2073 1048 2113 e
1059 2049 1190 2130 castris,
1204 2049 1352 2129 alteram,

289 2173 365 2214 cum
376 2150 513 2237 publicis
525 2151 723 2233 rationibus,
737 2167 770 2215 et
782 2151 937 2239 pecunia,
954 2173 1052 2239 quam
1066 2151 1225 2234 habebat,
1237 2153 1353 2216 Casan

189 2267 192 2274 ’
288 2249 469 2316 transdidit.

333 2353 501 2418 xxxvtl.
519 2355 638 2436 Caesar,
654 2354 760 2420 Gades
779 2356 961 2443 profectus,
983 2353 1137 2442 pecunias
1153 2375 1354 2418 monumen·

288 2471 386 2539 taque
403 2456 515 2519 referri
534 2457 567 2520 in
585 2458 744 2545 templum
767 2457 916 2522 Herculis
935 2455 1045 2535 jubet,
1065 2476 1139 2542 quae
1161 2450 1354 2519 etant'inde

286 2554 380 2635 jussu
404 2555 558 2621 Varronis
588 2556 789 2646 deprompta.
813 2557 978 2623 Gaditanis
1000 2557 1162 2620 civitatem
1185 2579 1353 2621 romanam

288 2654 362 2737 dat;
382 2654 481 2743 idque
499 2656 691 2723 beneficium
710 2675 823 2746 postea
838 2658 979 2747 populus
999 2680 1155 2722 romanus
1170 2657 1287 2723 habuit
1301 2682 1353 2721 ra·

290 2772 372 2819 tum.
387 2756 566 2821 Provincias
589 2758 630 2839 Q.
650 2759 778 2822 Cassius
796 2758 985 2848 praelicitur,
1002 2759 1093 2846 quod
1113 2776 1257 2847 quaestor
1274 2760 1353 2823 olim

290 2857 436 2946 Pompeii
447 2858 551 2947 gentis
562 2860 884 2947 moresperdidicisse
892 2858 1354 2949 credebatur3eiquelegiones

290 2972 432 3044 quatuor
442 2958 677 3025 attribuuntur.
689 2961 821 3025 Nemini
834 2960 899 3025 ulla
911 2960 948 3025 lit
960 2986 980 3025 a
992 2962 1114 3025 Caesare
1128 2962 1260 3044 injuria,
1276 2985 1356 3050 prae·

289 3074 436 3147 terquam
453 3059 544 3147 quod
560 3062 698 3147 pecunia
712 3061 838 3150 ubique
854 3062 983 3152 grandis
1000 3064 1199 3152 exigebatur.
1221 3064 1354 3128 llis-rc·

193 3212 197 3215 .
287 3160 349 3224 bus
367 3161 411 3225 ita
431 3162 633 3243 constitutis,
651 3165 756 3227 Caesar
768 3164 968 3228 varronianis
984 3164 1121 3227 navibus
1136 3161 1352 3227 Tarraconem

288 3263 475 3342 revertitur,
492 3263 605 3350 ibique
622 3280 822 3328 conventum
838 3264 1012 3351 provinciae
1028 3264 1187 3327 citerioris
1201 3263 1285 3353 agit3
1300 3278 1352 3341 et,

288 3361 566 3449 quemadmodum
591 3364 625 3427 in
650 3364 804 3428 ulteriore
827 3366 963 3446 fecerat,
987 3364 1119 3451 publice
1137 3364 1353 3451 privatimque

287 3462 417 3548 praemia
431 3462 649 3527 benemeritis
663 3462 839 3528 distribuit.
853 3464 998 3530 Pedestri
1014 3464 1133 3529 deinde
1146 3464 1261 3529 itinere
1270 3464 1352 3527 Nar·

200 3616 204 3622 .
287 3560 407 3625 bonam
422 3560 601 3649 digressus,
619 3586 723 3651 quum
737 3588 796 3653 per
805 3567 996 3653 Pyrenaeum
1010 3581 1176 3655 pergeret,
1192 3582 1350 3652 tropaeum

289 3662 417 3727 nullum
435 3664 561 3751 posuit,
584 3664 673 3751 quod
692 3688 729 3729 ea
746 3690 797 3730 res
817 3667 973 3757 Pompeio
988 3689 1122 3755 quoque
1140 3666 1268 3732 crimini
1285 3681 1351 3731 erat

289 3763 381 3846 data;
403 3764 460 3829 sed
479 3788 566 3828 aram
585 3766 672 3829 haud
695 3770 811 3855 procul
831 3770 1033 3857 pompeianis
1055 3770 1277 3834 monumentis
1299 3769 1351 3831 in·

288 3866 378 3955 genti
393 3866 479 3931 mole
495 3888 534 3931 ex
555 3868 656 3955 polito
678 3868 783 3957 lapide
803 3870 938 3951 struxit,
957 3869 1174 3934 Alexandrum
1190 3870 1349 3947 imitatus,

321 4087 337 4151 §
354 4090 489 4139 mvn.
503 4090 554 4137 Lis.
566 4090 630 4155 Epit.
646 4118 681 4127 ·--
692 4092 751 4138 Dio.
766 4118 801 4127 -
814 4082 971 4156 Appiam-
982 4094 1043 4141 (ΞΜ,
1053 4120 1090 4129 -
1102 4094 1134 4156 Q.
1143 4094 1211 4143 cm.
1219 4094 1292 4149 vm,
1303 4108 1347 4145 rr·

286 4182 310 4219 ct
324 4173 375 4230 lX,
385 4174 410 4221 3.
421 4172 521 4220 -vid,
534 4184 558 4221 ct
574 4174 680 4222 Freinah.
693 4175 786 4223 ludin
797 4176 866 4225 Curi.
877 4178 903 4223 in
916 4192 976 4224 νοω
986 4181 1053 4224 Arc.
1126 4221 1130 4229 .
