2875 4900
312 377 382 459 224
487 379 504 444 J
512 380 553 446 Ο.
578 378 604 444 F
608 378 730 448 REIN
737 378 914 447 SIlEMll
944 380 1181 451 SUPPLEM.

294 496 386 582 'quia
401 495 605 562 Mithridates
622 498 730 562 Asiam
751 519 811 586 pro
831 496 932 561 aliena
952 480 1150 587 negligebat,
1168 496 1282 562 Sullam
1301 520 1351 560 un

310 596 401 660 banaa
414 619 464 660 res
478 596 713 684 revocabantin
725 596 864 676 Italiam,
877 596 1067 684 impunitate
1077 594 1184 683 plures
1193 594 1350 675 invitante,

311 719 447 761 numero
457 696 644 783 viribusque
653 697 757 778 aucti,
772 696 895 785 magnis
906 696 970 775 jam
984 697 1137 762 classibus
1150 694 1350 761 oberrabant:

309 795 454 884 adeoque
465 796 609 885 placebat
619 798 695 885 ipsis
703 796 768 861 hoe
777 797 849 861 vitoe
860 818 979 885 genus,
991 812 1028 861 ut
1037 798 1101 861 hoc
1111 812 1264 887 perpetuo
1275 818 1353 861 exer-

309 919 382 961 cere
398 898 492 979 certi,
517 898 551 961 in
572 896 745 983 quamdam
758 899 847 961 velut
860 898 1044 987 reipublice
1058 898 1195 961 formam
1213 898 1349 961 coirent:

308 995 424 1084 igitur,
440 997 515 1060 licet
531 999 648 1085 passim
661 997 819 1061 haberent
832 999 976 1079 castella,
992 1020 1098 1080 arces,
1115 999 1233 1063 insulas
1251 996 1352 1061 deser·

309 1112 373 1178 tas3
387 1098 496 1161 sedern
511 1115 617 1162 tamen
635 1098 838 1162 fortunarum
851 1098 998 1164 omniurn
1013 1098 1174 1189 Ciliciam,
1188 1120 1259 1187 quae
1271 1118 1354 1162 roca·

308 1210 363 1259 tur
379 1219 506 1284 aspera,
518 1204 685 1262 'consensu
705 1199 869 1288 legerunt,
886 1200 1136 1289 importuosam,
1155 1198 1352 1265 stultissimis

307 1296 442 1383 rupibus
457 1298 654 1363 horrentem.

351 1397 488 1463 XXXII.
501 1397 597 1462 Unde
611 1402 828 1464 communiter
843 1401 884 1464 ab
896 1400 1047 1466 omnibus
1060 1401 1167 1467 Cilices
1179 1402 1286 1465 vocari
1298 1386 1353 1463 cut·

306 1514 442 1583 perunt3
463 1500 607 1586 maturis
623 1517 706 1564 esset
728 1501 826 1565 mixta
843 1502 1002 1565 variarum
1023 1504 1168 1591 gentium
1189 1502 1353 1581 colluvies,

305 1598 393 1684 Syri,
412 1600 540 1687 Cyprii,
563 1599 760 1690 Pamphylii,
784 1618 816 1665 et
832 1602 962 1691 quidam
981 1626 1020 1667 ex
1042 1604 1167 1685 Ponto,
1185 1626 1223 1669 ac
1241 1624 1353 1693 prope·

306 1699 441 1763 modum
456 1700 608 1765 omnibus
623 1701 766 1766 Orientis
776 1703 900 1792 regnis3
915 1702 1008 1793 multi
1020 1704 1106 1767 enim
1117 1704 1276 1768 bellorum
1290 1701 1355 1766 diu·

305 1800 456 1865 turnitate
472 1803 672 1890 patrimoniis
684 1804 789 1885 exuti,
804 1822 906 1891 quum
924 1804 1027 1868 iacere
1038 1804 1171 1893 indigna
1184 1822 1218 1869 et
1234 1803 1352 1894 gravia,

303 1922 400 1985 quam
415 1903 499 1990 pati,
513 1904 659 1985 mallent,
678 1924 774 1967 naves
785 1926 845 1993 pro
862 1903 958 1968 natali
973 1904 1041 1967 solo
1054 1904 1095 1968 ad
1112 1903 1293 1971 ducendam
1308 1904 1353 1965 vi·

303 2015 368 2063 tam
379 2001 572 2092 delegerant.
586 2005 644 2068 His
654 2026 768 2067 omnes
782 2004 848 2067 fere
861 2003 977 2068 Ciliciae
988 2004 1250 2093 Pamphyliaque
1261 2002 1352 2067 urbes

302 2104 470 2187 patebant,
491 2103 663 2169 dulcedine
683 2104 765 2168 lucri
785 2104 894 2167 forum
913 2104 1028 2192 proedae
1051 2094 1247 2187 vendende,
1268 2103 1353 2168 nari-

301 2200 428 2289 busque
445 2226 559 2268 eorum
579 2205 751 2269 stationem
772 2204 961 2291 prebentes.
977 2204 1092 2270 Sidete
1108 2205 1241 2293 quidem
1262 2224 1353 2268 naves

213 2328 219 2345 ¹
301 2304 397 2367 etiam
415 2305 454 2368 iis
473 2304 689 2388 fabricabant,
714 2321 747 2368 et
764 2321 873 2393 captos
894 2304 935 2369 ab
953 2300 1014 2370 illis
1033 2308 1137 2395 palam
1153 2307 1351 2383 vendebant,

301 2406 446 2491 quamvis
461 2403 580 2470 liberos
595 2427 664 2470 esse
680 2406 799 2470 scirent
812 2422 844 2470 et
857 2406 1043 2472 faterentur.

343 2506 497 2570 XXXIII.
514 2507 684 2571 Diversum
700 2507 874 2596 Lyciorum
894 2508 1097 2588 institutum,
1121 2529 1229 2596 eoque
1249 2505 1353 2594 dispar

299 2607 394 2670 etiam
415 2609 543 2672 fortuna
564 2608 644 2689 fuit,
663 2609 719 2696 qui
739 2629 845 2695 neque
864 2623 1004 2690 terrore,
1026 2629 1133 2694 neque
1150 2607 1246 2672 lucro
1263 2605 1352 2684 victi,

298 2731 428 2772 ornnem
451 2731 527 2772 cum
551 2709 704 2773 Cilicibus
728 2708 912 2772 societatem
937 2723 1121 2772 constanter
1144 2723 1352 2783 recusarunts

297 2831 437 2896 quorum
459 2807 575 2873 deinde
594 2808 769 2874 exscidium
793 2807 869 2872 salvi
890 2810 1089 2897 sospitesque
1102 2807 1278 2891 viderunt,
1295 2809 1353 2872 nisi

275 2909 385 2996 'quod
407 2933 425 2973 e
445 2907 588 2973 finitimis
608 2909 717 2991 bellis,
741 2909 830 2973 velut
852 2931 891 2972 ex
912 2909 1018 2973 vicino
1041 2907 1211 2992 incendio,
1231 2925 1351 2998 partem

295 3011 434 3097 aliquam
447 3033 548 3098 vapor
564 3007 691 3074 afflavit.
708 3011 867 3074 Caeterum
884 3009 1001 3098 piratas
1017 3010 1053 3073 L.
1062 3010 1209 3074 Muraena
1230 3031 1352 3098 nuper,

295 3109 452 3197 imperato
466 3109 646 3174 civitatibus
655 3109 755 3190 Asiae,
770 3125 808 3173 ut
817 3131 857 3173 ex
866 3109 1002 3198 pecnnia
1015 3109 1161 3198 vectigali
1175 3112 1292 3199 populi
1304 3132 1354 3174 ro·

295 3213 381 3274 mani
396 3233 491 3274 naves
506 3212 662 3290 facerent,
680 3209 844 3298 paulisper
858 3222 1068 3298 repressorem
1082 3209 1140 3274 sed
1154 3211 1233 3297 quia
1248 3229 1354 3298 neque

294 3311 491 3398 receptacula
500 3310 630 3374 illorum
644 3325 825 3400 expugnata
838 3325 945 3390 erant,
960 3330 1065 3397 neque
1078 3310 1248 3398 prohiberi
1261 3327 1353 3399 pote·

276 3425 357 3490 rat,
372 3410 547 3496 quominus
559 3410 668 3498 plures
684 3407 828 3496 quotidie
845 3409 886 3473 ad
898 3410 1027 3474 illorum
1044 3410 1233 3474 institutum
1247 3411 1354 3476 afflue·

292 3525 382 3590 rent,
399 3526 571 3598 postquam
589 3510 733 3574 Muraena
749 3509 885 3574 decessit
904 3531 943 3574 ex
956 3510 1047 3590 Asia,
1069 3509 1142 3598 plus
1161 3495 1298 3574 terroris
1317 3531 1352 3572 ac

291 3610 418 3691 damni,
435 3631 532 3698 quarn
549 3631 695 3698 unquam
712 3625 825 3693 antea,
841 3612 958 3700 passim
977 3610 1146 3676 dederunt.

334 3713 486 3776 XXXIV.
503 3713 573 3777 lam
588 3711 675 3775 enim
693 3728 726 3776 et
742 3711 878 3777 Siciliam
897 3711 1107 3792 infestabant,
1124 3727 1162 3775 ut
1175 3711 1262 3774 circa
1281 3731 1350 3774 eam

289 3812 427 3877 insulam
445 3813 568 3877 nemini
587 3827 656 3876 tuta
672 3812 831 3901 navigatio
851 3827 954 3894 esset3
977 3825 1272 3898 occurrentemque
1292 3810 1352 3873 sibi

322 4023 339 4087 s
356 4022 466 4071 XXXII.
486 4022 565 4071 Strab.
582 4023 626 4070 ttb.
639 4023 711 4080 xlv,
733 4037 758 4086 p.
776 4021 826 4076 ost
842 4034 866 4070 st
879 4021 939 4070 665.
957 4047 992 4059 -
1010 4017 1027 4085 s
1041 4021 1162 4070 XXXIII.
1181 4021 1296 4088 Appiae.
1318 4045 1352 4058 -

287 4113 339 4161 cic.
352 4111 377 4155 in
388 4111 457 4157 Vera.
471 4111 496 4167 1,
510 4109 553 4159 35.
