2875 4900
292 372 345 443 ru
374 372 485 443 roc.
512 374 607 442 um.
632 372 698 443 ev
728 372 946 443 mvrlur.
999 320 1006 341 ’
1085 375 1156 473 573

97 497 177 559 stetis
195 494 277 559 nibil
298 518 453 583 arrogare
471 494 580 559 debere
603 497 636 557 in
659 494 839 559 Genuam.
864 494 947 558 Inde
968 516 1079 565 causas
1095 501 1157 566 sibi

98 613 216 662 struens
237 598 358 679 Caesar,
375 620 435 686 per
456 618 536 684 quas
556 596 710 661 Rhenum
735 596 968 662 transmitteret
988 598 1159 690 (cupiebat

97 698 174 760 enim
193 698 316 762 nemini
328 700 552 762 Romanorum
572 712 702 763 tentatae
717 698 765 761 rei
783 697 918 787 gloriam
934 697 1086 789 adipisci)
1103 703 1156 768 lu·

97 796 170 861 bens
182 798 304 864 audivit
326 799 486 863 Ubiorum
502 814 662 881 oratores,
680 799 738 888 qui
752 800 897 863 adversus
910 800 1023 865 Suevos
1038 804 1157 894 implo-

96 898 202 963 rabant
216 922 286 989 opes
301 899 450 981 Caesaris,
467 898 673 989 Rhenumque
684 900 855 989 trajectum
869 924 1020 991 magnam
1030 908 1160 971 mouent

97 1004 210 1089 coptum
225 1001 474 1091 pollicebantur.
488 1002 594 1065 Caesar
612 1016 713 1089 ponte
734 1000 917 1090 transgredi
938 1005 1070 1087 maluit,
1090 1030 1158 1095 quo

97 1102 175 1166 intra
192 1102 261 1168 dies
278 1102 390 1168 decem
408 1104 541 1185 effecto,
559 1102 702 1167 traduxit
718 1104 913 1186 exercitum,
929 1120 962 1169 et
977 1109 1159 1195 proximam

97 1202 271 1270 Germaniae
283 1220 408 1294 partem
420 1221 544 1269 vastare
557 1205 665 1293 coepit.
680 1203 746 1268 Sed
756 1204 814 1269 ubi
828 1226 863 1268 se
872 1205 1031 1295 Sigambri
1041 1210 1075 1273 in
1088 1210 1160 1274 locs

96 1304 242 1393 impedita
257 1322 468 1396 receperunt,
480 1306 660 1393 Suevique,
675 1306 782 1369 missis
799 1328 1058 1394 quaquaversum
1075 1334 1161 1375 nun·

97 1406 160 1489 tiis,
178 1431 293 1499 cogere
310 1408 487 1473 exercitum
506 1407 760 1489 nuntiabantur,
772 1408 880 1471 Caesar
894 1409 971 1473 satis
989 1426 1022 1475 et
1038 1411 1078 1476 ad
1094 1413 1161 1476 lau·

97 1506 182 1593 dem,
195 1510 283 1575 etad
301 1510 473 1575 utilitatem
486 1510 671 1597 profectum
689 1508 882 1589 arbitratus,
899 1506 1029 1575 reduxit
1041 1513 1075 1575 in
1090 1512 1162 1577 Gal·

96 1606 164 1675 liam
180 1612 308 1701 copias,
321 1628 524 1701 pontemque
536 1610 687 1693 rescidit,
702 1610 772 1673 dies
786 1608 923 1673 omnino
935 1595 1161 1703 duodeviginti

97 1726 177 1775 trans
190 1714 344 1777 Rhenum
359 1728 591 1777 commoratus.

136 1813 196 1879 LV.
210 1813 310 1895 Inde,
326 1836 430 1902 quum
444 1814 559 1903 exigua
573 1832 647 1901 pars
662 1810 779 1875 aestatis
795 1825 996 1898 superesset,
1012 1811 1109 1876 etiam
1124 1812 1157 1877 in

96 1914 286 1981 Britanniam
299 1914 470 2005 navigandi
484 1913 570 2002 cepit
582 1912 760 1999 impetum,
775 1926 813 1975 ut
823 1909 979 1986 insulam,
992 1932 1034 1973 ne
1044 1911 1160 1975 vicinis

95 2014 221 2101 quidem
240 2016 424 2105 cognitam,
439 2013 559 2094 adiret3
584 2011 675 2101 quod
692 2035 791 2076 nemo
807 2010 916 2075 adbuc
932 2012 1158 2077 Romanorum

95 2112 217 2181 iecerat.
229 2116 376 2205 Tempus
391 2115 432 2180 ad
449 2114 557 2203 exigui
576 2113 672 2177 maris
692 2113 883 2193 transitum,
900 2113 1162 2201 cognoscendos-

96 2238 155 2303 que
171 2218 402 2283 Britannorum
417 2216 559 2297 animos,
574 2214 757 2279 sufficiebat
770 2236 779 2278 ι
794 2214 882 2278 idem
895 2212 1070 2278 obtentum
1081 2236 1162 2302 prae·

96 2318 193 2383 stabat
204 2319 292 2384 bello
306 2318 427 2383 omisso
441 2316 615 2398 redeundi,
628 2316 655 2380 si
668 2314 832 2380 difficilius
849 2338 907 2404 spe
918 2338 976 2379 sua
990 2317 1160 2405 negotium

95 2420 272 2508 reperisset.
295 2421 379 2486 Nam
404 2418 444 2484 ad
469 2418 503 2484 id
528 2433 656 2508 tempus
679 2416 762 2483 adeo
790 2417 909 2482 Graecis
936 2418 1160 2508 Romanisque

95 2518 198 2608 ignota
223 2523 330 2586 Rrerat
352 2520 537 2601 Britannia,
567 2536 605 2584 ut
629 2519 682 2584 alii
706 2517 941 2608 magnitudinis
966 2538 1161 2609 argumento

95 2623 312 2689 continentem
329 2645 399 2687 esse
421 2621 583 2703 dicerent,
607 2621 766 2709 opinione
785 2621 848 2685 bac
865 2645 971 2710 usque
992 2622 1033 2686 ad
1056 2625 1161 2713 impe·

95 2721 175 2787 rium
188 2723 378 2812 Vespasiani
394 2721 579 2804 obtinente;
600 2723 794 2786 vetustiores
812 2745 934 2786 nomen
951 2739 1049 2812 atque
1065 2725 1160 2790 sabu-

95 2821 153 2887 lam
167 2826 238 2890 sine
255 2847 310 2907 re,
328 2821 491 2913 quidquid
507 2822 548 2888 de
566 2823 619 2886 illa
636 2821 817 2902 diceretur,
833 2822 1064 2888 existimarent.

134 2921 214 2992 LVI.
230 2929 321 2992 Dum
334 2947 431 2988 naves
446 2940 655 3013 apparantur,
669 2922 877 2987 Morinorum
890 2923 988 3012 legati
1004 2921 1160 2989 dedendae

95 3027 194 3110 gentis
206 3049 287 3118 ergo
298 3041 468 3090 venerunt.
484 3025 621 3090 Gratum
635 3023 669 3088 id
682 3024 800 3087 Caesari
813 3025 893 3105 fuit,
911 3023 1002 3112 quod
1012 3025 1047 3088 in
1060 3025 1160 3090 alium

93 3127 177 3193 velut
188 3128 305 3194 orbem
321 3127 515 3208 transituro,
529 3127 639 3191 nullus
651 3149 670 3190 a
683 3141 775 3214 tergo
785 3125 889 3188 hostis
902 3125 1159 3214 relinquebatur.

94 3225 192 3316 Igitur
208 3230 378 3320 praemisso
399 3225 441 3292 ad
466 3225 701 3316 speculandum
726 3249 803 3291 cum
824 3249 891 3290 una
910 3249 991 3292 nave
1008 3229 1161 3294 C.Volu·

94 3349 186 3414 seno,
196 3354 303 3422 quum
315 3329 452 3394 navibus
462 3327 542 3394 duas
553 3329 690 3394 omuino
701 3327 845 3416 legiones
854 3327 1076 3416 imposuisset,
1085 3353 1164 3418 pau·

93 3431 135 3494 cis
147 3433 239 3498 horis
251 3431 451 3497 Britanniam
466 3430 588 3520 attigit,
602 3429 750 3518 peditatu
764 3444 892 3493 tanmm
904 3429 1057 3518 stipatus3
1070 3429 1161 3519 quod

93 3535 215 3620 equites
241 3535 305 3599 alio
330 3533 403 3598 loco
429 3531 648 3597 conscendere
669 3531 751 3610 jussi
778 3529 992 3595 tardaveraut.
1017 3531 1162 3596 Britanni

94 3657 296 3726 quanquam,
313 3635 444 3700 Caesaris
458 3631 663 3722 expeditione
679 3631 827 3720 cognita,
843 3629 963 3719 legatos
980 3631 1014 3694 in
1024 3631 1162 3696 Galliam

93 3735 262 3819 miserant,
278 3735 472 3824 obsequium
487 3750 520 3798 et
535 3730 665 3798 obsides
678 3731 830 3820 polliciti;
847 3746 955 3795 tamen
973 3731 1159 3821 frequentes

92 3839 222 3920 armati,
236 3837 278 3902 ad
288 3834 532 3926 prohibendum
549 3855 707 3898 exscensu
720 3833 874 3914 militem,
886 3834 1159 3922 opperiebantur:

127 4047 143 4113 s
161 4049 228 4097 LIV.
245 4049 307 4096 Caes.
325 4075 360 4084 —-
377 4049 481 4096 Sueten.
498 4046 524 4095 in
538 4045 600 4096 Cas.
610 4061 632 4094 c.
643 4046 686 4094 2⁵.
700 4073 735 4082 -
752 4047 854 4092 Βία-
870 4044 1023 4110 sumen.
1039 4047 1076 4103 ll,
1090 4048 1124 4103 46
1136 4059 1160 4096 et

96 4137 134 4191 47.
150 4159 185 4170 -
199 4131 283 4182 strab.
294 4132 339 4180 llb.
349 4133 393 4190 Π,
405 4149 430 4196 p.
444 4141 598 4196 199etaoo.
611 4155 645 4166 -
659 4130 760 4177 sueton.
775 4154 809 4164 -
819 4129 879 4174 Tac.
892 4127 977 4190 Agris.
989 4144 1011 4175 e.
1025 4129 1065 4177 13.
