2875 4900
324 401 394 474 apo
497 378 566 448 JO.
593 374 931 452 FREINSHEMII
960 377 1204 450 SUPPLEM.

323 497 515 564 subducem.
532 499 586 564 Sic
598 499 758 566 maritima
776 500 977 589 oppugnatio
995 501 1030 564 in
1047 500 1175 564 initum
1192 500 1299 568 cessit:
1312 497 1360 565 sed

322 616 442 665 eterra
461 598 578 688 triplex
597 599 710 666 malem
729 599 783 666 die
800 615 937 664 conatus
954 601 1071 678 facum,
1085 600 1296 687 uraebinnqne
1311 597 1361 664 ad·

320 716 431 782 motae,
448 699 592 788 gnaviter
605 699 648 764 ad
662 697 886 766 defensionem
901 702 1171 766 concurrentibus
1188 699 1361 789 oppidanis,

320 803 369 865 uti
382 823 515 889 quoque
528 801 600 866 loco
610 800 782 869 necessitas
794 801 997 888 postulabat:
1009 802 1124 866 arietes
1139 819 1195 866 aut
1208 801 1361 866 libramen·

320 903 362 965 tis
384 923 535 965 saxorum
556 901 680 981 injectis
700 901 1012 990 prmffingebantur‚
1039 921 1097 968 aut
1121 903 1240 992 laqueis
1260 923 1359 967 eorum

182 1013 186 1019 '
319 1003 547 1066 avertebantur
566 1002 666 1084 ictus,
683 1019 741 1067 ant
755 1003 890 1082 objectis
907 1027 925 1068 e
941 1004 1061 1070 vimine
1079 1005 1217 1071 cratibus
1233 1005 1300 1070 lana
1317 1025 1359 1070 rc·

319 1102 413 1190 pletis
435 1101 651 1165 eludebantur
672 1125 681 1168 s
703 1117 817 1168 contra
837 1103 939 1192 ignita
958 1105 1038 1185 tela,
1060 1107 1141 1171 aceti
1163 1122 1197 1170 et
1219 1123 1359 1194 aquarum

318 1203 413 1290 copia
427 1219 545 1289 prtssto
560 1219 630 1267 erat
647 1225 656 1268 τ
674 1219 789 1270 entem
810 1204 940 1270 missilia
958 1206 1102 1270 restibus
1121 1205 1359 1292 nemoribusque

317 1304 468 1392 oppansis
483 1304 609 1392 impetu
618 1305 721 1369 fracto
733 1305 891 1370 cadebant
899 1305 1007 1388 irrita3
1022 1307 1104 1370 nibil
1119 1305 1271 1395 denique,
1282 1303 1358 1394 quod

267 1484 271 1489 .
317 1405 459 1470 bulnana
472 1408 645 1494 suggerere
658 1421 715 1472 aut
729 1406 862 1496 exsequi
878 1405 1037 1472 industria
1048 1407 1168 1498 possit,
1182 1405 1358 1494 aCysinenit

317 1506 538 1572 omittebatur.
1238 1529 1240 1534 ·

360 1607 451 1670 lilll.
474 1608 590 1694 Neque
608 1623 715 1672 tamen
733 1607 899 1696 prohiberi
921 1609 1045 1696 potuit,
1066 1629 1107 1672 ne
1129 1631 1202 1697 pars
1219 1607 1357 1672 menium

316 1727 488 1788 succensa,
502 1707 565 1771 snb
579 1727 746 1796 vesperam
762 1707 958 1774 concideret.
974 1707 1038 1774 Sed
1051 1709 1170 1786 hostis,
1184 1733 1225 1774 ne
1240 1731 1294 1797 per
1306 1707 1358 1770 rui·

315 1829 374 1871 nas
384 1807 594 1896 irmmpenet,
608 1808 723 1872 ardore
736 1807 878 1872 incendii
890 1809 1058 1874 vetabatur
1070 1831 1078 1874 ε
1090 1807 1212 1874 idcirco
1226 1806 1357 1895 mquend

314 1924 411 1972 nocte
427 1908 549 1972 obsessi
570 1907 634 1971 alin
655 1909 868 1973 munimento
885 1909 1023 1974 excitato
1046 1910 1232 1974 clauserunt
1251 1909 1356 1974 locum.

235 2040 244 2052 ν
312 2007 533 2088 Mithridates,
545 2031 636 2072 rante
648 1995 901 2098 oppugnationis
915 2008 1029 2074 dolore
1042 2033 1142 2100 teger,
1155 2011 1242 2077 varie
1257 2031 1289 2074 se
1304 2023 1356 2076 tor·

312 2110 450 2196 quebat,
468 2131 535 2174 non
554 2110 660 2173 solnm
675 2110 795 2174 virtute
814 2110 1040 2192 obsessorum,
1060 2109 1117 2174 sed
1134 2111 1231 2176 etiam
1247 2107 1356 2174 casibus

311 2211 458 2292 territus,
472 2231 556 2297 quos
570 2210 717 2298 plerique
727 2208 768 2274 ad
778 2210 917 2276 ferentia
933 2211 1100 2299 Cyzicenis
1115 2212 1250 2276 numina
1260 2209 1357 2274 mlere

312 2309 401 2377 bant.
424 2310 620 2401 Aristagoras
641 2311 748 2392 enirn,
767 2311 825 2399 qui
845 2313 880 2376 in
903 2333 1035 2376 summo
1054 2311 1242 2400 magistratu
1256 2307 1355 2399 populi
1407 2329 1408 2340 ¹

308 2410 441 2498 agebat,
453 2411 678 2499 Proserpinam
692 2410 852 2477 adstitisse
863 2413 924 2478 sibi
938 2411 1117 2477 insomniis
1129 2412 1304 2493 asserebat,
1317 2407 1357 2473 di·

309 2526 455 2591 oensem,
468 2511 621 2576 adversus
635 2512 785 2599 ponticm
801 2513 977 2597 tubicines,
992 2514 1128 2577 alricum
1146 2536 1184 2579 se
1207 2513 1355 2579 tibicinem

309 2600 521 2698 comparasse.
535 2612 730 2679 Mirantibus
742 2613 827 2679 banc
836 2635 949 2679 rocem
962 2614 1141 2703 Cyzicenis,
1157 2612 1355 2704 subprimere

309 2711 416 2777 lucem
438 2713 654 2779 intumescere
673 2736 780 2795 mare,
799 2716 969 2803 ventisque
987 2714 1192 2783 sibilantibus
1214 2714 1356 2783 machina

307 2812 446 2878 stridere
458 2828 627 2903 coeperunt
638 2836 647 2878 t
660 2835 737 2878 mox
753 2814 933 2879 incredibili
945 2814 1149 2879 'vehementia
1160 2832 1290 2881 coortus
1298 2814 1355 2877 du·

309 2930 376 2977 ster
391 2930 496 2979 turres
519 2914 679 2996 bostium,
696 2914 782 2979 inter
798 2936 878 3002 quas
897 2931 930 2980 et
949 2916 1037 2983 illam
1057 2916 1218 3005 insignem
1237 2931 1355 2981 centum

308 3013 495 3079 cubitorum
514 3013 701 3095 altitudine,
718 3030 886 3079 momento
906 3014 1047 3100 disjecit,
1069 3032 1100 3081 et
1115 3018 1278 3083 machinas
1290 3012 1355 3081 reli·

309 3134 390 3200 quas
403 3114 449 3177 ita
464 3114 628 3194 lacerarit,
644 3130 683 3178 ut
696 3114 828 3179 inutiles
841 3116 1066 3183 redderentur.

352 3214 439 3280 xlv.
465 3214 631 3281 iliensium
654 3236 788 3302 qunque
810 3216 920 3281 muns
942 3218 1128 3306 appnmisse
1146 3240 1206 3306 per
1224 3218 1354 3305 φιίοιωι

306 3313 459 3377 Miner-rm
480 3316 620 3401 speciem
643 3316 770 3391 ferunt,
794 3318 899 3381 multo
917 3316 1036 3383 sudore
1059 3319 1236 3400 manantis,
1256 3332 1354 3381 essens

306 3435 406 3500 saque
420 3416 508 3503 pepli
527 3430 618 3503 perte
632 3414 796 3502 disrupta,
814 3414 968 3498 docens,
982 3416 1082 3481 modo
1096 3440 1130 3485 se
1143 3419 1184 3483 ab
1199 3440 1261 3507 ope
1271 3412 1354 3503 Cyti-

305 3514 394 3579 cenis
405 3515 538 3579 ferenda
547 3515 674 3581 reverti.
687 3514 788 3582 atiud
798 3514 916 3580 deinde
931 3517 1121 3585 miraculum
1135 3532 1242 3606 captas
1254 3534 1354 3603 super·

304 3614 436 3678 stitione
453 3629 597 3695 mentes,
615 3636 676 3702 pro
698 3613 897 3681 diversarum
915 3617 1057 3703 partium
1080 3617 1209 3700 studiis,
1228 3638 1284 3705 spe
1305 3626 1355 3675 ³¹1¹

305 3730 397 3779 metu
410 3711 553 3802 replerit.
564 3716 715 3804 Cyrioeni
731 3716 891 3806 precipua
903 3717 1059 3807 religione
1072 3720 1297 3807 Proserpinam
1311 3731 1354 3774 ve·

304 3811 520 3897 nembannu,
542 3817 597 3881 cui
621 3832 655 3881 et
671 3817 713 3881 ab
733 3819 811 3881 lore
832 3816 918 3883 dotis
937 3818 1071 3884 nomine
1093 3819 1200 3884 datam
1224 3814 1352 3881 insulam

303 3916 498 3985 asserebant.
528 3916 568 3982 Ei
594 3918 768 4005 quotannis
793 3940 885 3983 vacca
919 3920 1008 4009 nigra
1034 3921 1211 4001 faciebant3
1236 3935 1269 3982 et
1292 3913 1352 3977 diet

339 4118 356 4185 5
368 4122 440 4171 ¹111.
453 4120 504 4171 lul.
515 4120 606 4185 Obseq.
624 4146 656 4156 —-
668 4120 733 4169 etur.
747 4146 781 4156 -
796 4120 902 4185 Appias.
917 4120 1028 4169 Mithrid.
