2875 4900
277 344 346 414 ὼ
448 296 880 415 ro,rua1usunu11
914 336 1156 409 surenam

275 461 452 529 admodum
471 477 504 524 et
522 442 680 523 friabilem
695 459 943 523 comminuere:
962 475 1059 546 atque
1081 458 1133 522 illa
1150 458 1260 525 labore
1279 460 1340 525 ho·

278 566 425 647 minum,
442 583 668 651 equorumque
685 561 772 623 ultro
789 542 936 647 citrdque
955 582 1138 647 supeream
1157 558 1341 631 discurren-

276 668 359 731 tium
373 664 503 753 ungulis
517 664 610 745 trita,
626 684 730 749 quum
743 684 761 724 a
772 678 869 726 vento
886 676 975 749 rapta
991 660 1024 724 in
1039 684 1143 725 aerem
1158 662 1340 743 tolleretur,

274 767 382 831 statim
396 764 496 831 densa
507 762 653 851 quaedam
665 762 782 826 nebula
795 763 1021 851 speluncarum
1031 762 1111 826 ostia
1120 763 1341 855 fenestrasque

277 867 439 931 obturarit
452 887 581 953 tneque
592 862 657 943 jam
671 879 729 926 aut
744 864 824 927 lucis
840 886 918 927 usus
934 878 1118 951 supererat,
1134 880 1190 927 aut
1205 865 1343 957 recipro-

279 966 390 1036 candae
403 967 517 1031 animae
533 988 636 1053 purus
652 964 846 1053 suppetebat
857 986 928 1026 aer:
946 986 1006 1027 uec
1016 964 1103 1027 enim
1116 962 1208 1027 aliam
1225 963 1259 1025 in
1274 986 1343 1051 par-

277 1084 343 1139 tem
358 1082 476 1155 apertae
496 1066 626 1138 illorum
643 1064 878 1147 habitationes,
893 1078 950 1127 aut
967 1064 1032 1127 ulla
1053 1062 1193 1127 ducendi
1209 1064 1342 1153 spiritus

278 1168 371 1259 copia
387 1167 533 1231 dabatur.
555 1164 660 1228 Biduo
683 1182 791 1233 tamen
811 1164 1036 1229 sustinuerunt
1054 1161 1118 1227 hoc
1138 1164 1259 1227 malum
1281 1165 1343 1230 ob·

277 1267 377 1347 sessi3
400 1266 495 1329 tertio
518 1266 592 1346 die,
616 1266 691 1353 quia
714 1281 938 1356 perseverante
960 1281 1057 1327 vento
1079 1264 1342 1348 suffocabantur,

212 1424 218 1433 ,
274 1383 357 1439 aunt
369 1366 481 1432 dediti.

324 1467 395 1538 XV,
416 1468 585 1532 Dum‘haec
600 1483 777 1559 geruntur,
795 1468 827 1531 in
846 1468 1032 1556 Hispaniam
1047 1468 1220 1559 Pompeius
1236 1470 1342 1551 venit,

245 1579 248 1584 '
279 1569 458 1655 arrectique
474 1570 623 1636 omnium
638 1569 738 1633 animi
755 1585 864 1650 erant,
883 1584 922 1631 ut
936 1568 1037 1650 solet,
1055 1568 1096 1633 ad
1113 1568 1188 1633 nori
1205 1571 1344 1659 impera-

279 1668 359 1732 toris
372 1670 510 1752 famam3
526 1669 684 1756 multique
697 1670 829 1757 populi,
843 1669 899 1759 qui
916 1670 1025 1733 minus
1039 1687 1223 1735 constanter
1237 1670 1345 1738 adhae-

279 1770 396 1835 rebant
416 1771 578 1853 Sertorio,
599 1770 728 1854 J'amjam
750 1770 905 1837 mutaturi
930 1771 1035 1835 socios
1056 1770 1259 1837 videbantur.
1281 1774 1344 1840 Sed

279 1872 460 1960 insperatus
476 1870 518 1934 ad
532 1871 714 1939 Lauronem
729 1894 822 1936 casus
839 1886 871 1934 et
888 1870 1010 1955 dubios
1022 1872 1055 1933 in
1070 1871 1179 1936 officio
1194 1874 1344 1955 retinuit,

280 1986 313 2035 et
325 1969 409 2035 fidos
423 1969 633 2035 confirmavit.
648 1972 810 2036 Sertorius
824 1995 893 2035 eam
911 1972 1025 2037 urbem
1043 1972 1227 2055 obsidebat,
1241 1997 1343 2063 quum

278 2072 466 2136 universum
480 2072 656 2135 exercitum
668 2068 765 2135 suum
776 2119 786 2152 ,
798 2069 885 2161 apud
896 2070 1083 2137 Pallantiam
1095 2074 1270 2137 convenire
1278 2073 1346 2155 jus-

280 2194 591 2253 sum,succursurus
600 2172 738 2236 obsessis
748 2173 924 2260 Pompeius
932 2170 1075 2239 adduxit.
1086 2174 1246 2241 Tumulus
1257 2174 1346 2241 haud

280 2274 395 2367 procul
415 2273 497 2337 urbe
514 2274 697 2356 visebatur,
712 2296 810 2362 quem
832 2274 888 2361 qui
906 2274 996 2361 prior
1012 2291 1215 2364 occupasset,
1230 2300 1346 2367 magna

282 2390 352 2450 ¹erat
366 2398 405 2442 ex
414 2376 487 2439 loco
498 2374 671 2439 commoda
685 2374 867 2438 habiturus.
880 2375 1028 2462 Utroque
1042 2374 1125 2439 duce
1136 2394 1346 2468 properante,

283 2476 444 2549 Sertorius
456 2499 557 2564 quum
568 2477 790 2565 praerenisset,
803 2478 952 2540 exclusus
961 2499 996 2540 ea
1007 2498 1064 2564 spe
1073 2477 1248 2568 Pompeius
1258 2479 1348 2544 haud

282 2599 323 2640 eo
336 2578 444 2642 minus
459 2579 532 2642 laeto
544 2579 655 2644 animo
667 2578 800 2667 agebat,
814 2576 903 2666 quod
918 2579 1003 2641 inter
1015 2600 1111 2641 suum
1126 2580 1303 2648 exercitum
1316 2598 1349 2648 et

280 2679 464 2752 Lauronem
477 2679 666 2755 interclusas
678 2680 814 2744 Sertorii
831 2679 938 2767 copias
952 2694 1061 2742 tenere
1075 2677 1215 2744 rebatur.

326 2780 414 2845 xvl.
433 2780 537 2870 lgitur
553 2781 659 2856 missis
677 2780 719 2845 ad
736 2769 959 2845 Lauronenses
977 2777 1118 2860 nuntiis,
1135 2777 1225 2846 bono
1237 2781 1352 2846 animo

281 2902 350 2946 este
362 2879 469 2962 jubet,
482 2897 579 2968 atque
592 2881 797 2960 considentes
811 2881 845 2943 in
861 2881 1022 2944 moenibus
1036 2880 1158 2944 obsessi
1171 2881 1354 2948 obsessoris

282 2982 467 3071 spectaculo
486 2981 559 3046 lrui.
581 2981 760 3066 Sertorius,
775 2981 925 3066 jactantia
944 2979 1091 3069 Pompeii
1106 2998 1289 3069 comperta,
1306 2985 1355 3048 ri·

283 3081 364 3147 dens
379 3083 438 3163 ait,
455 3105 512 3156 «se
529 3081 725 3172 discipulum
744 3083 840 3147 Sullae
853 3081 919 3169 (sic
931 3079 1110 3171 appellabat
1125 3103 1199 3144 eum
1216 3079 1355 3147 ludibrii

279 3213 293 3238 ι
303 3181 411 3269 musa)
419 3181 738 3266 docturum,debere
746 3183 819 3272 plus
828 3182 987 3273 respicere
999 3181 1355 3271 imperatorem,quam

282 3283 522 3369 «prospicere»,
546 3283 649 3348 Simul
671 3283 816 3348 ostendit
838 3282 975 3356 obsessis
1002 3305 1058 3346 sex
1081 3283 1180 3348 millia
1202 3284 1356 3373 peditum

283 3381 446 3467 prion‘bus
465 3380 499 3444 in
521 3384 631 3452 castris
647 3385 772 3466 relicta,
789 3399 827 3450 ut
838 3383 1051 3474 Pompeium,
1067 3384 1092 3447 si
1105 3385 1184 3450 inse
1198 3386 1358 3456 movisset

283 3481 423 3568 signa,a
440 3497 531 3570 tergo
548 3483 810 3574 aggrederentur.
828 3485 876 3548 lta
892 3483 1038 3574 Pompeii
1052 3484 1207 3579 gaudium
1222 3487 1357 3566 irritum

284 3579 350 3643 cito
369 3579 405 3644 in
425 3601 553 3668 gravem
574 3583 802 3654 verecundiam
819 3585 937 3649 vertit:
956 3607 1030 3650 nam
1047 3587 1149 3656 serius
1168 3609 1280 3652 errore
1296 3613 1359 3655 co·

282 3679 391 3771 guito,
404 3703 506 3768 quum
517 3704 624 3774 neque
635 3684 785 3761 invadere
793 3685 988 3766 Sertorium,
1002 3707 1043 3748 ne
1052 3685 1358 3773 circumveniretur,

281 3781 430 3862 auderet,
442 3803 548 3868 neque
559 3806 625 3870 proe
635 3784 762 3873 pudore
774 3787 958 3850 Lauronem
970 3787 1144 3852 sustineret
1155 3789 1357 3878 relinquere,

278 3885 486 3972 pereuntium
502 3885 667 3949 sociorum
683 3903 846 3974 spectator
862 3889 986 3952 otiosus
1000 3887 1142 3954 sedebat.

252 4113 255 4125 .
315 4071 332 4138 s
345 4076 403 4136 V·
417 4075 481 4141 Plut.
492 4077 519 4126 in
531 4080 618 4164 Pomp.
631 4096 685 4145 erp.
697 4083 745 4140 at,
755 4093 779 4132 et
791 4082 816 4150 ip
829 4085 921 4132 sertor.
932 4109 967 4119 -
980 4083 1091 4146 ΟΜΝ,
1106 4085 1147 4132 2³.
