2875 4900
280 319 326 394 36
402 397 409 408 ¹
447 319 515 386 JO.
544 314 882 386 FREINSHEMII
914 318 1160 388 SUPPLEM.

323 439 390 503 XL.
407 437 492 502 Eum
502 435 700 500 Aristionem
714 458 755 500 ex
763 436 962 518 Aristotelis,
979 437 1051 520 tel,
1065 454 1103 502 ut
1124 438 1179 502 alii
1194 438 1343 524 malunt,

278 564 318 606 ex
333 539 465 628 Epicuri
483 537 593 609 schola
611 537 806 625 sophistam,
825 538 1038 604 Athenienses
1053 539 1095 604 ad
1116 539 1343 608 Mithridatem

277 645 419 731 legatum
445 639 630 702 miserant:
658 651 691 702 et
718 661 776 704 rex
806 639 947 729 benigne
974 657 1162 730 acceptum,
1185 645 1343 730 quoniam

277 743 386 834 magni
409 739 586 806 aestimabat
603 739 820 805 Athenienses
837 740 958 826 habere
971 742 1092 823 socios,
1108 741 1143 806 in
1161 743 1341 809 amioomm

275 845 445 910 cohortem
454 854 632 929 receperat3
643 839 778 928 ejusque
793 863 891 930 opera
901 842 937 906 in
946 842 1162 932 legationibus
1174 842 1216 908 ad
1225 867 1342 933 grnoes

276 946 373 1010 urbes
387 942 548 1008 utebatur.
565 941 672 1028 Atque
692 941 747 1006 ille
761 963 845 1032 sepe
858 941 995 1006 domum
1009 942 1199 1008 missitando
1214 944 1341 1028 literas,

277 1047 410 1137 gratiam
437 1063 551 1124 snam,
575 1041 726 1130 regisque
744 1041 1002 1132 magnitudinem
1022 1043 1221 1108 extollebat:
1246 1043 1342 1135 hrq‘us

276 1148 448 1212 asabitum
458 1146 488 1208 si
495 1141 767 1232 mpkemmnurr,
778 1143 953 1208 etnudetas
965 1167 988 1208 a
1000 1145 1152 1208 romans
1166 1143 1342 1234 drbtassa-

275 1262 378 1314 ctums
389 1245 488 1325 lucri;
504 1259 552 1326 st,
568 1245 707 1308 maturo
710 1242 827 1333 populi
835 1246 978 1332 r'mpenb,
990 1247 1137 1308 materhra
1139 1245 1269 1334 publscc
1271 1250 1343 1335 pri-

276 1351 434 1438 votimque
448 1370 470 1410 a
482 1365 554 1434 rege
568 1367 698 1410 murrera
711 1348 930 1434 impetraturos
941 1367 1014 1410 esse.

319 1449 405 1514 XLI.
424 1450 473 1513 Ita
491 1445 657 1512 levissimas
673 1447 757 1533 parti
774 1445 889 1534 populi
904 1446 996 1511 facile
1013 1468 1204 1534 persuasum
1219 1463 1288 1512 est:
1304 1463 1339 1512 et

275 1573 380 1640 quum
398 1565 565 1639 appareret
578 1548 658 1636 quid
673 1563 758 1613 esset
769 1548 937 1629 futurum,
958 1548 1146 1636 optimates,
1164 1550 1221 1638 qui
1231 1571 1341 1614 roma·

274 1675 390 1716 narum
404 1651 545 1740 partium
563 1665 674 1730 erant,
693 1665 820 1712 mature
833 1665 1062 1714 excesserunt:
1078 1671 1155 1713 cum
1169 1650 1291 1738 quibus
1304 1665 1340 1715 et

274 1755 425 1842 princeps
450 1750 628 1817 Academias
652 1748 748 1813 Philo
771 1749 910 1812 Romam
933 1748 1099 1837 profectus
1125 1766 1184 1815 est.
1203 1751 1340 1814 Interim

277 1853 398 1919 Aristio
412 1876 488 1918 cum
502 1873 590 1917 sacra
599 1899 608 1934 ,
617 1873 691 1938 quae
702 1850 738 1912 in
750 1849 833 1914 Delo
848 1850 970 1930 fuerat,
979 1849 1135 1939 pecunia,
1148 1866 1183 1914 et
1195 1849 1340 1915 duorum

276 1953 415 2018 millium
441 1952 583 2017 militum
609 1949 778 2039 praesidio,
804 1950 896 2038 quod
927 1951 1104 2015 Archelaus
1130 1949 1339 2035 adjunxerat,

273 2055 417 2120 Athenas
437 2053 587 2135 rediens,
606 2067 796 2140 tempestate
818 2052 971 2141 abreptus
991 2050 1080 2140 apud
1101 2053 1265 2141 Carystius
1279 2075 1342 2142 ap·

274 2156 368 2243 pulit.
385 2155 457 2220 Hoc
474 2155 531 2218 nbi
547 2154 671 2243 populo
689 2152 869 2218 atheniensi
883 2169 1106 2240 oompertnm,
1118 2154 1224 2244 longoe
1240 2176 1340 2220 naves

273 2255 315 2322 ad
332 2255 565 2322 deducendum
585 2276 663 2320 eurn
689 2254 884 2337 mittuntur,
902 2276 979 2319 cnm
1005 2255 1082 2319 sella
1102 2256 1261 2345 argenteis
1279 2279 1340 2346 pe·

273 2358 371 2423 dibus
388 2358 479 2422 fulta.

315 2459 418 2523 XLII.
433 2457 669 2523 advenientem
686 2457 792 2522 effusa
808 2458 920 2523 civitas
935 2459 1078 2546 erupit,
1092 2458 1239 2548 plerique
1254 2482 1340 2525 casm

270 2562 309 2623 in
319 2559 542 2625 Mithridatem
560 2559 803 2640 benevolentis,
826 2555 960 2647 quidam
976 2574 1015 2623 nt
1029 2574 1212 2648 spectarent
1226 2561 1338 2649 inopi·

271 2676 386 2725 natum
404 2660 543 2723 fortunar
561 2659 697 2743 ludum,
713 2658 805 2747 quod
820 2659 996 2741 obscurus,
1014 2660 1137 2725 ancille
1155 2660 1261 2743 filius,
1281 2662 1341 2727 ad·

272 2761 449 2850 scriptitius
459 2760 661 2826 Athenarum
672 2759 762 2841 civis,
774 2760 896 2840 majore
905 2760 1005 2842 festu,
1012 2784 1111 2849 qaum
1124 2785 1338 2829 romanorum

272 2862 520 2951 magistratuum
541 2876 703 2950 spectatus
720 2860 893 2949 quisquam
909 2862 1032 2942 haeret,
1049 2861 1253 2927 adventabat.
1270 2865 1339 2929 Oc·

271 2978 439 3028 currerent
454 2963 540 3027 inter
555 2978 687 3027 ooeteros
704 2978 739 3025 et
752 2962 899 3027 Bncchici
916 2960 1071 3043 artifices,
1093 2963 1267 3050 Liberique
1282 2962 1339 3043 ju·

271 3065 372 3130 nioris
398 3064 465 3151 (ita
480 3062 684 3129 Mithridates
698 3064 807 3129 vocari
830 3063 987 3152 coeperat)
1004 3065 1174 3144 nuntium,
1189 3063 1231 3129 ad
1245 3086 1339 3129 corn·

271 3188 405 3230 munem
430 3165 562 3247 focum,
583 3164 760 3253 epulasque
791 3179 825 3228 et
850 3163 1004 3229 sacrificia
1029 3164 1238 3229 invitabant:
1259 3188 1338 3230 narn

270 3282 404 3354 propter
418 3265 545 3329 felicem
566 3266 635 3346 ejus
653 3264 796 3329 reditum
812 3288 900 3331 sacra
917 3266 1093 3350 faciebant,
1109 3282 1161 3349 et,
1185 3288 1338 3355 praecone

241 3398 247 3409 ·
269 3365 399 3454 publice
415 3365 651 3454 proclamante,
667 3365 822 3431 libabant.

313 3466 431 3531 xL111.
448 3464 506 3531 Ille
519 3467 554 3530 in
567 3465 704 3531 domrun
723 3467 983 3555 splendidissime
995 3468 1188 3533 instructam
1204 3468 1339 3557 degres-

269 3590 345 3649 sus,
367 3566 524 3656 postridie
543 3588 618 3631 cum
637 3568 757 3658 insigni
771 3569 910 3650 vestitu,
927 3584 960 3633 et
977 3570 1115 3650 annulo,
1133 3570 1187 3633 cui
1204 3570 1338 3635 Mithri·

269 3668 351 3735 datis
379 3667 541 3757 insculpta
564 3666 686 3759 effigies
710 3684 798 3753 erat,
828 3692 906 3735 curn
930 3692 1046 3759 magna
1073 3668 1337 3735 antecedentium

302 3901 318 3969 s
331 3902 384 3951 Kb.
397 3899 515 3950 Posiden.
528 3898 595 3965 apud
608 3900 699 3950 Athen.
708 3903 742 3959 V,
759 3904 800 3950 ιδ.
816 3930 825 3939 -
839 3928 852 3938 -
868 3902 971 3949 ranan.
984 3900 1029 3949 lib.
1041 3903 1063 3949 1.
1074 3929 1110 3939 -
1123 3900 1140 3965 s
1154 3887 1337 3951 sturmo.

265 4011 301 4024 -
316 3983 371 4036 cis.
384 3986 411 4035 in
423 3986 510 4045 bruto,
534 4000 588 4050 otp.
602 3986 645 4049 89.
660 4011 696 4022 -
708 3984 817 4050 Applan.
837 4012 872 4023 -
889 3983 1007 4063 Posidon.
1019 4012 1055 4023 -
1067 3983 1336 4051 §1tt1.tr.0.ott;

267 4072 298 4116 Α.
310 4070 340 4119 C.
351 4070 393 4129 87.
406 4069 512 4118 -Plnt
524 4070 640 4133 tympus.
653 4066 670 4117 l.
681 4070 705 4127 1,
722 4078 809 4131 quast.
817 4066 844 4115 6.
853 4096 887 4106 -
897 4066 1016 4117 Posiden.
