2875 4900
274 371 344 462 472
453 368 524 435 JO.
550 365 892 434 FRElNSHEMll
925 361 1168 430 SUPPLEM.

274 487 463 575 triumphus
490 509 594 575 quum
617 486 812 566 haberetur,
831 484 914 548 nibil
933 482 1088 547 illustrius
1104 482 1227 563 visum,
1248 502 1334 567 quarn

274 587 366 676 quod
388 587 495 651 tribus
519 586 696 674 triumphis
718 584 855 651 totidem
879 602 1039 650 terrarum
1061 582 1150 647 orbis
1166 598 1268 671 partes
1285 581 1335 645 dc·

273 693 367 755 victte
381 712 511 754 causam
522 689 702 777 titulosque
716 688 939 776 praebuerunt.
951 686 1015 749 Ter
1026 685 1114 749 enirn
1126 683 1219 748 etalii
1231 683 1336 747 trium·

274 791 413 879 phantes
435 790 634 878 Capitolium
655 786 908 871 adscenderant3
929 786 1005 868 hic,
1027 785 1118 876 quod
1138 801 1230 850 antea
1249 784 1338 848 conti·

274 907 366 981 gerat
381 890 525 968 nemini,
538 891 683 979 primum
701 890 907 979 triumphum
927 912 966 953 ex
977 888 1102 969 Africa,
1118 887 1293 953 secundum
1305 909 1336 950 ex

274 994 425 1081 Europa,
438 991 572 1055 tertium
586 1014 627 1055 ex
641 992 718 1055 Asia
730 990 834 1056 duxit.
851 991 905 1056 Ob
925 1008 992 1055 tam
1008 990 1127 1055 celeres
1147 988 1336 1079 grandesque

272 1091 424 1155 victorias
435 1114 452 1153 a
464 1090 629 1179 plerisque
645 1092 767 1183 Magno
782 1091 968 1158 Alexandro
979 1092 1226 1175 conterebatur3
1239 1108 1270 1156 et
1280 1113 1337 1177 quo

276 1192 413 1256 similior
431 1191 461 1254 ci
476 1191 661 1276 videretur,
679 1208 718 1257 ut
728 1192 783 1275 fit,
795 1194 853 1257 ubi
865 1193 931 1259 suis
943 1192 1084 1257 inventis
1097 1192 1247 1257 homines
1258 1192 1337 1257 blan·
1387 1240 1388 1253 ,

278 1293 433 1376 diuntur,
452 1311 595 1382 quatuor
615 1311 649 1359 et
670 1295 803 1383 triginta
821 1295 914 1359 annis
927 1296 1088 1359 minorem
1103 1292 1268 1357 linxerunt
1279 1292 1337 1380 qui·

278 1394 376 1478 dem,
403 1418 509 1483 quum
533 1397 687 1485 quintum
708 1412 807 1485 atque
830 1395 1116 1485 quadragesimum
1139 1395 1335 1485 explevisset:

278 1495 356 1560 felix
372 1497 530 1585 opinione
542 1498 719 1561 hominum
735 1500 884 1580 futurus,
897 1500 924 1563 si
938 1520 1038 1587 quem
1052 1498 1181 1588 gloriae,
1201 1494 1336 1561 eumdem

277 1614 310 1661 et
328 1598 402 1661 vitae
418 1596 517 1661 finem
534 1598 719 1682 habuisset,
739 1623 847 1689 neque
867 1616 1048 1665 vertentem
1066 1600 1232 1665 fortunam
1249 1612 1335 1675 essct,

276 1700 341 1780 jam
359 1716 452 1764 aetate
469 1701 664 1788 profectior,
684 1718 847 1790 expertus.

321 1802 389 1867 L11.
410 1802 525 1867 Mense
538 1802 702 1867 decembri
715 1804 813 1892 coepit
830 1804 942 1893 agitari
960 1804 996 1867 in
1012 1820 1128 1868 senatu
1139 1826 1234 1867 causa
1246 1798 1337 1892 publi·

276 1926 453 1987 canorum,
470 1905 548 1991 qui,
564 1904 740 1994 redemptis
757 1906 839 1969 Asiae
851 1906 1080 1994 vectigalibus,
1093 1921 1131 1969 ut
1141 1905 1338 1969 induceretur

276 2006 413 2087 locatio,
431 2006 650 2094 postulabant.
665 2008 743 2071 Erat
759 2029 810 2071 res
827 2005 1004 2088 invidiosa,
1023 2022 1056 2070 et
1073 2006 1179 2094 turpis
1194 2001 1336 2069 confessio

277 2109 481 2174 temeritatis.
504 2110 627 2173 Tamen
646 2111 801 2190 Crassus,
821 2125 859 2173 ut
872 2123 1037 2197 peterent,
1060 2108 1122 2171 fuit
1143 2124 1278 2171 auctor:
1294 2102 1337 2166 Ci·
1387 2142 1388 2153 .

278 2232 354 2275 cero
377 2209 504 2289 adjuvit
524 2226 690 2298 petentes,
714 2227 754 2277 ut
774 2209 982 2275 concordiam
1003 2208 1157 2275 ordinum
1182 2210 1337 2283 retineret,

277 2334 377 2401 quam
389 2313 424 2375 in
444 2313 616 2377 consulatu
633 2314 839 2378 stabiliverat.
856 2311 920 2377 Sed
939 2313 1038 2393 Cato,
1054 2334 1184 2400 semper
1202 2310 1337 2375 adversus

276 2415 390 2503 iniqua
408 2412 645 2504 flagitantibus,
665 2436 874 2506 summopere
895 2414 1084 2480 resistebat:
1103 2412 1257 2503 idemque
1269 2430 1336 2499 prs·

277 2532 385 2595 terea,
409 2516 500 2604 quod
526 2517 665 2581 alterum
686 2518 728 2581 ab
749 2533 864 2582 senatu
882 2517 975 2581 valde
995 2517 1191 2580 abalienavit
1210 2513 1335 2602 equites,

277 2618 424 2698 censuit,
441 2618 637 2682 assentiente
659 2636 793 2699 senatu,
813 2633 850 2682 ut
868 2617 909 2682 de
932 2619 970 2682 iis
977 2667 987 2700 ,
1009 2621 1067 2707 qni
1084 2617 1123 2681 ob
1133 2613 1336 2706 judicandum

271 2721 442 2807 pecuntitm
455 2722 659 2808 accqrt'sscnt,
676 2735 879 2810 quoercrctur.

322 2821 406 2884 Llll.
436 2820 482 2884 Ea
506 2819 548 2884 de
571 2843 607 2884 re
630 2837 791 2886 certaturn
813 2837 846 2886 et
868 2821 947 2884 olim
970 2821 1095 2901 fuerat,
1118 2815 1336 2885 honestissimis

277 2922 425 3009 equitum
443 2921 529 2984 tanc
549 2920 764 2986 conditionem
787 2921 1033 3004 recusantibus,
1053 2936 1090 2984 ut
1104 2923 1137 2984 in
1152 2914 1337 3011 disparisot·

275 3041 356 3091 tuna
365 3075 376 3108 ,
393 3027 568 3114 dignitate,
584 3029 816 3117 hononbusque
833 3051 873 3091 ac
886 3029 1048 3116 praemiis,
1059 3031 1158 3115 parm
1173 3029 1243 3116 ipsis
1258 3035 1337 3110 atque

275 3135 469 3197 senatoribus
482 3134 630 3222 pericula
643 3149 897 3223 proponerentur
902 3160 916 3215 ;
933 3157 1031 3224 quum
1041 3136 1221 3223 proesertint
1236 3135 1276 3196 ita
1293 3125 1337 3188 lex

274 3233 461 3322 Sempronia
471 3238 630 3322 palatum,
652 3236 727 3299 dein
751 3235 918 3316 Cornelia,
942 3251 1103 3324 conceptae
1119 3251 1234 3314 essent,
1254 3246 1287 3296 ut
1300 3251 1337 3290 st·

274 3347 399 3397 nator-cs
414 3335 608 3423 complexae,
625 3336 665 3399 de
683 3338 803 3400 caeteras
822 3360 887 3401 nort
909 3341 1061 3424 cogitasse
1081 3338 1270 3401 viderentur.
1285 3325 1336 3394 Sed

274 3450 348 3496 tum
370 3433 435 3498 hoc
455 3436 627 3522 agebatur,
645 3453 682 3499 ut
698 3439 940 3526 etiamequites
958 3461 1041 3503 nova
1057 3439 1128 3527 lege
1144 3439 1335 3529 illigarentur.

276 3534 453 3600 Placebant
462 3535 532 3601 haec
546 3555 580 3602 et
591 3539 723 3602 llletello
731 3588 740 3623 ,
749 3539 807 3627 qui
818 3538 1005 3628 designatus
1020 3556 1090 3603 tum
1103 3540 1235 3615 consul,
1248 3551 1335 3624 quum

276 3652 437 3726 potestate
449 3638 601 3716 nondum
611 3656 778 3723 uteretur,
792 3641 985 3706 auctoritate
996 3643 1196 3729 permultum
1208 3645 1336 3729 poterat:

276 3738 359 3803 adeo
381 3738 534 3828 quidem,
551 3757 591 3804 ut
613 3742 674 3805 suh
696 3741 796 3806 linem
813 3743 911 3823 hujus
932 3743 1028 3825 anni,
1045 3742 1281 3832 Compitalicios
1296 3735 1335 3797 lu·

311 3895 446 3962 sm-vat.
465 3899 535 3947 Max.
551 3899 628 3956 vm,
644 3898 686 3947 15.
704 3927 740 3935 -
759 3900 813 3950 Cic.
829 3916 877 3965 pro
897 3900 992 3959 Balbo,
1012 3917 1069 3965 cap.
1083 3907 1112 3960 4,
1128 3901 1158 3960 6,
1176 3911 1201 3948 et
1217 3911 1261 3963 pro
1279 3895 1334 3940 Μ’

275 3995 332 4042 cap.
345 3979 371 4025 s.
382 4007 417 4015 -
428 3979 514 4029 usta
526 3982 553 4028 u
567 3975 726 4046 coranos.
735 3998 762 4047 p.
781 3983 858 4039 1542.
877 4010 913 4020 -
923 3967 988 4032 vau'.
998 3985 1039 4042 11,
1054 3985 1096 4031 ss.
1111 4011 1146 4022 -
1165 3983 1182 4050 s
1197 3983 1247 4030 tn.
1259 3979 1334 4026 taven·

276 4064 552 4130 SstX‚283ctseqq.
567 4093 602 4102 -
621 4066 675 4114 Cic.
687 4065 719 4113 ad
739 4067 851 4127 Attiol,
873 4083 914 4128 17,
935 4069 980 4128 ιδ,
1001 4080 1025 4116 ct
1041 4069 1080 4127 tt,
1104 4083 1126 4115 t.
1145 4095 1180 4105 -
1193 4057 1333 4132 §un-0⁶·

274 4145 306 4193 ad
319 4146 394 4194 Attic.
407 4148 428 4205 l,
441 4164 482 4209 17,
496 4161 521 4198 et
532 4149 560 4197 in
570 4150 684 4215 Piscap.
696 4157 720 4206 4.
1280 4127 1284 4138 ¹
