2875 4900
292 378 345 447 IN
377 378 493 446 LOC.
518 378 609 445 LIB.
639 377 747 445 CVII
777 378 992 446 LIVIANI.
1103 378 1169 447 621

109 502 151 582 Q.
167 498 316 564 Metellus
335 497 463 586 Scipio,
488 497 525 561 P.
546 500 718 587 Hypsaeus·
730 497 988 585 postulabantur.
1017 502 1174 589 Ilypsaeus

107 607 271 691 egressum
293 599 411 665 balneo
432 599 642 687 Pompeium,
665 614 843 687 prostratus
871 598 913 672 ad
934 599 1045 688 pedes,
1068 625 1174 689 quum

108 718 270 792 rogasset,
291 702 423 789 reliquit
448 701 626 782 jacentem,
649 700 714 763 boc
737 715 865 764 tantum
892 723 1071 789 responso,
1095 704 1179 766 m'lu'l

105 828 177 869 eum
192 803 287 867 aliud
297 826 388 891 agere
395 850 405 881 ,
421 826 518 893 quom
530 816 568 866 ut
576 804 750 866 convivium
761 824 852 865 suum
862 818 1046 867 moraremr.
1059 804 1111 869 Sic
1122 806 1176 870 ille

108 904 239 993 quidem
258 903 431 968 damnatus
453 920 511 967 est.
532 906 577 968 At
598 926 658 992 pro
679 926 794 968 socero
812 924 873 967 suo
895 904 1046 993 Scipione
1064 907 1175 971 venire

108 1006 141 1069 in
157 1006 285 1088 lorum,
302 1021 455 1070 eteorum
476 1026 591 1094 rogare
606 1002 732 1084 juditres
744 1026 813 1069 non
828 1004 974 1086 erubuit,
988 1024 1078 1071 veste
1093 997 1176 1098 quo·

107 1128 172 1193 que
189 1122 330 1187 mutata;
348 1104 439 1193 quod
455 1120 489 1170 et
507 1104 655 1169 nonnulli
668 1103 818 1184 judicum
831 1105 946 1170 imitati
961 1124 1048 1171 sunt.
1063 1106 1103 1173 ld
1118 1109 1176 1173 ubi

107 1210 143 1271 C.
166 1208 340 1271 Memmius
360 1205 441 1269 vidit
461 1203 510 1292 (is
526 1228 583 1294 spe
602 1203 783 1269 secundum
800 1205 904 1295 legem
922 1206 1109 1297 Pompeium
1126 1231 1177 1273 re·

108 1307 304 1395 superandi,
322 1330 395 1394 quae
414 1305 587 1371 damnatus
604 1306 673 1395 ipse
689 1328 795 1394 nuper
809 1308 975 1390 amiserat,
992 1309 1175 1397 Scipionem

108 1408 320 1495 accusabat),
340 1408 527 1496 reipublicae
549 1422 669 1472 statum
693 1406 851 1471 invidiose
873 1408 1062 1490 miseratus,
1084 1433 1178 1475 accu-

107 1509 230 1573 satione
242 1506 374 1573 destitit.

150 1608 265 1673 XLVI.
282 1608 359 1672 Erat
380 1631 417 1672 ea
436 1629 487 1671 res
507 1628 612 1696 quum
630 1629 690 1695 per
706 1628 742 1671 se
760 1608 1175 1695 parumprobabilis51um

107 1710 205 1772 etism
223 1710 310 1772 inter
324 1724 373 1772 tot
388 1708 564 1772 illustrium
585 1708 731 1772 virorum
745 1707 874 1787 ruinas,
894 1709 995 1797 magis
1014 1711 1177 1775 eminebat

107 1809 282 1898 impunitas
294 1810 405 1873 unius.
423 1808 519 1873 Multi
534 1808 621 1872 enim
640 1824 673 1871 et
688 1808 741 1872 alii
759 1806 917 1895 peridem
936 1824 1065 1896 tempus
1080 1810 1174 1875 dam-

107 1911 273 1975 nationem
288 1912 371 1999 passi
387 1926 494 1992 erant;
512 1926 544 1973 et
566 1910 651 1973 inter
666 1910 728 1974 hos
741 1910 788 1973 M.
806 1910 955 1973 Scaurus.
973 1911 1037 1973 Pro
1055 1912 1175 1977 Scauro

107 2036 210 2101 quum
219 2014 359 2101 populus
370 2010 607 2099 deprecaretur,
618 2034 677 2099 per
686 2033 869 2099 praeconem
881 2012 1056 2099 Pompeius
1065 2012 1175 2095 edixit,

99 2114 248 2202 judt'cum
267 2117 451 2177 sententiam
471 2115 648 2205 exspectari
668 2126 829 2201 oportere;
849 2111 987 2192 deinde,
1008 2134 1109 2200 quum
1129 2114 1176 2177 sic

107 2237 240 2303 quoque
260 2214 502 2279 accusatoribus
524 2200 660 2277 molesta
676 2212 853 2277 multitudo
874 2228 974 2293 esset,
990 2214 1174 2301 pompeiani

106 2318 224 2382 milites
237 2316 372 2381 immissi
384 2364 393 2399 ,
409 2314 623 2387 audacissimo
635 2337 768 2402 quoque
780 2313 967 2394 interfecto,
979 2329 1018 2377 ut
1030 2312 1175 2380 damnari

107 2433 178 2481 tuto
201 2439 277 2482 reus
300 2431 427 2507 posset,
447 2416 638 2481 effecerunt.
669 2415 782 2498 Quum
803 2416 887 2480 inter
907 2416 976 2481 haec
1002 2416 1081 2480 anni
1101 2439 1174 2506 pars

107 2541 224 2609 magna
239 2519 441 2609 praeterlapsa
461 2535 563 2601 esset,
582 2518 756 2606 Pompeius
773 2540 921 2583 socerum
935 2541 1033 2582 suum
1050 2519 1174 2607 Scipio·

107 2641 199 2696 nem,
218 2641 329 2684 mense
346 2621 467 2700 sextili,
484 2620 643 2710 collegam
658 2620 692 2682 in
707 2620 870 2720 reliquum
883 2635 1013 2708 tempus
1029 2621 1175 2686 consula·

105 2737 156 2784 tus
170 2721 355 2808 assumpsit.

147 2821 278 2886 XLVII.
301 2825 331 2886 Is
354 2823 461 2910 Scipio
475 2823 630 2888 Corneliae
647 2822 752 2911 gentis
773 2837 857 2902 crat,
876 2822 913 2885 P.
929 2821 1052 2886 Nasicae
1068 2820 1171 2902 lilius3

105 2922 160 2989 sed
173 2923 350 3013 adoptione
365 2924 406 3006 Q.
424 2923 473 2987 Pii
489 2925 658 2988 transierat
671 2924 706 2986 in
722 2923 929 2988 Metellorum
944 2921 1079 2986 domum
1095 2947 1103 2986 ε
1118 2945 1174 2987 eo·

105 3046 167 3110 que
185 3023 351 3088 interdum
367 3024 514 3111 quolibet
530 3025 667 3089 istorum
683 3025 875 3106 nominum,
894 3039 926 3087 et
943 3024 1069 3112 quoties
1081 3024 1174 3114 plura

105 3127 380 3214 exprimerentur,
400 3125 441 3206 Q.
460 3125 605 3190 caecilius
623 3127 664 3207 Q.
680 3127 716 3189 F.
733 3125 881 3189 Metellus
899 3123 976 3186 Pius
990 3124 1099 3213 Scipio
1115 3147 1174 3188 vo·

105 3227 249 3292 sabatur.
271 3227 385 3309 Quum
408 3226 476 3290 lnec
496 3226 541 3290 ita
557 3242 665 3291 essent
678 3250 697 3290 a
712 3226 869 3315 Pompeio
889 3243 993 3316 gesta,
1014 3241 1067 3305 ut,
1085 3248 1175 3290 exce·
1269 3222 1272 3233 '

105 3327 178 3413 ptis,
192 3351 264 3415 quae
273 3327 455 3408 retulimus,
463 3328 583 3392 virtute
595 3328 680 3392 illius
688 3351 740 3393 res
750 3329 890 3392 urbanas
902 3328 954 3392 vel
965 3327 1172 3392 inimicorum

106 3430 292 3494 testimonio
314 3429 571 3494 commodiorem
590 3431 623 3493 in
641 3447 760 3495 statum
783 3431 966 3520 pervenisse
986 3445 1170 3493 constaret:

105 3549 285 3623 prorogntae
298 3550 377 3598 sunt
389 3533 416 3596 ei
435 3533 469 3595 in
484 3531 572 3596 aliud
587 3533 850 3620 quinquennium
864 3531 1053 3620 provinciae,
1068 3547 1100 3594 et
1115 3530 1173 3595 sti·

105 3633 214 3718 pendii
233 3633 400 3698 ducenties
417 3633 606 3723 quadragies
623 3635 657 3698 in
679 3634 825 3724 singulos
844 3657 948 3698 annos
968 3633 1171 3697 attributum.

106 3732 174 3797 Nec
186 3733 304 3822 puduit
317 3757 394 3798 eum
408 3734 570 3822 accipere,
587 3757 691 3822 quum
705 3735 768 3798 sub
784 3735 871 3799 idem
885 3751 1012 3822 tempus
1026 3757 1065 3798 ex
1078 3756 1173 3797 sena·

138 3957 154 4022 S
167 3961 244 4008 nv.
258 3961 322 4010 I’lnt.
336 3961 362 4009 ln
374 3964 460 4026 Pomp.
469 3989 505 3998 -υ
514 3963 572 4010 Dio.
586 3990 620 3999 -
630 3962 738 4029 Appiae.
753 3991 788 4000 -
803 3960 820 4026 s
832 3963 924 4010 XLVI.
936 3962 993 4008 Dio.
1011 3988 1047 3997 -
1062 3961 1172 4025 Appiao.

105 4067 139 4078 —
149 4042 213 4090 l’lut.
225 4044 250 4090 in
264 4047 350 4109 Pomp.
364 4073 398 4082 -
417 4045 434 4110 s
450 4046 676 4112 xuvt1.Appian.
693 4074 727 4084 -
741 4046 799 4093 Dio.
812 4072 847 4080 -
860 4043 1171 4103 cic.sutamtt.vt11,t.

106 4149 139 4158 -
151 4124 213 4173 Cart.
225 4127 255 4174 de
265 4129 291 4174 B.
302 4127 365 4178 Gall.
373 4130 435 4186 vn,
447 4125 590 4178 6.-·1³lut.
