2875 4900
279 336 347 417 sss
455 334 890 403 Ju.FnE1NsHEM·11
922 296 1185 403 suppinus

275 456 374 519 lentia
388 454 566 535 deleverat,
584 455 673 519 solus
687 478 762 518 cum
776 456 920 520 Sertorio
935 454 1099 519 decertare
1118 458 1288 545 cupiebam
1307 484 1348 525 ne

275 580 357 620 srera
365 555 499 644 quidem
509 571 698 643 tempestate
707 556 856 635 territus,
871 578 973 642 quum
990 576 1105 619 sereno
1122 576 1256 644 repente
1269 561 1347 623 caelo

274 657 387 723 crebra
403 680 478 719 cum
495 656 620 744 ingenti
634 658 761 744 fragore
776 656 913 721 fulmina
930 657 1096 721 micarent.
1115 659 1219 723 Dilata
1235 677 1345 726 umen

273 760 307 822 in
322 780 487 845 vesperam
502 778 612 845 pugna
629 773 694 836 est,
707 757 840 820 Sertorii
853 774 942 839 astu,
960 758 1017 845 qui
1028 758 1178 823 hostibus
1194 760 1344 825 locorum

273 860 455 951 ignorantia
471 880 577 945 neque
592 856 634 920 ad
650 857 861 946 fugiendum,
881 882 989 947 neque
1002 859 1042 924 ad
1059 862 1344 948 persequendum,

272 961 519 1048 qualiscumque
539 980 608 1021 sors
627 959 725 1047 praelii
742 959 872 1040 fuisset,
896 960 1010 1024 utilem
1027 961 1113 1041 fore,
1133 961 1342 1053 praevidebat.

316 1061 358 1123 ll.
382 1062 478 1123 Forte
494 1059 540 1121 sic
560 1076 727 1139 evenerat,
744 1075 782 1122 ut
796 1061 958 1124 Sertorius
981 1076 1092 1124 contra
1112 1062 1288 1127 Afranium
1308 1066 1342 1127 in

269 1162 337 1224 acie
355 1161 565 1239 consisteret,
586 1159 825 1247 Pompeiusque
849 1184 924 1224 cum
945 1161 1107 1247 Perperna
1126 1184 1341 1251 congressus,

268 1260 448 1348 impelleret
475 1259 585 1339 illum,
614 1259 824 1347 cederetque.
856 1262 966 1343 Quare
994 1262 1176 1342 Sertorius,
1201 1286 1341 1352 propere

268 1362 443 1425 commisso
465 1360 533 1448 aliis
556 1359 696 1424 ducibus
713 1359 827 1423 dextro
846 1384 969 1437 cornu,
988 1363 1148 1425 succurrit
1163 1364 1340 1427 laboranti-

268 1463 350 1542 bus,
368 1479 401 1525 et
423 1462 502 1524 alios
523 1461 828 1547 circumspectantes
851 1461 983 1549 fugam,
1005 1461 1083 1525 alios
1104 1462 1169 1541 jam
1195 1464 1339 1549 palantes

266 1550 405 1652 colligit,
420 1562 632 1649 Pompeiiqne
649 1563 832 1645 victoriam,
849 1564 993 1650 gnaviter
1004 1563 1148 1651 urgentis
1160 1564 1338 1651 impetum,

266 1664 360 1728 sistit.
391 1664 441 1727 Ibi
467 1663 517 1725 vir
542 1680 631 1727 rasta
660 1664 806 1752 corporis
833 1663 1056 1751 magnitudine
1083 1666 1116 1727 in
1141 1665 1336 1754 Pompeium

265 1766 409 1853 equitem
425 1763 523 1852 pedes
543 1786 578 1827 se
593 1764 722 1844 intulit;
742 1764 965 1851 consertisque
981 1765 1112 1828 ensibus
1126 1764 1271 1831 dextram
1289 1768 1337 1831 al·

265 1866 365 1929 terius
387 1866 468 1928 alter
491 1864 600 1951 petiit;
618 1863 677 1927 sed
698 1865 822 1951 aequior
840 1864 996 1952 Pompeio
1020 1888 1090 1929 sors
1115 1866 1197 1948 fuit,
1215 1884 1265 1948 et,
1281 1892 1336 1931 ac·

264 1982 358 2053 cepto
378 1966 530 2044 vulnere,
547 1985 680 2027 manum
697 1964 801 2028 bostis
815 1966 1000 2053 amputavit.
1020 1968 1063 2029 At
1076 1967 1187 2030 multis
1206 1968 1239 2030 in
1257 1993 1334 2033 euni

261 2065 537 2145 sciscitantibus,
554 2088 658 2153 quum
671 2065 768 2128 etiam
782 2063 873 2128 basta
885 2066 918 2129 in
932 2066 1056 2129 femore
1070 2066 1207 2154 graviter
1222 2067 1334 2149 laesus,

261 2194 280 2231 a
296 2168 363 2233 suis
382 2165 582 2255 fngientibus
607 2165 828 2245 desereretur,
848 2181 964 2254 praeter
980 2188 1069 2255 spem
1090 2167 1198 2230 erasit.
1220 2168 1335 2255 Equus

260 2291 341 2333 auro
363 2266 569 2355 phalerisque
585 2266 709 2329 exirniis
728 2264 922 2347 adornatus,
940 2266 1019 2330 dum
1039 2284 1152 2354 captus
1168 2268 1208 2331 ab
1225 2270 1334 2349 Afris,

260 2368 367 2431 divitis
384 2365 500 2455 praedae
521 2365 652 2443 objectu
676 2367 866 2431 altercantes
886 2368 972 2431 inter
993 2390 1028 2431 se
1045 2368 1201 2433 barbaros
1219 2394 1238 2433 a
1255 2392 1332 2459 per·

259 2467 427 2557 sequendo
443 2468 580 2546 retinet,
597 2469 758 2556 effugium
776 2468 912 2533 domino
928 2467 1027 2534 dedit.

303 2572 361 2635 ΙΙΙ.
382 2571 469 2633 Dum
491 2568 556 2632 boc
576 2591 699 2650 cornu,
716 2571 750 2633 in
775 2593 842 2658 quo
864 2570 1039 2660 Pompeius
1056 2589 1240 2654 curaverat,
1257 2571 1331 2636 rin-

256 2675 357 2753 citur,
375 2671 515 2734 vicissim
536 2671 590 2750 hi,
608 2693 626 2733 a
643 2671 764 2757 quibus
780 2672 942 2738 Sertorius
956 2671 1163 2754 discesserat,
1179 2675 1220 2738 ab
1234 2677 1331 2740 Afra-

256 2776 312 2840 nio
328 2789 504 2839 vertuntur
516 2773 549 2835 in
565 2773 695 2860 fugam,
711 2771 792 2836 adeo
806 2775 961 2862 perculsis
975 2775 1156 2866 mentibus,
1174 2792 1267 2839 utne
1283 2799 1331 2841 m-

251 2894 318 2943 stra
334 2874 468 2964 quidem
483 2872 714 2954 defenderent,
739 2875 917 2960 quominus
932 2875 973 2938 ab
988 2875 1188 2956 Afranianis,
1210 2877 1328 2942 eodem

252 2981 377 3068 impetu
397 2975 539 3040 rictoriae
556 2975 862 3062 perrumpentibus,
881 2975 1114 3064 diriperentur,
1131 2978 1249 3042 flustra
1270 3001 1328 3042 ve·

250 3096 340 3154 tante
365 3079 491 3168 legato,
512 3077 588 3164 quia
607 3075 755 3162 Pompeii
778 3076 909 3140 fortuna
931 3077 1033 3162 qualis
1059 3077 1173 3141 fuisset
1196 3079 1328 3166 ignora·

234 3183 365 3261 ⁸batur,
387 3182 466 3268 quia
486 3179 629 3243 tenebrae
643 3179 709 3257 jam
727 3177 912 3241 oborientes
931 3178 1078 3242 obtentui
1103 3177 1326 3266 delinquenti-

248 3283 312 3346 bus
331 3299 433 3345 erant.
455 3281 520 3345 Sed
543 3278 692 3344 acerbam
716 3277 761 3340 eis
783 3275 923 3364 praedam
941 3277 1104 3340 Sertorius
1122 3275 1248 3357 effecit,
1266 3278 1324 3364 qui

247 3403 395 3447 reversus
413 3404 432 3444 a
447 3377 696 3468 persequendo,
713 3377 821 3441 statim
840 3377 974 3440 adortus
998 3393 1046 3440 est
1065 3377 1189 3440 Afranii
1209 3377 1324 3442 turba·

246 3505 295 3550 tas
311 3487 609 3573 ‘incompositasque
625 3484 799 3581 cobortes,
820 3498 853 3546 et
868 3505 985 3572 magna
1006 3505 1082 3546 cnm
1104 3480 1191 3546 cede
1211 3505 1251 3546 ex
1272 3507 1324 3552 ea-

240 3590 319 3663 stris
333 3589 401 3652 suis
417 3587 520 3667 ejecit.
539 3589 652 3670 Quum
668 3587 714 3648 ita
731 3584 909 3649 discessum
927 3602 1031 3665 esset,
1046 3599 1099 3663 ut,
1118 3584 1199 3648 fusis
1217 3587 1324 3648 utrin-

275 3831 292 3898 s
305 3835 326 3881 1.
340 3832 372 3879 U.
389 3830 417 3880 C.
431 3829 499 3890 6763
512 3833 543 3879 A.
557 3831 586 3880 C.
602 3832 643 3892 76.
659 3860 693 3870 -·-
708 3833 774 3882 Flor.
786 3834 835 3890 ΙΙΙ,
849 3849 890 3880 aa.
909 3859 943 3868 -
957 3831 1011 3878 Lir.
1024 3831 1090 3896 Epir.
1104 3857 1138 3867 —-
1153 3829 1279 3877 Plutarch.
1292 3828 1319 3875 in

200 3967 205 3978 ‚
240 3917 332 3964 Sertor.
347 3931 401 3979 cap.
419 3916 464 3974 3⁰,
477 3925 502 3962 et
516 3918 604 3980 Pomp.
624 3931 679 3980 cap.
694 3933 717 3978 9.
736 3944 772 3956 -
789 3915 956 3974 Oror.V,a³.
977 3943 1009 3952 —
1030 3915 1129 3964 &burt
1146 3914 1210 3962 msc
1222 3915 1277 3972 ΙΙΙ,
1291 3913 1318 3960 in

239 4001 311 4064 epist.
323 4001 410 4064 Pomp.
423 4027 459 4038 -
474 4001 583 4065 Appian.
596 4001 651 4050 civ.
663 4001 709 4056 lib,
727 4004 746 4052 l.
765 4027 800 4042 »-
822 4000 838 4065 S
857 4002 891 4047 Π.
909 4000 1031 4049 Plutarch.
1044 3999 1072 4048 ln
1083 4000 1175 4048 Sertor.
1189 4008 1215 4046 et
1227 3999 1317 4060 Poup-

237 4111 274 4125 ,-
283 4084 392 4153 App'un.
