2875 4900
251 323 305 392 IN
335 323 448 392 LOC.
475 321 570 392 Llu.
598 327 768 394 XCVIII
799 325 1014 394 LIVIhNI.
1102 325 1171 398 335

108 437 297 528 deprehendi
322 442 450 531 potuit,
481 445 628 531 priorum
654 445 971 508 offensiunculnrum
998 469 1110 512 causas
1139 451 1170 512 in

107 543 215 606 amicos
230 544 423 623 rejecerunt.
437 545 485 608 Ex
497 546 617 632 quibus
628 548 738 611 statim
753 545 944 612 interfectus
957 563 1035 610 esta
1049 547 1173 610 Mithri·

107 642 170 707 date
190 644 399 709 Metrodorus
422 647 589 734 Scepsius,
607 648 658 710 vir
675 647 827 710 facundia
848 635 889 709 et'
903 645 1088 710 eruditione
1106 647 1171 710 cla·

106 767 168 826 ms,
184 769 281 833 quem
296 748 331 809 in
346 769 424 810 eum
441 747 589 811 amicitias
605 747 743 838 gradum
758 745 965 812 Mithridates
984 767 1169 837 receperat,

105 863 137 909 ut
150 847 230 936 regis
244 865 372 936 patrem
390 849 544 938 appellari
561 865 737 938 pateretur.

141 950 257 1014 XXVI.
277 948 341 1014 Sed
352 951 509 1039 Tigranes
525 967 720 1039 exposuerat
738 949 937 1031 Mithridati,
958 949 1170 1038 quemadmo-

104 1048 173 1114 dum
193 1049 234 1114 ad
259 1075 294 1116 se
315 1052 433 1116 missus
456 1053 528 1133 ille,
552 1075 656 1141 quum
681 1051 833 1116 mandata
856 1051 1011 1141 regissui
1032 1049 1167 1117 debelii

102 1151 242 1217 adversus
265 1155 432 1218 Romanos
458 1155 612 1219 societate
637 1153 811 1236 edidisset,
835 1155 1054 1244 interrogatus
1074 1177 1091 1217 a
1112 1155 1167 1218 Ti·

101 1275 205 1340 grane,
220 1255 302 1343 quid
316 1257 416 1347 igitur
430 1257 498 1346 ipse
513 1256 682 1338 suaderet,
697 1258 730 1318 in
741 1255 812 1319 haec
826 1255 924 1320 verba
941 1254 1164 1344 responderit:

101 1353 159 1416 «Ut
177 1356 320 1446 legatus,
340 1357 483 1441 suadeo;
507 1374 545 1422 ut
565 1359 740 1423 consilium
761 1373 914 1448 rogatus,
937 1359 998 1421 alia
1021 1359 1130 1422 omnia
1141 1389 1169 1424 ».⁴

100 1454 159 1519 Nec
173 1457 286 1522 oderat
306 1458 534 1523 Metrodorum
553 1461 709 1550 Tigranes
727 1481 735 1522 ε
753 1458 875 1522 idcirco
899 1481 991 1522 suam
1014 1481 1073 1547 per
1093 1459 1164 1522 cul·

100 1579 164 1644 pam
183 1561 391 1626 interfectum
409 1561 543 1642 dolens,
567 1559 743 1652 magnifico
760 1559 876 1625 extulit
896 1561 1030 1641 funere,
1053 1579 1086 1625 et
1106 1583 1163 1624 su·
1213 1573 1220 1590 ’

99 1681 197 1745 prema
210 1662 240 1724 ei
255 1663 381 1752 magnis
394 1664 581 1751 sumptibus
594 1663 765 1752 persolvit.
773 1659 957 1752 splendidis
969 1661 1045 1726 dein
1058 1663 1163 1748 epulis

99 1764 243 1851 orrrnique
256 1765 411 1829 comitate
428 1787 579 1829 socerum
592 1787 695 1852 quum
712 1763 910 1852 excepisset,
923 1763 1089 1826 attributis
1106 1763 1164 1828 de·

99 1884 160 1926 cem
173 1865 315 1929 millibus
329 1867 498 1954 equitum,
516 1866 658 1948 dimisit,
673 1868 709 1930 in
724 1866 834 1930 Ponto
850 1887 901 1928 res
920 1881 1128 1929 novaturum.

135 1965 266 2032 XXVII.
286 1969 383 2049 Ilaec,
403 1985 443 2032 ut
459 1969 560 2050 solet,
577 1969 611 2032 in
629 1969 732 2048 majus
750 1967 919 2032 distulerat
936 1969 1037 2048 lama,
1052 1970 1161 2056 re'ges-

99 2085 153 2148 que
166 2067 287 2146 junctis
300 2069 424 2133 viribus
438 2069 570 2150 jamjam
587 2071 620 2132 in
640 2071 837 2159 Lycaoniam
852 2069 1062 2156 Ciliciamque
1077 2069 1162 2132 irru-

98 2167 173 2250 pturi
189 2170 396 2251 I'erebantur3
410 2193 514 2259 quum
527 2172 662 2235 miratus
672 2173 864 2236 Armenium
877 2171 1051 2250 Lucullus,
1069 2171 1160 2258 quod

98 2287 156 2330 non
168 2286 306 2336 stantem
321 2271 431 2360 potius
448 2272 672 2337 Mithridatem
687 2271 912 2352 sustinuisset,
929 2295 1028 2361 quam
1042 2288 1080 2334 ut
1094 2293 1161 2335 ere·

98 2383 196 2436 cturus
219 2390 422 2463 prostratum
443 2373 530 2438 idem
556 2375 624 2465 ipse
646 2373 821 2438 discrimen
848 2371 972 2455 adiret,
999 2365 1159 2462 occupare

98 2468 157 2547 ejus
171 2473 347 2539 adventurn
364 2476 554 2565 proposuit,
570 2494 602 2541 et
613 2478 701 2540 ultro
714 2477 749 2540 in
765 2477 951 2540 Armeniam
970 2476 1157 2564 procedere.

99 2568 310 2642 Gravabautur
324 2579 458 2655 milites,
476 2578 596 2666 alioqui
616 2579 688 2666 plus
709 2600 805 2665 aequo
831 2576 1029 2655 turbulenti,
1049 2578 1082 2641 in
1104 2600 1157 2641 re-

99 2673 213 2760 gionem
242 2680 396 2745 hostilem
427 2697 606 2770 gentesque
636 2678 830 2759 bellicosas,
862 2692 895 2741 et
923 2678 1156 2741 innumerabili

82 2778 228 2862 ⁴equitatu
251 2785 445 2863 instructas,
470 2798 656 2869 terramque
677 2780 775 2842 vastis
800 2778 952 2843 amnibus
975 2794 1009 2841 et
1034 2779 1156 2843 nivosis

100 2880 249 2946 montibus
270 2899 395 2972 septam
420 2882 524 2970 sequi.
547 2884 661 2945 Romae
685 2902 820 2969 quoque
842 2902 860 2943 a
883 2878 1024 2941 tribunis
1050 2877 1156 2965 plebis

98 2980 253 3046 «cnsilium
267 2982 472 3072 imperatoris
489 2983 698 3071 carpebatur,
713 2982 871 3045 Ironurtem
885 2981 1009 3067 imperii
1018 2992 1050 3043 et
1061 3002 1156 3067 opum

99 3082 230 3166 cundum
241 3084 324 3150 bello
340 3108 438 3149 serere
448 3107 493 3148 ex
508 3083 610 3164 bellis,
629 3099 664 3148 ut
670 3084 805 3173 publico
814 3081 958 3171 perient)
971 3084 1102 3170 privatis
1113 3081 1156 3145 u·-

99 3176 237 3249 bathum
251 3186 466 3276 satisfaceret,
484 3184 644 3250 invidiose
659 3166 883 3273 querehtibus.

134 3283 280 3354 XXVIII.
299 3288 362 3352 Sed
378 3288 449 3369 ille,
473 3287 606 3375 placatis
626 3304 807 3375 utcumque
827 3284 1000 3365 militibus,
1018 3286 1052 3348 In
1071 3286 1155 3375 Cap·

100 3384 248 3466 padociam
264 3389 378 3472 duxit,
395 3406 432 3454 ut
445 3388 491 3453 ibi
504 3390 730 3454 Ariobarzanis
745 3388 863 3477 opibus
875 3387 1082 3475 amicitiaque
1099 3410 1157 3475 ap·

100 3488 246 3573 parandis,
258 3514 332 3580 quas
344 3514 424 3555 usus
434 3490 511 3554 belli
520 3491 717 3580 poscebant,
729 3489 930 3570 InstructIor,
943 3488 1001 3552 ubi
1012 3488 1155 3576 primum

100 3598 211 3677 tempus
223 3592 301 3656 anni
312 3609 493 3681 pateretur,
503 3592 705 3680 Euphratem
718 3588 973 3655 transcenderet.
984 3588 1056 3653 Hoc
1066 3611 1155 3655 anno

101 3686 207 3755 tristem
223 3695 257 3757 in
277 3695 366 3758 Urbe
385 3714 556 3758 censuram
575 3694 610 3758 L.
623 3693 746 3758 Gellius
762 3691 944 3781 Puplicola,
959 3693 1154 3779 Cn.Corne·

100 3784 150 3852 lim
164 3794 317 3861 Lentulus
332 3794 510 3860 Clodianus
530 3812 685 3886 egerunt,
701 3812 844 3883 quatuor
865 3809 898 3858 et
921 3793 1082 3881 sexaginta
1103 3815 1155 3857 se-

128 4008 141 4071 l
157 4014 234 4064 XXV.
251 4020 385 4067 Memnon.
402 4045 438 4055 -
455 4019 566 4083 Appian.
578 4045 588 4054 ·
603 4044 614 4054 -
630 4016 696 4066 Plut.
708 4043 744 4053 -
759 4015 774 4081 s
792 4016 887 4063 XXVI.
901 4016 1027 4062 Memnon.
1044 4040 1078 4049 -
1092 4013 1156 4065 I‘Iut.

100 4092 265 4158 —sxxvu
280 4101 409 4151 Memnon.
429 4130 464 4140 -
482 4100 549 4151 Plut.
