2875 4900
261 360 327 443 rqo
431 359 500 428 lO.
526 360 863 431 FREINSHEMII
894 359 1139 430 SUPPLEM.

254 493 441 543 «tantorum
457 480 616 545 scelerum
632 480 821 545 auctoribus
835 502 981 568 unquam
1000 479 1063 543 sibi
1079 480 1226 569 privatim
1240 482 1320 543 ami-

254 579 385 643 «citiam
399 579 488 661 fore3
504 580 560 645 sed
574 582 661 670 pacis
676 580 812 669 publicar
825 604 937 663 rausa,
951 582 1112 645 voluntati
1124 597 1254 646 senatus
1265 604 1322 669 pu-

254 707 267 734 «
276 678 410 767 pulique
423 681 569 762 ruruani,
585 680 747 770 siquidem
760 682 863 747 salros
876 682 1003 770 cupiat,
1022 705 1088 746 non
1109 682 1318 747 intercedere.

253 778 342 841 «Sibi
358 794 465 843 tamen
480 802 566 845 curro
578 780 649 846 fore
659 828 670 863 ,
682 797 722 845 ut
738 797 771 846 et
783 783 889 847 caeteri
905 782 1003 865 boni,
1017 798 1050 847 et
1063 783 1120 871 qui
1132 781 1173 847 ad
1188 805 1224 847 se
1238 805 1320 847 con-

254 879 454 971 «fugissent,
476 896 637 969 perpetuo
662 897 736 947 tuto
755 882 895 971 degant,
921 882 1021 971 idque
1041 905 1076 947 se
1093 905 1222 973 sperare
1241 881 1319 947 ade·

252 1010 266 1035 α
276 997 429 1069 pturum‚
444 981 534 1069 quod
548 982 682 1048 baberet
693 983 802 1048 studia
814 984 984 1049 exercitus.

297 1082 339 1145 ll.
359 1113 372 1138 ι
384 1082 431 1147 De
449 1097 565 1147 caetero
584 1082 734 1148 futurum
755 1084 788 1147 in
813 1099 974 1171 potestate
994 1097 1142 1163 senatus,
1168 1081 1196 1146 si
1215 1082 1319 1161 cives,

254 1211 267 1236 ι
278 1180 335 1267 qui
352 1190 372 1245 'a
389 1182 494 1247 Cinna
509 1182 594 1271 pulsi
610 1183 701 1249 adse
717 1184 896 1273 fugissent,
911 1184 1178 1265 restituerentur3
1192 1173 1320 1270 sibique

252 1309 265 1334 ι
275 1280 409 1367 pristina
419 1280 575 1370 dignitas,
587 1283 821 1373 facultatesque
829 1300 862 1349 et
870 1282 1105 1366 sacerdotium,
1116 1299 1149 1347 et
1157 1282 1320 1371 quidquid

253 1396 351 1446 «ante
368 1382 481 1447 Cinnae
498 1383 641 1471 primum
664 1386 872 1449 consulatum
897 1383 1081 1465 habuisset,
1102 1381 1317 1448 redderetur:

253 1502 343 1547 anon
362 1482 406 1547 ita
424 1505 459 1547 se
476 1482 518 1548 de
535 1485 701 1574 republica
717 1485 889 1567 meritum,
908 1501 946 1550 ut
963 1484 1005 1549 ad
1025 1483 1193 1549 arbitrium
1210 1482 1321 1547 inimi·

252 1612 265 1637 a
276 1604 391 1647 corum
401 1582 512 1666 domo,
521 1584 673 1668 fortunis,
684 1586 933 1673 honoribusque
942 1608 1051 1651 carere
1059 1585 1186 1650 debeat.
1196 1583 1319 1649 Eadem

253 1712 267 1737 ι
277 1684 387 1748 omnia
402 1684 470 1774 pari
484 1686 533 1767 vi,
549 1702 646 1774 atque
659 1687 764 1751 ablata
776 1687 818 1751 ab
831 1685 1020 1751 adversariis
1031 1701 1155 1766 essent,
1169 1685 1319 1766 retineri,

253 1814 266 1837 ι
276 1800 332 1849 aut
346 1787 530 1873 recuperari
547 1810 566 1850 a
581 1808 616 1851 se
634 1788 802 1875 potuisse:
819 1808 934 1853 rerum
951 1786 1117 1850 enimvero
1137 1785 1224 1848 nolle
1242 1785 1318 1847 imi·

253 1886 336 1949 «tari
360 1888 524 1977 exempla,
552 1910 694 1974 quorum
720 1911 789 1952 non
816 1887 1085 1977 approbationem
1113 1884 1234 1967 modo,
1261 1885 1319 1949 sed

251 1986 386 2051 «omino
407 1989 615 2069 memoriam,
638 1988 737 2053 deleri
755 1988 929 2053 exanimis
951 1988 1124 2051 hominum
1142 1986 1243 2050 malit.
1262 1986 1319 2050 ld-

251 2119 265 2144 ι
275 2088 361 2153 circo
375 2089 456 2155 nihil
470 2090 521 2155 his
538 2090 636 2155 rebus
652 2105 824 2154 avocatum
842 2104 899 2155 aut
916 2087 1126 2171 deterritum,
1142 2110 1209 2151 non
1226 2086 1320 2150 aliter

253 2219 266 2244 .
276 2190 386 2255 hostes
397 2191 510 2279 populi
519 2192 645 2256 romani
655 2191 744 2281 gravi
752 2191 977 2278 continuoque
985 2188 1072 2253 bello
1080 2202 1319 2277 persequutum

251 2320 264 2345 κ
275 2312 360 2369 esse,
377 2314 476 2379 quarn
493 2293 520 2357 si
537 2293 646 2356 omnia
664 2292 755 2357 domi
770 2291 960 2381 tranquilla,
977 2290 1105 2378 sibique
1118 2311 1271 2377 prospera
1285 2304 1321 2352 et

177 2475 178 2478 Ἴ
251 2420 264 2444 «
275 2390 416 2456 faventia
428 2392 575 2459 fuissent.

296 2494 355 2558 111.
373 2494 471 2559 «Non
497 2497 762 2584 supplementum
787 2494 869 2576 sibi,
892 2515 960 2558 non
985 2508 1224 2572 commeatum,
1249 2512 1319 2553 non

252 2594 447 2680 «pecuniam
466 2611 523 2659 aut
543 2618 632 2659 arma
654 2595 835 2677 submissa3
854 2615 974 2660 noceo
995 2594 1100 2658 secius
1123 2615 1185 2680 pro
1204 2588 1319 2654 eadem

250 2725 263 2748 κ
274 2695 326 2758 illa
342 2696 449 2778 Italia,
465 2713 564 2784 atque
579 2697 632 2760 illa
649 2697 749 2772 urbe,
765 2719 863 2761 suurn
877 2716 996 2784 corpus
1014 2690 1237 2758 infensissimis
1254 2691 1320 2754 bo·

252 2783 377 2860 «stibus
399 2796 573 2879 objecisse,
596 2820 694 2884 quarn
721 2796 850 2886 plenam
875 2793 1009 2883 quidem
1034 2794 1130 2858 etiam
1152 2793 1320 2856 bonorum

250 2897 555 2986 «honestorumque
577 2897 742 2980 virorum,
767 2896 825 2962 sed
849 2914 959 2962 tamen
984 2919 1003 2959 a
1027 2893 1152 2958 diversa
1174 2892 1319 2957 factione

249 3027 262 3052 κ
273 3019 459 3086 oppressam
474 3015 573 3087 atque
588 3013 731 3064 coactam
747 2998 809 3063 sibi
822 2995 982 3062 adversari
996 2995 1127 3060 sciret.»
1142 2994 1218 3060 Non
1231 2992 1321 3074 inju-

187 3166 192 3182 1
250 3113 298 3160 sta
311 3098 438 3162 senatui
454 3097 599 3164 conditio
610 3097 796 3180 videbatur3
812 3098 870 3163 sed
883 3120 942 3186 per
958 3097 1161 3177 Carbonem,
1180 3094 1319 3181 ejusque

249 3197 419 3280 satellites,
435 3201 557 3288 quibus
575 3199 696 3265 bellum
712 3199 804 3265 cordi
820 3214 906 3280 erat,
922 3197 1077 3262 effectum
1093 3212 1159 3277 est,
1176 3217 1218 3258 ne
1234 3218 1319 3258 cou-

250 3297 386 3364 veniret.
405 3301 494 3382 Quin
514 3317 547 3366 et
563 3301 737 3366 violentius
758 3300 793 3363 in
811 3299 953 3364 sullauas
969 3313 1075 3386 partes
1091 3297 1139 3360 ira
1154 3296 1318 3359 malorum

250 3399 369 3463 civium
387 3402 575 3486 recruduit,
595 3404 814 3490 tribunusque
835 3400 938 3488 plebis
961 3398 997 3463 P.
1012 3397 1168 3489 Popillius
1184 3395 1318 3487 Lanas,

249 3499 321 3564 Sex.
340 3503 519 3586 Lucilium,
544 3505 601 3592 qui
626 3503 795 3592 superiore
820 3523 909 3565 auno
934 3500 1137 3563 tribunatum
1158 3512 1319 3587 gesserat,

249 3600 341 3687 quod
359 3603 514 3669 Carbonis
530 3605 712 3672 actionibus
728 3603 913 3684 restitisset,
930 3600 971 3665 de
987 3623 1065 3664 saxo
1078 3598 1215 3686 Tarpeio
1229 3596 1319 3677 dejc-

249 3701 309 3783 cit;
324 3716 356 3765 et
372 3725 475 3790 quum
489 3703 618 3794 collegae
627 3705 760 3785 Lucilii,
772 3702 892 3794 quibus
904 3702 990 3766 diem
1003 3702 1039 3766 P.
1051 3701 1161 3766 Laenas
1173 3699 1318 3779 dixerat,

248 3817 338 3866 metu
352 3801 393 3866 ad
409 3802 530 3868 Sullam
547 3807 783 3896 profugissent,
802 3828 885 3893 aqua
898 3803 1034 3894 ignique
1049 3801 1088 3867 iis
1106 3800 1283 3866 interdixit.

284 4009 334 4075 sr.
348 4013 418 4062 uc.
429 4015 494 4072 ssu
506 4016 536 4064 n.
547 4017 577 4065 c.
588 4017 630 4072 sa.
644 4045 679 4053 -
692 4017 800 4081 appion.
810 4014 883 4065 cuu.
895 4013 939 4062 us.
950 4017 970 4063 r.
985 4041 1022 4052 -
1042 4015 1095 4063 u..
1107 4012 1173 4078 spu.
1189 4039 1224 4050 -
1239 4010 1255 4075 s
1268 4013 1320 4060 ru.

247 4096 300 4145 nv.
313 4097 380 4162 spu.
391 4097 496 4146 -veu
509 4101 547 4158 u,
560 4105 605 4155 ιι.
