2875 4900
254 417 308 487 IN
339 419 452 487 LOC.
479 420 574 488 LIB.
603 418 767 487 LXXXI
793 422 1006 493 LIVIANI.
1125 424 1171 497 85

65 614 79 639 Ι
93 536 211 601 eodem
240 554 389 627 tempore
415 539 538 603 circum
564 556 674 629 portas
699 539 839 605 validam
866 544 1011 630 opperiri
1035 568 1170 611 manum

90 640 203 721 jussit,
229 656 285 721 nt,
308 641 397 704 Sulla
418 642 452 705 in
476 642 770 707 frumentatoribus
793 644 966 731 capiundis
990 664 1170 735 occupato,

92 764 169 805 cum
186 742 313 807 facibus
330 742 371 807 ad
389 743 595 808 incendenda
612 745 838 809 Romanorum
854 768 955 834 opera
970 749 1170 836 prosilirent.

135 845 261 909 XXIII.
273 845 428 933 Utrisque
439 868 571 934 prospe
583 846 748 935 expeditio
757 847 821 910 fuit
831 870 840 912 :
850 848 939 911 Sulla
948 866 1170 923 commeatum

91 962 260 1033 portantes
277 947 420 1035 excepit,
439 947 614 1011 Archelaus
633 948 759 1035 aliquot
775 949 941 1013 machinas
957 951 1104 1039 corrupit
1118 952 1170 1015 iu·

91 1046 222 1113 cendio.
245 1048 340 1112 Circa
362 1048 475 1113 eadem
500 1066 650 1136 tempora
674 1047 760 1113 filius
784 1049 982 1115 Mithridatis
1003 1052 1171 1117 Arcathias

90 1172 166 1214 cum
183 1150 249 1213 alio
265 1151 410 1215 exercitu
425 1152 459 1214 in
476 1149 703 1215 Macedoniam
722 1152 926 1239 irrumpens,
944 1153 1170 1219 Romanorum

90 1251 237 1317 modicas
248 1253 358 1341 copias
373 1252 461 1317 baud
473 1276 557 1341 aegre
572 1253 716 1340 expulit,
731 1274 932 1341 omnemque
942 1254 1170 1321 Macedoniam

90 1356 122 1417 in
132 1354 343 1443 praefecturas
353 1354 500 1436 divisam,
510 1353 638 1419 idoneis
650 1354 842 1419 hominibus
851 1354 1036 1439 distribuit;
1050 1356 1170 1423 deinde

90 1478 212 1545 magno
232 1478 309 1519 curn
328 1472 483 1543 apparatu
503 1471 618 1520 contra
641 1456 763 1519 Sullam
786 1456 972 1544 profectus,
993 1457 1170 1548 haudqua-

90 1579 191 1644 quam
213 1578 325 1643 parem
348 1557 418 1644 spei
442 1573 598 1621 eventum
619 1556 754 1638 habuit,
778 1558 864 1621 circa
881 1558 1032 1623 Tidaeum
1050 1561 1170 1626 morbo

90 1672 284 1721 exstinctus.

134 1758 259 1823 XXIV.
276 1758 384 1823 Tanto
397 1760 524 1823 minore
541 1760 689 1825 molestia
702 1782 858 1824 romanus
873 1762 1050 1849 imperator
1063 1781 1169 1853 coepta

90 1882 289 1948 perurgens,
301 1861 462 1943 Athenas,
474 1876 512 1925 ut
525 1884 657 1927 omnem
669 1885 738 1926 uon
748 1862 849 1927 modo
860 1880 1098 1946 commeatum,
1110 1866 1169 1931 sed

90 1963 190 2027 etiam
210 1962 322 2051 fugam
339 1964 561 2052 interciperet,
580 1964 716 2029 castellis
731 1962 964 2047 circumdedit3
979 1988 1046 2051 quo
1059 1967 1170 2054 plures

89 2064 123 2127 in
136 2064 298 2127 exhausta
312 2064 395 2129 urhe
408 2065 652 2147 clauderentur,
667 2088 707 2129 eo
722 2065 911 2131 celeriorem
927 2089 967 2130 ex
980 2066 1066 2132 fame
1082 2068 1172 2133 dedi·

91 2166 218 2229 tionem
232 2188 375 2254 sperans.
384 2166 433 2231 Ad
442 2167 600 2232 Piraeeum
610 2167 675 2231 vim
686 2167 843 2232 adhibere
853 2169 1038 2233 consultius
1046 2170 1169 2253 risum,

90 2266 289 2356 eductisque
314 2269 348 2333 in
371 2269 491 2349 justam
511 2268 717 2333 altitudinem
737 2270 909 2359 aggeribus
931 2270 1090 2334 machinas
1106 2271 1169 2335 im·

90 2370 218 2457 posite.
238 2372 280 2434 At
300 2370 490 2455 Archelaus,
509 2386 594 2435 terra
612 2370 695 2433 clam
715 2386 839 2460 egesta,
860 2372 1048 2435 exinanibat
1063 2395 1168 2462 opus,

89 2471 200 2536 donec
219 2470 409 2536 subsidente
426 2474 512 2539 mole
525 2471 654 2561 prodita
668 2497 719 2537 res
733 2491 800 2553 est,
816 2471 1032 2561 deductisque
1045 2477 1169 2540 machi·

90 2575 156 2652 nis,
176 2574 319 2637 Romani
334 2595 485 2663 aggerem
499 2575 717 2663 repleverunt.
732 2573 860 2638 Deinde
873 2589 987 2638 contra
997 2577 1168 2642 cuniculos

90 2676 243 2740 Archelai
261 2676 330 2739 aliis
348 2677 475 2740 effossis
491 2676 671 2757 cuniculis,
689 2691 722 2739 et
736 2675 800 2738 sub
821 2675 889 2763 ipsa
905 2675 1023 2739 moenia
1041 2676 1168 2765 produ·

90 2779 167 2860 ctis,
183 2799 270 2864 saepe
283 2776 344 2840 sub
356 2793 442 2842 terra
452 2779 539 2842 inter
550 2779 705 2854 fossores,
719 2793 758 2841 ut
771 2777 854 2842 forte
865 2777 928 2841 sibi
940 2796 1167 2855 occurrerant,

89 2878 192 2942 hastis
208 2876 389 2966 gladiisque
407 2895 590 2968 pugnatum
606 2895 664 2944 est.

134 2981 245 3044 XXV.
263 2981 344 3046 Ilaec
363 2979 444 3045 dum
464 2981 510 3046 ita
529 2981 629 3064 fiunt,
647 2983 830 3065 Romanus,
852 2981 964 3045 multis
988 2979 1029 3044 ab
1051 3001 1168 3069 aggere

92 3081 255 3148 machinis
267 3081 422 3164 admotis,
437 3106 549 3148 muros
563 3085 662 3148 ariete
674 3083 841 3172 quatiebat
854 3105 861 3144 :
874 3103 982 3169 neque
996 3096 1072 3145 onte
1088 3081 1170 3145 desi-

92 3201 183 3269 tum,
210 3209 310 3274 quarn
333 3174 426 3274 parte
449 3187 536 3252 muri
559 3186 699 3270 dejecta,
723 3187 870 3274 proxIrna
891 3185 989 3248 turris
1010 3181 1168 3248 contento

92 3288 236 3352 militum
253 3287 364 3352 labore
380 3287 622 3368 incenderetur,
640 3289 743 3376 inque
765 3289 853 3376 ipso,
875 3306 975 3373 quem
996 3300 1167 3373 ceperant,

92 3411 191 3453 muro
201 3386 390 3476 praesidium
400 3404 605 3454 statueretur.
615 3390 719 3454 Simul
727 3387 930 3469 cunicularii,
940 3409 1098 3476 suspensa
1106 3403 1169 3451 tra·

92 3491 189 3556 bibus
207 3489 344 3572 moenia,
362 3490 448 3578 pice,
469 3507 586 3580 stuppa
603 3507 702 3578 atque
726 3490 884 3576 sulphure
903 3487 1009 3552 multo
1032 3489 1168 3571 affusis,

91 3609 123 3658 et
140 3595 220 3684 igne
238 3591 402 3674 subjecto,
422 3608 683 3658 concremarunt.
702 3592 753 3657 Ibi
769 3614 875 3679 quum
894 3591 956 3654 alia
976 3607 1053 3680 post
1072 3591 1168 3654 aliam

93 3719 165 3783 pars
183 3717 357 3760 murorum
378 3695 523 3778 arderbt,
541 3711 574 3759 et
589 3710 810 3784 superstantes
830 3694 920 3783 gravi
942 3695 1039 3757 ruina
1056 3692 1169 3780 oppri-

93 3813 282 3878 merentur,
301 3797 399 3862 etiam
419 3798 476 3886 qui
491 3799 622 3886 longius
640 3821 658 3861 a
674 3796 821 3884 periculo
842 3796 992 3876 aberant,
1010 3793 1170 3858 commili-

94 3915 210 3965 tonum
228 3901 364 3964 interitu
378 3901 497 3982 territi,
515 3899 717 3988 despondere
733 3899 860 3963 animos
875 3910 1056 3986 coeperunt.
1164 3965 1168 3973 .

136 4003 259 4067 XXVI.
272 4001 406 4067 Summa
419 4003 507 4066 enirn
521 4001 735 4067 contentione
745 4024 764 4064 a
775 3999 930 4064 Romanis
942 3995 1167 4085 pugnabatur,

127 4175 240 4240 sun.
253 4177 373 4226 Posiden.
382 4175 449 4242 apud
459 4177 549 4226 Athen.
558 4174 591 4234 V,
603 4183 642 4232 rt.
654 4201 688 4212 -
701 4173 811 4238 Appisn.
