2875 4900
153 462 159 469 ι
293 363 363 451 432
462 366 900 435 rorumusrrrrmr
931 318 1178 435 surenam.

292 489 415 566 luerat,
439 485 542 549 nihilo
566 486 795 565 innocentior,
818 486 906 550 mille
931 487 1059 551 talentis
1081 486 1217 551 redemit
1235 488 1352 575 suppli·

291 589 396 651 cium:
416 588 536 675 quibus
558 586 600 652 ad
623 586 784 675 stipendia
806 588 946 652 militum
974 610 1055 652 usus
1079 589 1269 675 imperator,
1288 590 1353 675 Ly·

291 688 379 753 siada
397 688 516 753 deinde
532 688 573 753 ad
587 690 692 752 lacurn
705 690 910 776 Apamenum
928 690 1031 777 cepit,
1048 688 1207 752 munitam
1224 688 1351 762 urbem,

291 814 389 879 quam
400 790 528 872 judaeus
544 790 676 878 quidam
693 808 852 879 tyrannus
865 791 1003 855 nomine
1012 791 1091 855 Silas
1103 790 1277 854 obtinebat

338 894 450 956 LVIII.
476 892 637 956 Liberavit
663 908 696 957 et
718 892 879 981 Byblum,
900 908 1043 957 veterem
1069 893 1197 980 Cinyrae
1219 890 1353 978 regiam,

292 1018 394 1082 quum
407 1011 440 1057 et
450 993 549 1075 hujus
564 992 653 1056 urbis
665 1009 843 1081 tyrannum
852 995 959 1058 securi
970 994 1190 1083 percussisset
1205 992 1354 1080 Heliopo·
1388 1048 1392 1055 .

291 1096 336 1159 lin
363 1093 481 1157 deinde
507 1110 540 1157 et
561 1093 767 1176 Chalcidem,
794 1094 935 1159 Mennaei
960 1094 1077 1170 urbes,
1101 1093 1279 1173 transiens,
1299 1114 1354 1180 per

291 1197 390 1283 Syriae
407 1212 550 1282 partem,
567 1218 640 1282 quae
659 1195 783 1259 Libano
801 1211 834 1260 et
846 1196 1037 1261 Antilibano
1053 1195 1223 1259 montibus
1238 1194 1355 1257 inclusa

291 1296 420 1385 proprie
445 1295 533 1360 Cava
558 1296 693 1377 dicitur,
717 1298 859 1379 Pellam,
890 1315 924 1363 et
949 1299 1029 1362 binc
1050 1302 1246 1363 Damascum
1262 1297 1353 1359 venit

293 1400 488 1477 Damascus,
501 1398 585 1461 inter
598 1398 841 1463 Seleucidarum
856 1400 1068 1481 calamitates,
1084 1402 1215 1464 Arctam
1230 1418 1355 1461 vocare·

290 1517 341 1563 rat
359 1500 504 1564 Arabum
521 1500 751 1565 Nabataeorum
768 1524 899 1589 regem,
914 1502 1011 1589 eique
1027 1524 1062 1565 se
1079 1518 1111 1564 et
1128 1520 1261 1564 omnem
1276 1496 1352 1561 circa

290 1602 457 1689 regionem
470 1600 655 1667 tradiderat.
670 1602 734 1667 Sed
746 1604 834 1667 illam
846 1626 971 1691 nuper,
980 1604 1067 1668 victo
1077 1603 1200 1681 Arabe,
1213 1600 1353 1663 Metellus

289 1718 386 1789 atque
405 1703 527 1767 Lollius
548 1721 756 1792 receperant,
774 1728 878 1791 quum
901 1705 942 1766 ad
959 1705 1084 1791 Syriam
1101 1725 1162 1789 pro
1180 1724 1240 1765 sua
1251 1700 1354 1765 defen·

290 1800 430 1866 dendam
445 1803 620 1892 Pompeius
632 1804 810 1868 exercitum
829 1804 978 1868 misisset.
999 1805 1077 1868 Mox
1088 1802 1205 1867 eodem
1216 1803 1305 1867 venit
1320 1824 1353 1866 ex

291 1905 463 1984 Armenia,
480 1905 537 1968 ubi
552 1922 623 1969 tum
635 1908 809 1995 Tigranem
826 1905 912 1970 bello
923 1907 1100 1993 Pompeius
1110 1906 1268 1995 urgebat,
1281 1905 1355 1985 ejus

289 2005 364 2069 dem
386 2008 488 2071 missu
501 2006 547 2069 M.
565 2008 725 2087 Scaurus,
742 2009 939 2094 Aratumque
955 2006 1196 2094 Hierosolymam
1211 2005 1354 2069 obsiden-

291 2123 374 2189 tem,
392 2106 530 2195 acceptis
553 2106 593 2175 ab
618 2108 807 2171 Aristobulo
825 2107 989 2196 pecuniis,
1006 2106 1185 2186 deterruit,
1202 2106 1282 2169 inde
1295 2107 1354 2168 Da·

290 2230 434 2273 mascum
452 2228 611 2271 reversus.

334 2310 419 2373 LIX.
444 2308 509 2371 Has
539 2330 650 2373 causas
676 2310 811 2397 gerendi
834 2332 911 2374 cum
937 2311 1099 2375 Arabilrue
1123 2310 1201 2373 belli
1226 2308 1354 2397 adeptus

291 2411 482 2498 Pompeius,
499 2410 688 2498 Hyrcanum
706 2427 739 2475 et
754 2412 998 2494 Aristobulum,
1014 2413 1072 2501 qui
1092 2414 1291 2477 Damascum
1307 2431 1353 2474 ac·
1397 2468 1398 2475 ,

291 2528 471 2591 cesserant,
496 2512 566 2576 miti
589 2535 748 2600 responso
766 2512 909 2595 dimisit3
932 2517 967 2578 r'n
982 2518 1161 2602 proeseuu'a'
1169 2529 1354 2603 praevemu·

290 2613 369 2675 dum
379 2611 440 2674 sibi
449 2613 496 2674 ad
509 2612 742 2678 Nabataeorum
757 2616 977 2702 cmugaudam
988 2615 1208 2694 insolentium
1220 2615 1296 2679 iride
1305 2618 1354 2678 itu·

290 2735 361 2776 rum
375 2715 409 2776 in
421 2713 447 2776 J
445 2713 570 2776 trdaeam
581 2761 590 2792 ,
609 2729 646 2779 ut
656 2715 743 2779 litem
742 2714 895 2802 fratrmn
906 2732 1098 2804 componat:
1114 2720 1235 2780 ritterco
1248 2715 1355 2780 nuru&
1397 2722 1398 2737 ¹

291 2817 413 2905 r'uJ'urr'ri
428 2815 617 2881 abstineant.
635 2817 699 2882 Sed
714 2817 940 2899 Aristobulus,
963 2819 1021 2905 qui
1039 2840 1074 2882 se
1092 2839 1203 2907 regern
1219 2817 1353 2891 ferebat,

291 2918 380 2981 velut
393 2917 545 2981 herilium
559 2918 725 2998 jussorum
741 2919 930 3007 impatiens,
946 2920 1119 2984 insalutato
1135 2920 1298 3007 Pompeio
1313 2916 1355 2980 di·

290 3042 436 3108 gressus,
447 3020 492 3084 ita
502 3019 642 3084 offendit
654 3021 779 3100 virum,
790 3021 953 3109 praecipue
967 3021 1127 3109 Hyrcani,
1138 3036 1171 3083 et
1183 3016 1352 3110 Antipatri,

289 3121 382 3200 cujus
400 3137 512 3208 postca
535 3120 619 3186 lilius
643 3122 788 3186 Herodes
804 3123 839 3185 in
857 3121 969 3186 Judaea
989 3121 1153 3210 regnarit,
1171 3120 1355 3186 obtestatio·

290 3222 387 3284 nibus
401 3222 594 3311 augentibus
612 3223 709 3303 irarn,
726 3240 780 3305 ut,
795 3223 895 3288 dilato
908 3223 994 3287 bello
1007 3222 1154 3304 arabico,
1168 3223 1202 3285 in
1217 3222 1353 3288 ludaeam

289 3339 494 3387 converteret
507 3323 615 3411 signa,
638 3340 671 3387 ct
691 3347 750 3412 per
764 3325 884 3388 Pellam
899 3324 1180 3413 Scythopolinque
1194 3339 1230 3389 et
1242 3328 1354 3388 Coros

289 3423 519 3488 Alexandrium
535 3423 685 3507 duceret,
704 3426 739 3489 in
756 3425 877 3490 linibus
893 3425 1010 3491 Judaeae
1025 3428 1144 3509 situm,
1164 3427 1222 3490 ubi
1238 3449 1276 3491 sc
1289 3421 1352 3489 Ari·

289 3524 438 3588 stobulus
461 3525 652 3608 incluserat,
670 3525 792 3590 dubius
807 3527 927 3608 animi,
946 3544 979 3592 et
993 3529 1134 3593 vicissim
1150 3526 1192 3592 de
1208 3529 1311 3594 salute
1322 3543 1354 3586 ac

289 3625 444 3716 (lignitate
463 3627 587 3692 anxius.

322 3867 429 3932 §LVIL
441 3868 551 3936 ¹AppIon.
566 3893 600 3904 -
616 3868 688 3916 Oros.
700 3869 748 3928 VI,
760 3871 786 3918 6.
802 3897 837 3909 --
853 3871 934 3920 strab.
942 3871 987 3921 lib.
998 3873 1073 3932 XVI,
1085 3890 1112 3937 p.
1126 3872 1254 3933 7⁵³‚755
1266 3866 1350 3931 myifi·

289 3957 323 3990 -“
337 3949 440 4017 loseph.
457 3979 492 3988 -
507 3950 524 4017 s
541 3952 632 4000 LVIII.
645 3954 749 4018 loseph.
762 3956 850 4019 Antiq.
862 3957 933 4015 XIV,
950 3957 967 4003 5
985 3969 1011 4006 st
1027 3960 1073 4015 13,
1087 3968 1112 4006 et
1127 3955 1159 4006 de
1174 3958 1203 4005 B.
1217 3956 1277 4006 Jnd.
1288 3957 1315 4011 1,
1330 3958 1350 4004 t·

290 4061 326 4072 -
338 4035 418 4084 Strab.
432 4033 476 4085 lib.
492 4036 570 4096 xvi,
587 4053 613 4102 p.
627 4036 687 4097 756.
701 4065 737 4073 —
752 4037 770 4103 S
782 4041 849 4090 lum
861 4039 970 4103 Appiam
986 4068 1021 4078 -
1034 4042 1093 4090 nio.
1108 4067 1144 4078 -
1156 4041 1260 4106 Jotepb.
1272 4037 1349 4094 Antis·

289 4118 360 4176 xlv,
375 4133 430 4182 cap.
442 4117 467 4177 5,
481 4129 505 4166 et
519 4117 549 4166 de
563 4119 590 4168 t.
603 4117 663 4168 Jud.
678 4122 705 4180 1,
718 4120 742 4168 5.
