2875 4900
292 372 363 449 266
462 378 530 447 JO.
555 376 897 477 Fttsslttsflssttu
925 372 1169 445 SUPPLEM.

290 497 423 563 thridati
432 497 595 580 crederet,
605 520 674 585 quo
684 497 803 591 certius
819 496 1014 585 exploraret,
1028 509 1184 581 quantum
1195 493 1223 557 ei
1233 492 1331 579 copia·

292 622 365 663 rum
377 615 478 679 esset,
491 599 633 687 ceptivos
649 598 790 685 aliquot,
808 597 941 663 seorsim
958 616 1239 683 unumquemque,
1248 594 1333 673 jussit

290 700 421 765 adduci.
431 702 480 765 Ex
491 698 610 787 quibus
622 712 846 786 percontatus,
862 696 1090 785 quotquisque
1101 693 1333 759 contubernales

292 803 327 865 in
338 800 469 877 cestris,
481 822 558 865 cum
571 815 696 887 quanto
707 798 903 863 cibationum
917 796 1016 863 modo
1031 796 1226 883 reliquisset,
1237 794 1279 857 ita
1288 814 1333 855 ra·

291 901 412 968 tionem
426 898 515 981 iniit,
529 912 567 964 ut
579 899 664 963 intra
679 896 824 965 triduum
838 914 895 963 aut
907 896 1116 987 quatriduum
1129 892 1334 963 iemelabora·

293 1018 385 1065 turos
397 1000 603 1065 existimaret.
642 1002 645 1007 ’

336 1101 378 1164 11.
388 1099 514 1163 Idcirco
526 1097 746 1165 abundantem
757 1118 895 1165 annone
908 1098 1034 1187 copiam
1047 1096 1082 1163 in
1092 1118 1151 1163 sm
1164 1112 1263 1163 castra
1270 1116 1336 1159 con·

291 1200 432 1281 vehens,
453 1199 530 1265 satis
550 1198 706 1282 babebat,
729 1200 763 1265 si,
776 1200 903 1265 hostem
925 1220 1055 1268 annona
1073 1197 1266 1287 prohiberet.
1283 1194 1336 1257 Per

292 1300 377 1365 hanc
404 1300 628 1383 occasionem,
649 1324 753 1388 quum
777 1301 937 1389 equestria
963 1300 1069 1388 praelia
1091 1298 1269 1387 frequentia
1289 1293 1336 1357 fie-

293 1414 387 1481 rent,
404 1399 509 1488 iisque
523 1401 673 1489 superior
684 1402 852 1467 llomenus
865 1418 969 1485 esset,
986 1401 1102 1465 milites
1114 1399 1198 1465 avidi
1213 1417 1337 1486 pugne,

293 1498 439 1587 nihilque
451 1522 518 1565 suoe
532 1498 644 1565 virmti
659 1499 784 1567 invium
801 1502 973 1583 jactantes,
989 1502 1023 1565 in
1039 1502 1167 1567 hostem
1180 1498 1228 1565 uti
1247 1496 1335 1563 duce·

292 1619 423 1686 rentur,
438 1604 653 1693 possidebant
671 1608 852 1671 llecusante
866 1606 1019 1681 Lucullo,
1034 1620 1132 1693 atque
1146 1626 1238 1671 suam
1254 1622 1337 1666 occa·

292 1705 417 1771 sionem
430 1707 566 1787 jubente
584 1708 779 1796 exspectari,
799 1729 901 1795 prope
917 1705 1109 1773 seditionem
1128 1722 1279 1783 ventum,
1295 1699 1337 1763 vel

292 1805 418 1885 injussu
424 1805 627 1896 imperatoris
642 1823 843 1898 pugnaturos
859 1807 1091 1889 clamantibm,
1104 1806 1210 1873 donec
1226 1824 1337 1869 accom-

294 1905 424 1971 modata
439 1909 577 1996 tempori
594 1909 741 1974 oratione
754 1908 891 1998 mitigati
902 1910 1104 1997 quieveruut.
1120 1910 1236 1997 Neque
1246 1903 1338 1969 multo

292 2025 367 2096 post
379 2010 577 2099 imperatorii
591 2011 718 2076 consilii
731 2010 900 2075 salubrius
914 2002 1079 2099 apparuit,
1096 2032 1201 2098 quum
1217 2003 1338 2097 penuria

293 2128 536 2175 commeatuum
551 2133 681 2180 movere
693 2126 796 2177 cestra
812 2110 1014 2176 Mithridates
1029 2126 1210 2201 cogeretur.

335 2213 396 2277 111.
417 2212 501 2276 Nun
526 2211 598 2293 ille,
622 2234 689 2299 quo
710 2212 883 2277 Lucullum
905 2210 1046 2289 falleret,
1069 2226 1212 2277 coenatos
1234 2206 1338 2273 militet

294 2312 402 2375 statim
414 2310 569 2392 abduxit,
586 2328 716 2377 noctem
733 2312 905 2377 obscuram
918 2329 1015 2400 etque
1027 2310 1210 2377 nimbosam
1221 2322 1338 2382 nactus,

291 2425 325 2475 et
338 2410 463 2476 oriente
479 2412 547 2477 sole
565 2412 600 2477 in
614 2412 769 2478 Adrastia
784 2428 915 2498 monte,
937 2413 994 2501 qui
1012 2413 1128 2502 Cynico
1145 2412 1222 2478 urbi
1236 2425 1284 2476 est
1295 2428 1340 2494 op

290 2512 435 2599 positus,
453 2513 610 2607 consedit.
623 2515 778 2579 Lucullus
793 2515 973 2602 composito
988 2514 1117 2603 agmine
1132 2515 1178 2580 ita
1195 2515 1338 2598 insequu-

292 2629 367 2696 tus,
383 2628 420 2677 ut
431 2635 474 2678 ne
489 2614 656 2706 pugnandi
674 2615 845 2681 necessitas
865 2615 989 2704 imponi
1009 2615 1111 2679 insito
1126 2629 1253 2706 posset,
1268 2609 1341 2672 circa

292 2711 482 2796 Thraciam,
503 2737 601 2802 quom
621 2732 740 2781 vocent
758 2718 903 2798 Comen,
927 2729 1029 2780 cestra
1049 2713 1274 2780 communivit.
1290 2711 1342 2772 Co

292 2811 384 2902 gnito
408 2812 527 2879 deinde
550 2837 590 2880 ex
613 2815 765 2905 captivis,
781 2816 848 2904 regi
867 2815 993 2880 circiter
1015 2831 1159 2884 trecenta
1180 2813 1340 2880 hominum

293 2914 411 2997 millia,
428 2936 497 2979 non
516 2932 592 2981 ante
614 2917 731 3006 paratis
753 2916 875 3003 copiis,
897 2913 954 2980 sed
976 2937 1017 2980 ex
1034 2913 1224 3002 quotidiana
1241 2911 1342 2976 subsc·

291 3014 402 3080 ctiotm
413 3015 589 3101 maritime,
599 3032 634 3080 et
641 3015 949 3082 frumentationibus
961 3016 1019 3099 ali,
1033 3016 1143 3081 futura
1159 3017 1269 3080 animo
1280 3029 1342 3099 pm·

292 3115 450 3204 spiciens,
465 3137 533 3180 non
549 3117 712 3182 continuit
726 3117 885 3204 laetitiam,
900 3116 958 3182 sed
973 3139 1072 3206 opere
1086 3133 1265 3182 casu-orum
1278 3131 1342 3201 pet*

292 3219 398 3297 lecto,
420 3215 588 3282 advocarit
610 3218 823 3298 contionem,
842 3234 939 3306 atque
964 3217 1052 3306 apud
1073 3217 1284 3282 circumfusos
1304 3211 1342 3273 iu

291 3339 386 3380 orsus
401 3333 469 3381 est:

337 3417 394 3479 IV.
411 3445 425 3472 ι
436 3416 594 3481 Omnium
614 3419 759 3506 gentium
776 3433 873 3507 atque
892 3419 1088 3508 populorum
1105 3407 1278 3493 institutis,
1293 3405 1342 3496 qui

293 3547 308 3573 ιι
319 3517 431 3603 utique
444 3540 621 3585 consensus
634 3537 750 3586 arecta
763 3522 887 3586 ratione
904 3543 1072 3608 nunquam
1085 3518 1237 3599 discedit,
1252 3516 1294 3578 ita
1304 3507 1344 3574 ti·

293 3647 307 3671 a
315 3616 430 3680 demus
438 3618 619 3702 observari,
633 3622 716 3685 utin
731 3643 766 3686 re
779 3621 892 3686 bellica
903 3622 1013 3686 multis
1024 3621 1197 3686 hominum
1211 3613 1343 3680 millibus

293 3739 404 3781 «unus
421 3719 613 3807 plemmque
633 3723 807 3810 imperator
826 3723 953 3810 praesit:
973 3721 1090 3786 multas
1112 3720 1201 3785 enirn
1218 3733 1343 3784 manus,

295 3820 374 3885 «sed
394 3841 498 3884 unum
521 3822 692 3887 consilium
714 3845 766 3888 res
787 3825 931 3889 militaris
948 3823 1125 3908 desidemt3
1143 3818 1344 3912 quemadmo-

329 4029 346 4094 s
363 4034 384 4079 1.
400 4033 431 4082 ll.
446 4033 476 4082 C.
491 4033 559 4095 ⁶783
575 4035 645 4085 Ml.
658 4044 699 4096 74.
709 4063 744 4075 -
753 4037 806 4087 Lis.
817 4039 882 4104 Epit.
897 4063 932 4075 -
942 4037 959 4102 S
971 4041 1017 4088 111.
1031 4038 1095 4088 Plut.
1110 4039 1136 4086 in
1147 4035 1263 4092 Lucullo,
1277 4047 1297 4078 ο·
1310 4027 1343 4074 ¹⁸·

294 4139 330 4152 ·-
342 4115 420 4166 sint.
433 4116 477 4166 lib.
491 4121 557 4178 ΧΠ,
572 4137 597 4185 p.
613 4121 672 4180 57⁵.
687 4149 722 4159 -
739 4121 845 4187 Appirn.
861 4121 972 4171 Mithrid.
