2875 4900
287 406 341 475 IN
372 404 485 473 LOC.
511 402 604 470 Ltu.
632 401 729 469 CIII
758 398 971 469 LIVIANI.
1100 400 1170 495 493

99 526 272 591 fortissime
283 524 452 614 proposito
468 521 575 587 Clodii
588 522 763 604 restiterat,
773 536 879 586 morte
890 520 1072 587 subductus
1086 540 1172 606 erat,

101 643 161 691 tam
178 642 366 715 opportune
380 641 414 689 et
426 624 598 706 velociter,
612 640 651 687 ut
670 623 775 687 scelus
794 623 924 705 uxoris,
945 646 1018 711 quae
1034 625 1125 688 fratri
1141 642 1173 690 et

99 728 131 790 in
139 728 206 791 aliis
225 726 323 791 nimis
334 725 505 791 dicebatur
519 748 589 790 csse
606 725 783 814 morigera,
801 724 949 812 plerique
969 727 1173 814 suspicarer·
1203 720 1205 725 ’

100 846 161 893 tur.
179 831 268 893 Turn
294 851 373 894 vero
398 842 515 917 agente
538 828 684 907 Caesare,
708 824 860 888 inventus
882 842 931 889 est
955 823 995 890 Ρ.Ι
1014 826 1171 891 Fonteius

101 928 228 1015 quidam
241 928 386 1017 explebe
397 950 552 1009 romana,
570 928 628 1016 qui
639 928 711 1017 lege
727 925 858 989 Curiata
872 925 1023 991 Clodium
1044 928 1174 1017 adopta·

101 1046 147 1094 ret
154 1070 168 1112 ,·
182 1032 360 1119 statimque
375 1031 537 1094 emitteret
559 1019 680 1112 manu3
697 1027 789 1116 quod
807 1051 866 1116 per
887 1050 922 1092 se
945 1028 1078 1094 evidens
1102 1047 1171 1093 erat

101 1118 259 1198 clusarum
277 1134 387 1222 legum
401 1147 643 1211 commentum,
666 1146 699 1194 et
716 1152 794 1194 sane
809 1151 908 1216 quam
924 1130 1042 1193 rationi
1060 1146 1093 1193 et
1106 1130 1170 1209 juri

102 1256 301 1323 repugnans,
319 1232 410 1322 quod
421 1234 525 1313 major
538 1248 618 1296 natu
630 1230 764 1295 Clodius
778 1230 928 1295 aminori
944 1231 1170 1320 adoptabatur.

141 1336 239 1400 CVII.
264 1336 392 1401 Exhinc
408 1335 510 1399 multa
530 1334 647 1415 injecta
665 1348 743 1396 sunt
760 1333 794 1395 in
818 1332 1053 1421 rempublicam
1070 1350 1103 1399 et
1118 1335 1171 1397 in·

103 1436 288 1525 tegerrimos
302 1459 452 1525 quosque
468 1434 621 1501 custodes
634 1435 702 1514 ejus
718 1434 875 1515 fulmina,
891 1437 1052 1522 patefacto
1063 1435 1104 1500 ad
1117 1438 1172 1501 tri·

102 1536 258 1603 bunatum
283 1538 393 1620 aditu,
417 1561 517 1627 quem
537 1559 616 1600 mox
638 1535 732 1624 petiit
755 1534 908 1622 Clodius,
933 1552 965 1599 et
983 1536 1171 1625 designatus

103 1652 156 1700 est.
174 1638 315 1703 Perierat
327 1656 361 1703 et
375 1639 421 1703 Μ.
441 1637 621 1702 Laterensis
635 1636 782 1726 egregius
797 1633 1005 1701 adolescens:
1023 1637 1080 1701 scd
1094 1640 1170 1726 quia

103 1734 149 1799 lex
159 1736 199 1801 de
210 1762 290 1829 agro
306 1762 464 1827 campano
484 1739 732 1802 exsecrationem
750 1735 890 1801 habebat
902 1738 936 1801 irt
950 1742 1081 1803 coitione
1094 1763 1172 1805 carz-

103 1836 278 1907 dilictorum
282 1889 293 1923 ,
312 1843 342 1906 si
356 1843 545 1905 mentionem
546 1838 692 1926 fecerint
696 1887 707 1918 ,
730 1861 793 1927 quo
810 1837 903 1901 alaier
918 1862 996 1927 ager
1006 1840 1171 1929 possidea-

104 1953 166 2019 tur,
182 1957 277 2033 atque
291 1968 336 2008 ex
347 1943 467 2032 legibus
478 1942 573 2007 Iuliis
581 1966 594 2022 ;
611 1956 723 2029 petere
737 1939 880 2021 destitit,
894 1962 936 2003 ne
944 1941 1077 2021 juraret.
1091 1942 1170 2007 Post

104 2042 230 2109 Antonii
246 2046 490 2111 damnationem
507 2066 583 2109 reus
602 2066 641 2107 ex
658 2043 731 2107 Asia
745 2042 781 2107 L.
797 2042 944 2106 Valerius
963 2043 1113 2127 Flaccus,
1127 2046 1169 2110 ab

105 2142 213 2209 eodem
228 2149 408 2230 Cicerone,
425 2144 514 2235 apud
527 2146 567 2210 T.
581 2145 729 2209 Vettium
744 2142 871 2208 felicius
888 2161 937 2209 est
950 2144 1120 2228 defensus,
1137 2165 1170 2212 et

106 2250 344 2330 opportunitate
357 2248 422 2328 joci
443 2245 612 2327 cujusdam
627 2245 807 2310 absolutus.
826 2243 952 2310 Eodem
966 2269 1099 2335 quoque
1111 2272 1169 2336 pa·

107 2357 195 2408 trono
208 2346 259 2412 bis
271 2349 337 2413 hoc
349 2371 436 2413 anno
445 2348 595 2429 judicum
608 2347 770 2436 suffragiis
781 2346 935 2411 liberatus
949 2364 998 2411 est
1008 2350 1046 2413 A.
1060 2350 1171 2414 Minu·

106 2444 167 2510 cius
179 2451 353 2516 Thermus.
373 2451 461 2517 Inito
480 2449 599 2516 deinde
611 2449 799 2531 tribunatu,
812 2448 848 2513 P.
863 2449 997 2515 Clodius
1010 2451 1056 2516 M.
1069 2453 1170 2517 Bibu-

105 2543 166 2611 lum
192 2552 293 2617 verba
317 2555 422 2617 facere
441 2553 486 2631 ,in
518 2550 715 2639 deponendo
747 2551 936 2641 magistratu
960 2554 1170 2643 incipientem

107 2649 285 2737 prohibuit,
303 2671 336 2718 et
351 2653 479 2718 solenni
493 2650 706 2733 jurejurando
721 2651 816 2732 jussit
834 2675 903 2717 esse
921 2671 1126 2722 contentum.

144 2750 255 2819 CVIII.
267 2755 396 2820 Eodem
412 2776 500 2818 anno
516 2754 557 2837 Q.
572 2753 704 2817 Metello
721 2753 845 2836 Celeri,
860 2778 965 2842 quum
981 2757 1015 2820 in
1032 2756 1168 2822 Galliam

107 2859 294 2930 proconsule
318 2855 484 2945 profectus
508 2870 609 2936 esset,
632 2877 689 2918 rex
711 2854 893 2919 Suevorum
913 2857 1092 2921 Ariovistus
1109 2858 1171 2922 ho·

109 2949 201 3016 mines
216 2957 378 3045 quosdam
401 2980 441 3022 ex
459 2956 553 3020 [ndia
571 2956 662 3021 dono
683 2954 792 3036 dedit,
809 2957 885 3043 qui,
906 2980 1010 3045 quum
1031 2980 1049 3022 e
1068 2961 1171 3047 patria

108 3059 286 3122 commercii
304 3081 400 3122 causa
422 3057 630 3148 navigarent,
651 3057 897 3145 tempestatibus
919 3070 1011 3122 erant
1033 3059 1067 3122 in
1088 3059 1171 3125 Ger·

109 3154 238 3221 maniam
253 3159 391 3247 abrepti.
405 3158 547 3223 Marcius
562 3159 750 3248 Philippus,
766 3159 822 3246 qui
836 3158 961 3246 Syriam
980 3183 1019 3226 ex
1031 3179 1171 3250 praetura

110 3248 284 3343 obtinebat,
296 3283 373 3325 cum
386 3261 533 3325 Arabum
546 3258 757 3349 praedonibus
767 3307 776 3340 ,
786 3259 987 3347 provinciam
1000 3261 1173 3328 incursan-

111 3351 204 3443 tibus,
219 3387 337 3451 pamm
355 3386 509 3453 prospere
527 3362 650 3426 bellum
673 3362 791 3452 gessit,
810 3361 954 3449 alioquin
973 3363 1070 3428 etiam
1082 3365 1171 3430 baud

111 3457 221 3540 ⁰ptima
236 3467 321 3530 fama
335 3464 479 3555 agendo;
492 3479 531 3527 ut
549 3463 724 3528 clarissima
744 3464 779 3528 C.
800 3463 954 3528 Octavius
963 3480 980 3547 ,¹
991 3467 1049 3553 qui
1066 3467 1174 3532 Mace·

112 3551 207 3626 douiae
224 3588 291 3632 non
310 3568 437 3632 minore
451 3566 593 3649 justitia,
609 3588 709 3654 quam
730 3565 938 3649 fortitudine,
951 3585 1095 3656 praeerat.
1110 3575 1171 3635 At-

112 3676 169 3740 que
178 3663 223 3748 is,
238 3670 361 3751 Bessis,
375 3669 580 3733 ferocissimis
594 3669 783 3750 Thracum,
794 3691 913 3758 magno
927 3672 1054 3759 prelio,
1071 3672 1171 3753 fusis,

112 3752 276 3848 loperator
283 3771 461 3860 appellatus
473 3786 532 3836 cst.
545 3773 587 3834 At
597 3769 747 3852 Clodius,
762 3771 854 3834 omni
866 3770 907 3836 ad
918 3771 1171 3860 opprimendum

143 3981 158 4047 S
174 3989 237 4042 CVI·
257 3997 309 4046 Cic.
326 4013 373 4062 pro
384 3997 446 4047 Coel.
458 4013 514 4062 cap.
525 4004 572 4055 ²4,
585 4009 609 4045 et
622 4013 669 4062 pro
680 3996 772 4056 domo,
791 4012 846 4063 cap.
861 3997 891 4044 13
903 4007 927 4045 et
945 4007 983 4054 14.
1004 4024 1039 4033 -
1058 3997 1075 4062 5
1091 3999 1170 4048 GVH,

114 4061 160 4115 αθ·
170 4080 290 4135 P¹⁰Sexo
300 4097 355 4147 cap.
368 4098 396 4140 73
409 4080 443 4129 ad
455 4081 533 4130 Attio.
543 4082 582 4140 11,
595 4081 677 4139 thet
690 4096 737 4146 pro
751 4081 853 4138 Flacco,
869 4097 923 4146 cap.
939 4082 985 4140 34,
997 4081 1029 4130 38
1042 4092 1066 4132 at
1081 4083 1122 4147 39.
1137 4111 1173 4122 --

114 4144 215 4208 uma,
228 4163 277 4215 sat.
289 4167 327 4226 11,
340 4180 362 4214 1.
372 4192 406 4202 -
416 4165 475 4212 nto.
