2875 4900
306 395 355 465 IN
388 395 499 463 LOC.
526 395 620 462 LIB.
647 395 715 463 XC
744 392 954 463 LIVIANL
1089 420 1157 491 ²¹7

101 519 232 585 tinebat
245 507 330 594 ,sitii
342 517 401 583 din
414 516 535 581 bellurn
548 516 581 581 id
595 530 734 581 tractum
746 514 788 581 cd
796 516 958 581 Mutinam
974 531 1039 599 est;
1055 540 1158 604 quum

100 636 202 685 cesus
209 620 321 685 castris
330 619 478 711 oppositu
489 634 613 699 essent,
625 639 688 681 nec
697 615 739 681 ad
749 638 909 683 summam
919 618 966 683 rei
978 618 1159 705 proiectura

97 721 276 787 certamina
290 735 549 787 consererentur.
558 720 606 783 Ea
617 719 820 807 resLepido,
836 720 893 807 qui
909 719 1103 785 circuumcto
1116 722 1161 783 in·

100 823 193 887 terim
209 844 298 887 anno
313 820 509 909 proconsule
521 841 557 883 se
574 820 723 909 gerebat,
737 820 841 885 otium
856 820 1009 908 prebuit,
1026 836 1078 903 ut,
1093 822 1161 885 coi·

99 924 189 989 lectis
203 946 246 989 ex
260 922 402 1009 qualibet
421 921 594 986 homiuum
610 920 686 985 fece
706 920 809 1007 copiis
821 921 963 1009 mugnis,
978 920 1019 985 cd
1038 920 1160 985 Urbem
1255 964 1261 978 ,

99 1023 264 1105 tenderet,
279 1022 487 1110 enidensque
500 1021 706 1086 consulatum
719 1020 855 1085 alterum
873 1022 1061 1107 postularet.

140 1126 237 1189 xsst.
252 1124 304 1189 nd
319 1124 437 1189 famam
452 1122 611 1187 venientis
631 1120 720 1186 haud
742 1144 837 1210 parra
860 1122 893 1185 in
915 1122 1003 1187 Urbe
1018 1120 1159 1210 trepida·

98 1225 144 1290 tio
166 1225 254 1305 fnit,
276 1240 309 1289 et
329 1225 364 1289 in
385 1239 501 1289 senatu
519 1224 554 1287 L.
570 1222 739 1310 Philippus
758 1221 792 1286 in
814 1221 883 1285 hae
897 1222 994 1285 rerba
1011 1223 1157 1287 censuit:

100 1325 265 1412 Qconr'asn
279 1324 413 1414 Lepidus
426 1326 599 1389 nemnem
609 1326 736 1411 privato
751 1321 882 1387 consilio
892 1336 1046 1410 paratum
1052 1370 1064 1402 ‚
1087 1346 1160 1387 curn

93 1428 249 1514 pemmo,
266 1441 297 1491 et
311 1426 446 1493 hostibus
460 1422 655 1513 mipubdcae,
672 1436 784 1489 comm
805 1422 897 1511 injus
914 1422 1033 1489 ordinis
1047 1437 1160 1489 arceto·

98 1530 227 1593 n'tatem
251 1526 300 1592 cd
317 1527 431 1593 Urbem
450 1526 539 1591 ducat
551 1572 562 1605 ‚
587 1528 638 1591 uti
658 1525 722 1615 Ap.
748 1522 899 1592 claudus
923 1526 1061 1587 interrex
1085 1546 1157 1588 cum

98 1629 137 1714 Q.
149 1626 271 1694 catule
282 1626 484 1714 proconsule,
503 1636 536 1689 et
549 1627 683 1703 comni,
701 1624 810 1714 qur'bus
827 1626 987 1711 inperium
1003 1638 1062 1703 est,
1083 1625 1160 1689 Urbi

89 1728 246 1817 prasidio
259 1731 338 1807 nist,
352 1748 540 1817 operamque
552 1727 629 1791 dent
634 1772 645 1804 ,
660 1724 790 1813 nequid
800 1722 971 1811 respublica
982 1723 1161 1787 detrimenti

94 1829 216 1916 capiat.
229 1826 293 1891 Sed
305 1844 429 1893 metum
443 1827 508 1891 cito
520 1822 712 1889 ademerunt
728 1825 827 1889 aliatae
840 1848 859 1887 a
873 1824 1028 1911 Pompeio
1043 1824 1157 1904 Hmrae,

95 1926 221 2013 quibus
241 1926 426 1991 confectum
446 1926 588 2005 bellurn,
610 1925 747 1991 traditus
766 1948 841 1991 curu
860 1925 1002 1991 exercitu
1019 1926 1156 1999 Brutus,

95 2025 345 2091 nuntiabantur.

24 2147 25 2160 ¹
137 2128 232 2189 x1V.
248 2127 333 2189 Eum
352 2126 544 2214 Pompeius,
558 2150 662 2215 quum
673 2126 776 2209 datis,
791 2128 849 2215 qui
865 2141 1159 2215 prosequerentur,

95 2224 280 2314 equitibus,
294 2227 455 2316 Rhegium
471 2226 589 2292 deduci
600 2227 765 2307 jussisset,
783 2228 891 2293 statim
906 2226 1087 2314 insequenti
1103 2226 1160 2291 die

96 2326 285 2413 paenitentia
304 2326 442 2408 ductus,
459 2327 646 2393 Geminium
664 2329 768 2410 misit,
783 2352 801 2393 a
820 2351 887 2416 quo
903 2350 971 2393 non
987 2328 1057 2393 sine
1072 2329 1155 2393 infa-

96 2428 160 2492 mia
169 2426 313 2516 perfidiae
326 2427 586 2516 mudelitatisque
601 2429 800 2517 pompeianae
810 2444 859 2494 est
870 2427 1065 2493 interiectus.
1075 2428 1157 2494 Alba

95 2527 481 2615 quoque,qua1ndeinde
492 2529 634 2618 Pompeii
642 2552 762 2594 nomen
774 2530 884 2594 tulisse
895 2529 1050 2611 arbitror,
1064 2531 1154 2617 qnod

94 2628 190 2694 abeo
206 2644 278 2692 tum
291 2645 477 2694 conservata
492 2645 591 2711 esset,
611 2645 783 2718 postquam
802 2628 1005 2696 obsidionem
1023 2632 1156 2696 famem-

94 2752 161 2815 que
182 2731 268 2794 ferne
291 2730 428 2818 amplius
452 2753 520 2794 nou
542 2731 670 2818 potuit,
693 2729 799 2796 dedita
821 2746 888 2809 est3
913 2730 1024 2818 ibique
1048 2731 1153 2817 Scipio

95 2853 171 2894 cum
185 2829 299 2918 Lepidi
316 2829 385 2896 filio
402 2846 513 2918 captus
531 2845 563 2896 et
578 2831 714 2896 oceism.
732 2830 822 2894 lntcr
836 2831 921 2910 haec,
939 2831 1077 2895 comitiis
1097 2853 1153 2917 pen

96 2930 291 3017 interregem
306 2930 440 3010 iubitis,
457 2931 660 2996 consulatum
679 2931 722 3015 D.
733 2930 848 2994 iunius
865 2933 904 2996 D.
914 2933 950 2996 F.
960 2931 1004 2996 M.
1013 2933 1055 2996 N.
1071 2933 1154 2995 Bru·-

96 3045 168 3110 tus‚
191 3029 375 3095 Mamercus
396 3030 547 3096 AEurilius
570 3033 668 3097 Maru.
685 3031 722 3095 F.
733 3031 779 3096 Μ.
789 3031 829 3094 Ν.
848 3031 988 3118 Lepidus
1004 3031 1154 3097 Livianus

96 3145 254 3195 mterunt.

138 3231 213 3296 XV.
232 3231 414 3313 Mamerco,
438 3233 562 3296 homini
582 3232 758 3312 ditissimo,
782 3253 823 3296 ne
847 3253 908 3296 sno
930 3252 1017 3294 anno
1040 3233 1154 3298 consul

97 3329 203 3412 fieret,
229 3332 455 3418 praetermissio
475 3331 634 3397 aedilitatis
656 3333 787 3413 nocuit,
814 3331 904 3421 quod
925 3343 1152 3420 sumptuosum

97 3431 288 3496 muneribus
303 3433 524 3520 magistratum
542 3455 652 3497 amore
669 3434 813 3520 pecuniae
826 3433 960 3500 vitatum
977 3433 1019 3500 ab
1035 3457 1074 3498 eo
1092 3457 1153 3523 po·

97 3533 192 3616 pulus
204 3531 384 3600 crediderat
401 3556 410 3598 ι
425 3548 495 3598 tum
510 3556 642 3622 quoque
655 3535 782 3598 tulisset
795 3536 972 3622 repulsam,
989 3537 1022 3600 ni
1038 3537 1073 3600 C.
1086 3537 1153 3602 Cu·

98 3631 166 3712 rio,
189 3648 229 3695 ut
252 3632 502 3714 adolescentior,
527 3651 560 3698 et
583 3635 697 3722 populi
722 3635 882 3724 suffragiis
904 3637 1048 3726 integer,
1070 3639 1154 3702 aetati

97 3731 247 3798 Mamerci
257 3736 477 3799 concessisset.
489 3735 547 3800 His
560 3733 697 3817 auditis,
707 3735 867 3824 Lepidus,
880 3759 983 3824 quum
997 3737 1098 3802 hostis
1112 3740 1153 3801 nb

130 3957 145 4020 ς
157 3959 229 4006 xttt.
242 3960 340 4010 saltus
350 3963 415 4012 tri-r.
425 3966 451 4018 1.
468 3964 494 4013 in
506 3974 568 4012 orat.
578 3963 695 4032 rtittppt.
711 3995 746 4004 -
763 3965 779 4030 s
792 3969 858 4014 ΧΠ.
870 3969 901 4016 U.
911 3969 939 4018 C.
949 3968 1013 4027 675,
1029 3969 1061 4016 Δ.
1070 3971 1097 4019 C.
1111 3984 1151 4028 77.

101 4062 131 4074 -
146 4039 210 4090 tlon
221 4043 248 4090 in
260 4042 349 4102 Bruto,
363 4063 418 4110 cap.
430 4048 456 4094 6.
475 4073 510 4083 -
527 4050 638 4106 Oronv,
655 4067 696 4096 aa.
711 4076 744 4087 -
755 4050 807 4098 vat.
824 4051 892 4098 Mu.
902 4051 950 4108 VI,
970 4065 994 4098 a.
1008 4079 1041 4088 —
1057 4051 1108 4102 cic.
1121 4053 1151 4099 ad

102 4121 174 4170 Attis.
185 4126 235 4182 tx,
253 4139 293 4184 ¹7·
304 4153 339 4164 —
352 4128 438 4176 Zonsr.
451 4155 483 4166 ·-
496 4129 583 4178 Cellas.
592 4133 682 4194 Gscgr.
692 4136 752 4181 Ant.
762 4133 804 4180 lib.
814 4135 850 4190 11,
870 4149 923 4198 cap.
934 4151 957 4196 9.
