2875 4900
38 351 41 492 l
194 389 299 492 vnt
330 389 1003 459 tuumntxxrxmvmnr.
1111 387 1153 484 57

38 535 40 548 ·
113 534 199 600 wgo,
214 511 334 600 inquit,
354 509 445 598 quod
466 531 524 574 sua
539 525 655 598 sponte
671 508 813 573 Marium
833 507 869 570 in
891 505 1017 570 ltaliam
1032 509 1157 573 venisse

38 615 40 752 p
113 611 310 692 «arbitrabar,
326 633 398 674 eam
410 611 603 674 sententiam
615 609 680 674 dixi
696 633 703 673 :
719 607 850 697 quodsi
861 607 967 672 accitu
980 623 1038 672 tuo
1051 608 1156 691 adest,

111 725 273 775 «transacta
287 734 339 775 res
351 725 436 790 erat,
450 731 558 798 neque
573 711 717 774 revocari
731 711 766 772 in
781 708 1047 774 deliberationem
1060 709 1160 774 debe-

111 810 205 874 ·batu.
220 813 268 876 lta
289 827 455 900 reoepnrm
471 812 576 876 Cinna
594 813 765 901 appellavit
779 811 1016 900 proconsulem,
1040 812 1158 877 lasces-

112 933 164 998 qne
185 911 223 976 ad
245 935 340 994 eum,
365 928 399 977 et
421 913 481 976 alia
504 913 708 1002 magistratus
731 913 870 1000 insignia
892 912 990 976 misit.
1016 911 1081 976 Sed
1104 913 1157 976 ille

38 1039 39 1050 ¹
111 1015 266 1078 convenire
283 1014 353 1078 haec
372 1013 489 1078 exsulis
509 1013 647 1078 sonunae
666 1011 835 1102 negando,
857 1010 1041 1076 sordidatus
1061 1027 1159 1098 atque

111 1109 259 1198 squalidus
269 1115 358 1178 lento
370 1137 467 1202 passu
478 1113 667 1195 incedebat,
680 1113 933 1180 misericordiam
946 1115 1078 1181 concire
1090 1130 1159 1178 stu·

111 1211 177 1278 dens
193 1237 201 1294 ς
216 1215 274 1280 sed
295 1216 501 1305 prominebat
519 1232 611 1280 atrox
627 1216 773 1296 animus,
793 1200 1030 1301 efferatumqiie
1048 1215 1156 1302 potius

38 1315 39 1360 ἓ
111 1315 287 1392 calamitate,
304 1337 403 1403 quam
419 1315 596 1398 domitum,
615 1317 749 1382 torvitas
763 1317 871 1381 vultus
887 1315 1061 1381 indicabat.

145 1415 251 1481 XLVI.
270 1417 415 1482 Salutato
434 1417 586 1498 consule,
607 1432 639 1481 et
661 1417 702 1481 ad
724 1418 842 1481 milites
859 1417 1007 1482 oratione
1027 1415 1157 1497 habita,

110 1515 241 1581 debello
263 1517 477 1582 deliberatum
499 1512 582 1582 inter
604 1518 704 1583 duces
727 1535 786 1583 est.
804 1506 1065 1607 oppugnandam
1088 1539 1157 1581 esse

109 1617 214 1682 Urbem
225 1619 458 1700 conveniebat,
472 1621 630 1692 invitante
641 1620 824 1708 prseteralia
837 1620 979 1684 consulis
991 1622 1051 1684 Cn.
1062 1621 1158 1684 Octa·

109 1719 144 1780 vii
158 1721 307 1808 segnitie,
327 1743 395 1784 non
414 1736 478 1784 tam
498 1721 673 1809 imperitia,
691 1743 789 1808 quam
808 1721 1032 1808 intempestiva
1048 1721 1157 1812 legum
1260 1796 1263 1804 Ι

108 1840 187 1896 cura,
204 1820 390 1884 occasiones
404 1822 643 1910 corrumpentis
657 1822 764 1886 :inter
774 1845 862 1909 quse,
873 1821 1066 1900 jubentibus
1079 1821 1159 1885 mul-

110 1919 158 1998 tis,
180 1920 220 1985 ad
243 1919 469 1985 defensionem
492 1923 589 1994 Urbis
615 1923 760 1987 libertate
784 1922 967 2010 proposita,
988 1943 1157 1986 servorum

108 2021 211 2085 auxilio
222 2022 291 2104 nti,
306 2024 449 2111 negarit,
465 2027 557 2087 servis
572 2047 604 2087 se
616 2039 728 2089 contra
741 2024 821 2111 loges
836 2023 988 2087 datwum
1003 2045 1074 2086 eam
1087 2023 1159 2086 eivi-

108 2133 190 2185 tatem
197 2171 206 2202 ,
224 2124 311 2188 unde
326 2124 360 2189 C.
371 2125 514 2190 Maniam
527 2126 647 2212 legibus
656 2147 776 2214 parens
788 2141 914 2190 meret.
930 2128 976 2190 At
988 2126 1085 2214 longe
1097 2125 1157 2187 alia

108 2222 244 2288 Cinnanis
269 2225 355 2288 ratio
378 2243 462 2306 erat,
486 2227 562 2312 qui,
583 2243 726 2315 quatuor
747 2228 839 2290 sactis
863 2225 1074 2306 exercitibus,
1095 2248 1156 2314 pro

108 2345 229 2390 numero
245 2325 372 2390 ducum
392 2327 483 2412 (nam
502 2345 619 2415 praeter
638 2328 777 2392 Cinnam
796 2344 829 2392 et
845 2326 1003 2408 Marium,
1022 2327 1157 2392 seorsim

109 2423 140 2505 Q.
146 2426 320 2505 Sertorius,
335 2429 394 2493 Cn.
408 2429 555 2517 Papirius
565 2429 670 2494 Carbo
682 2427 862 2514 ducebant)
873 2427 1016 2493 Tiberim
1026 2451 1156 2492 amnem

109 2526 284 2594 clauserant.
301 2531 351 2593 Ex
368 2529 503 2595 adverso
517 2531 614 2595 Urbis
635 2531 741 2595 Cinna
753 2546 788 2594 et
801 2531 908 2594 Carbo
924 2531 1087 2595 habebant
1104 2553 1157 2595 m·

108 2643 177 2709 stra3
192 2654 290 2718 supra
302 2631 420 2694 urbem
437 2631 616 2711 Sertorium,
632 2631 717 2694 inira
738 2632 774 2694 C.
790 2631 911 2694 Marius
926 2630 1157 2711 consederant,

108 2742 146 2809 et,
164 2732 318 2819 pontibus
337 2730 460 2818 ubique
479 2732 657 2820 impositis,
678 2730 883 2820 dimissisque
897 2731 940 2795 ad
957 2730 1156 2820 diripiendos

107 2832 308 2918 negotiatores
329 2832 460 2913 lembis,
484 2831 625 2920 nequid
648 2832 815 2921 importari
836 2833 869 2895 in
893 2832 1010 2896 urbem
1028 2847 1157 2919 posset,

109 2932 322 3015 prohibebant.

141 3034 264 3100 XLVII.
279 3035 404 3101 Ostiam
417 3056 549 3122 quoque
562 3035 724 3099 coloniam
739 3034 925 3122 proditione
938 3029 1157 3118 quorumdam

107 3135 286 3221 expugnavit
301 3134 444 3215 Marius,
461 3135 637 3222 multisque
653 3136 687 3199 in
701 3158 740 3199 ea
754 3134 928 3222 peremptis
940 3133 1082 3213 civibus,
1098 3156 1157 3221 op-

107 3230 205 3313 pidum
221 3233 362 3299 nefanda
375 3250 480 3323 strage
491 3234 641 3323 diripuit,
656 3235 811 3299 omnibus
824 3235 979 3311 avaritiae,
993 3234 1155 3318 libidinis,

107 3332 282 3421 sentiasque
307 3335 462 3421 exemplis
483 3334 527 3399 ibi
551 3335 653 3401 editis.
678 3336 728 3401 Ab
749 3336 810 3400 alia
835 3352 925 3423 parte
951 3337 1155 3420 Ariminum,

38 3506 39 3517 χ
107 3430 195 3497 missis
211 3458 249 3498 eo
266 3435 388 3523 copiis,
406 3436 509 3499 Cinna
531 3436 655 3527 redegit
673 3438 706 3500 in
728 3454 920 3525 potestatem
938 3462 946 3503 ε
963 3463 1031 3528 quo
1052 3441 1156 3521 sacto,

107 3552 166 3616 quac
180 3535 212 3599 in
229 3538 354 3626 Togata
370 3536 471 3601 Galba
486 3540 627 3603 collectae
645 3539 746 3627 copiae
763 3557 873 3621 erant,
890 3541 1154 3606 excludebantur.

109 3631 188 3701 Unde
202 3654 296 3701 arctae
311 3640 348 3702 in
361 3638 451 3703 Urbe
464 3661 516 3703 res
528 3661 597 3703 esse
611 3639 826 3727 incipiebant,
843 3656 966 3705 tantam
980 3640 1159 3707 multitudi-

108 3753 169 3799 nem
184 3739 247 3803 cito
263 3755 432 3827 premente
446 3757 688 3805 commeatuum
704 3742 832 3832 inopia;
847 3746 1008 3833 mriistpre
1026 3745 1156 3809 interim

135 3958 148 4019 S
161 3964 232 4015 xtv.
245 3966 311 4015 Plnt.
325 3966 351 4014 in
364 3968 426 4016 Sert.
440 3984 494 4033 cap.
509 3984 535 4031 ς,
548 3979 573 4017 et
586 3968 649 4017 Mar.
659 3984 713 4034 cap.
728 3984 771 4029 70.
785 3996 821 4006 -
833 3970 886 4017 Lis.
897 3968 964 4033 Epir.
971 3994 1010 4032 1-
1024 3967 1099 4016 Diod.
1116 3984 1157 4032 ap.

108 4040 175 4095 tna.
187 4074 220 4085 —
233 4048 249 4114 S
261 4051 353 4099 xcvt.
367 4048 432 4099 llos.
448 4052 502 4110 111,
520 4068 563 4099 ar.
582 4076 617 4089 —-
635 4052 744 4117 Appiam
758 4052 813 4102 Civ.
827 4050 871 4101 lib.
886 4052 909 4100 1.
924 4077 958 4089 —
976 4048 1041 4098 l’lut.
1056 4076 1090 4087 —
1103 4050 1157 4099 lit.

110 4123 164 4187 lpit.
173 4156 205 4167 ··
214 4134 286 4183 Ome.
297 4134 329 4194 V,
346 4150 385 4197 ¹9·
917 4127 920 4130 ⁵
