2875 4900
290 359 360 456 736
462 364 528 430 JO.
554 359 894 430 FREINsttssattl
926 361 1174 430 SUPPLEM.

286 497 377 568 parte
387 481 572 570 copiarum,
590 483 693 544 Cesar
703 482 898 546 conclamari
909 504 985 544 vasa
995 482 1160 562 jussisset,
1176 503 1246 567 quo
1258 482 1357 544 simul

287 583 428 663 utilitati,
437 581 534 646 simul
541 585 633 646 samar
642 581 977 670 consrrleretrtr32pnd
984 582 1357 670 Pompeiumsententiis

286 686 478 750 variabatur.
496 684 611 764 Multi,
629 699 762 748 auctore
778 682 931 766 Afranio,
946 683 1072 746 ltaliam
1090 682 1177 770 peti,
1194 682 1268 761 alii,
1287 682 1357 744 bel-

286 789 355 851 lum
377 787 479 867 trahi,
498 785 660 850 volebant.
683 785 840 873 Pompeio
862 801 1017 848 neuuum
1033 785 1110 846 satis
1127 782 1355 870 probabatur:

284 911 344 976 pro
355 887 576 952 ltaliabellum
588 907 761 974 regerere,
775 885 926 966 dicebat;
945 908 1007 948 uec
1016 907 1268 973 oppressurum,
1283 908 1357 970 quc

286 987 418 1052 defensa
435 1005 468 1052 et
490 1003 611 1051 serrata
627 987 759 1075 cupiat;
780 1009 886 1074 neque
901 986 1046 1050 dandum
1068 986 1156 1048 hosti
1180 986 1357 1074 perterrito

284 1091 436 1178 spatium.
452 1089 539 1177 Ergo
553 1085 759 1152 recedentem
775 1087 818 1152 ad
831 1089 940 1176 priora
959 1103 1063 1151 eastra
1077 1089 1257 1162 Caesarem,
1281 1110 1357 1173 quar

286 1191 414 1256 fuerant
425 1205 538 1254 contra
553 1189 761 1278 Asparagium
776 1189 899 1276 posita,
911 1187 1118 1274 vicissimque
1128 1186 1206 1250 inde
1219 1208 1358 1248 moren-

284 1309 366 1372 tem,
383 1307 514 1354 strenue
532 1290 746 1376 insequutus3
761 1305 935 1376 postquam
951 1286 1084 1374 adipisci
1095 1308 1190 1375 posse
1205 1284 1359 1372 despera·

283 1395 346 1474 vit,
362 1391 403 1456 ad
419 1391 604 1479 Scipionem
620 1412 794 1479 properare
809 1391 921 1478 erepit,
938 1389 969 1452 ei
985 1388 1120 1468 timens,
1138 1409 1181 1450 ne
1194 1410 1214 1449 a
1228 1389 1357 1450 (usare

283 1495 531 1582 opprimeretur.
553 1493 629 1556 Haec
651 1493 739 1556 enirn
760 1491 862 1554 ferme
883 1513 1011 1554 summa
1032 1489 1157 1553 consilii
1179 1487 1357 1574 utriusque

283 1609 368 1673 erat,
385 1608 423 1656 ut
442 1595 564 1673 Caesar,
588 1593 615 1654 si
632 1607 823 1678 sequeretur
841 1589 1036 1679 Pompeius,
1056 1589 1254 1677 aequioribus
1270 1589 1356 1651 locis

281 1693 403 1756 bellum
415 1707 565 1782 gesturus
575 1691 757 1772 videretur3
770 1691 820 1754 siu
829 1713 907 1756 vero
918 1691 1149 1755 transmitteret
1161 1690 1194 1751 in
1205 1688 1355 1768 ltaliam,

283 1793 398 1858 eodem
414 1815 474 1880 per
489 1793 654 1880 Illyricum
674 1791 890 1874 contendere3
907 1807 1074 1878 postremo
1093 1790 1248 1854 omnibus
1271 1790 1355 1854 locis

281 1894 449 1975 exclusus,
466 1894 660 1974 exercitum,
678 1915 777 1980 quem
795 1894 903 1982 Scipio
920 1916 1027 1980 nuper
1044 1891 1238 1971 adduxerat,
1259 1891 1355 1954 obsi·

282 1994 410 2078 dendo,
427 1995 589 2058 retrahere
607 1994 801 2082 Pompeium
816 2017 912 2082 posse
927 2010 1065 2081 putaret.

325 2097 406 2161 le.
426 2097 601 2184 Pompeius
620 2096 787 2178 similiter,
808 2098 874 2159 sive
894 2097 1078 2182 Scipionem
1096 2093 1227 2184 aggredi
1243 2095 1355 2157 Cesar

281 2198 459 2278 statuisset,
475 2195 516 2262 ad
530 2197 684 2260 auxilium
697 2197 889 2278 festinabat;
905 2197 971 2260 sire
986 2212 1120 2286 propter
1131 2195 1259 2282 copias,
1275 2219 1353 2282 quae

281 2300 321 2363 ab
340 2298 428 2362 ltalia
448 2297 735 2385 exspectabantur,
753 2297 917 2362 discedere
929 2297 970 2362 ab
985 2319 1043 2362 ora
1055 2296 1215 2360 maritima
1228 2297 1351 2374 nollet,

281 2401 497 2465 domitianum
519 2400 695 2465 exercitum
715 2399 815 2465 deleri
828 2422 924 2488 posse
941 2399 1084 2463 rebatur.
1101 2398 1214 2479 Quum
1232 2398 1351 2461 Caesari

281 2502 461 2567 necessario
486 2502 577 2589 prius
599 2500 749 2565 adeunda
769 2501 941 2588 Apollonia
960 2514 1064 2579 esset,
1084 2513 1122 2561 ut
1141 2497 1268 2561 saucios
1289 2498 1350 2561 de·

279 2618 433 2691 poneret,
449 2602 647 2689 stipendium
664 2601 821 2665 militibus
844 2601 953 2681 daret,
975 2599 1164 2685 animosque
1181 2596 1348 2660 sociorum

280 2704 421 2793 alloquio
448 2718 480 2767 et
505 2701 660 2791 praesidiis
683 2702 767 2768 datis
794 2702 952 2783 firmaret;
975 2700 1168 2787 Pompeius,
1194 2697 1348 2784 expedito

280 2828 338 2894 per
352 2804 545 2869 Candaviam
560 2804 691 2885 itinere,
705 2804 795 2891 prior
810 2803 843 2866 in
858 2800 1084 2867 Macedoniam
1094 2800 1194 2862 venit.
1208 2798 1260 2860 lbi
1278 2799 1347 2861 for·

281 2922 377 2987 tuna,
394 2906 447 2969 vix
464 2919 606 2991 quatuor
622 2904 779 2967 horarum
801 2903 994 2990 interposito
1016 2900 1140 2990 spatio,
1161 2900 1345 2962 Domitium

277 3022 309 3071 ot
330 3006 450 3085 objecit
471 3006 611 3069 maximo
632 3004 828 3084 discrimini,
851 3021 883 3067 et
899 3002 1028 3091 eripuit.
1044 3002 1181 3090 ignarus
1204 2998 1256 3061 ille
1276 3022 1346 3061 om·

278 3108 370 3171 nium
391 3105 531 3194 (quippe
554 3105 643 3168 missi
665 3104 781 3169 abillo
803 3103 845 3167 ad
865 3106 1043 3183 Caesarem,
1068 3099 1186 3165 autad
1210 3100 1303 3163 illum
1325 3124 1344 3162 a

276 3210 417 3287 Caesare,
431 3222 563 3296 propter
577 3206 692 3271 infesta
702 3206 816 3269 itinera
832 3223 1000 3294 penetrare
1016 3202 1223 3289 nequibant),
1238 3223 1342 3287 quum

277 3330 334 3394 per
350 3306 475 3394 aliquot
490 3306 561 3371 dies
578 3322 680 3371 castra
696 3306 808 3369 castris
826 3305 968 3393 Scipioni
986 3304 1134 3393 opposita
1156 3303 1342 3381 habuisset,

276 3408 322 3471 rei
343 3406 561 3471 frumentaria
586 3430 681 3472 causa
703 3406 909 3471 discesserat:
933 3424 966 3471 et
987 3422 1058 3469 tum
1086 3404 1128 3467 ad
1155 3403 1342 3467 Heracleam

275 3509 445 3589 Sinticam,
463 3531 534 3595 quae
546 3524 596 3571 est
607 3506 753 3587 subjecta
764 3504 949 3589 Candaviae,
961 3507 1022 3569 iter
1035 3505 1171 3586 habens,
1186 3504 1218 3566 in
1233 3504 1341 3593 ipsum

276 3608 468 3696 Pompeium
490 3607 672 3689 incidisset,
692 3608 773 3688 nisi,
795 3606 886 3694 quod
904 3629 1010 3694 neque
1026 3630 1084 3669 sua
1100 3605 1265 3694 diligentia
1284 3627 1342 3667 co·

277 3732 451 3799 gnoscere,
474 3731 582 3795 neque
598 3708 742 3773 doceris
762 3709 828 3771 suis
847 3708 993 3795 partibus
1010 3721 1177 3795 potuerat,
1195 3704 1342 3769 hostiurn

276 3810 433 3877 beneflcio
449 3809 622 3875 didicisset.

317 3913 382 3979 LV.
407 3913 616 4001 Allobroges,
637 3912 788 3999 quicum
809 3910 951 3975 Roscillo
972 3926 1004 3974 et
1016 3909 1103 3999 AEgo
1119 3928 1224 3995 nuper
1244 3921 1345 3968 trans·

305 4112 322 4177 s
340 4114 405 4163 Llll.
424 4114 480 4161 Dio.
494 4140 527 4151 -
537 4112 600 4160 elur.
611 4113 637 4159 in
652 4112 712 4161 Ces.
727 4128 781 4177 cap.
794 4113 836 4174 59.
847 4138 882 4149 -
889 4111 997 4175 Appiam
1006 4136 1042 4146 -
1053 4106 1118 4156 ven.
1127 4134 1162 4145 -
1171 4106 1234 4155 Cas.
