2875 4900
272 396 326 465 IN
357 395 471 463 LOC.
498 395 593 463 LIB.
621 396 749 463 XCIII
781 396 995 465 LIVIANI.
1102 396 1166 467 381

113 533 140 579 et
151 516 275 603 rapInas
291 515 439 604 plerique
458 530 599 583 rectores
618 515 861 602 provinciarum
879 515 1069 581 laborabant
1082 540 1090 582 :
1104 535 1172 583 erat

112 616 189 679 enim
198 617 247 681 rir
259 617 391 697 justitie
407 638 535 697 amans,
549 632 581 679 et
593 618 773 683 constantis
784 617 925 706 ingenii,
938 618 1031 699 cujus
1045 620 1080 682 in
1096 644 1173 708 prae-

111 734 174 783 tura
184 740 241 783 sua
259 719 383 783 clarum
399 716 637 783 documentum
652 716 807 787 ediderat.
827 718 940 799 Quum
957 719 1046 786 enirn
1061 719 1172 784 sellam

111 820 172 900 ejus
187 804 349 909 confringi
363 820 478 885 consul
492 820 614 885 Acilius
623 820 788 902 jussisset,
803 820 856 884 cui
867 822 953 885 forte
964 822 1172 909 praetereunti

111 944 171 985 non
186 938 419 1003 assurrexerat,
435 922 516 987 nihil
532 922 719 987 'commotus
739 937 803 1005 est,
823 924 866 988 ct'
878 921 998 987 deinde
1016 940 1103 987 stans
1118 924 1172 1002 jus

111 1022 199 1107 dirim
215 1024 368 1113 idemque
384 1022 490 1113 caeteri
504 1040 657 1111 praetores
669 1040 708 1091 ut
721 1025 881 1106 facerent,
896 1024 1017 1089 honori
1032 1025 1101 1105 ejus
1115 1008 1194 1091 ui·'

110 1123 253 1191 buerunt.

149 1226 275 1293 XLVII.
292 1225 383 1289 Inter
400 1226 469 1291 haec
485 1226 519 1289 in
539 1228 634 1291 Creta
655 1226 696 1307 Q.
715 1226 867 1291 Metellus
877 1250 953 1291 curn
965 1227 1172 1293 Cretensibus

109 1326 198 1391 simul
209 1328 388 1415 piratisque
399 1325 591 1408 dimicabat,
603 1328 660 1414 qui
672 1344 899 1415 oppresserant
908 1344 1031 1416 partem
1042 1330 1172 1412 insulae,

109 1428 298 1517 alteramque
317 1452 356 1491 ex
375 1450 411 1495 ea
431 1444 506 1517 post
524 1429 669 1493 Ciliciam
689 1430 936 1496 latrociniorum
956 1452 1063 1494 arcem
1084 1432 1171 1495 fece·

108 1544 190 1609 rant,
200 1529 357 1617 ‚pluribus
377 1552 413 1595 ea
430 1552 527 1597 causa
544 1531 680 1595 castellis
696 1553 755 1619 per
771 1531 910 1595 insulam
927 1532 1108 1599 exstructis.
1124 1534 1172 1597 Ea

108 1650 203 1715 quum
220 1632 388 1697 Romanus
406 1648 623 1720 expugnaret,
641 1633 686 1695 ita
701 1654 812 1695 serere
823 1632 858 1695 in
869 1632 1014 1719 captivos
1029 1632 1172 1697 animad-

108 1747 254 1815 verterat,
271 1750 309 1797 ut
325 1732 442 1821 reliqui
459 1733 576 1819 partim
592 1753 771 1797 venenose
787 1731 1003 1812 conficerent,
1023 1733 1171 1821 plerique

107 1834 192 1919 prius
202 1835 312 1899 omnia
322 1834 455 1901 mallent
470 1835 624 1921 experiri,
640 1856 738 1922 quarn
750 1847 788 1898 ut
799 1833 845 1897 illi
856 1855 891 1897 se
902 1831 1085 1897 traderent:
1102 1850 1173 1899 tan·

106 1950 198 2023 taque
216 1936 422 2001 Cretensium
444 1958 483 1999 eo
504 1934 589 1999 bello
607 1936 785 2023 pervicacia
802 1934 960 2015 traditur,
977 1951 1016 1998 ut
1028 1934 1170 2016 obsessi,

106 2056 205 2121 quum
224 2036 275 2101 siti
293 2034 523 2124 fatigarentur,
538 2058 631 2101 suam
643 2034 936 2124 jumentorumque
954 2058 1090 2102 suorum
1104 2037 1172 2101 uri·

107 2158 176 2201 nam
198 2136 370 2217 biberent3
398 2135 503 2201 donec
525 2160 544 2199 a
568 2138 728 2226 Pompeio
752 2138 936 2226 acciperent
956 2160 1170 2226 responsum,

105 2236 143 2301 ad
158 2261 277 2325 quem,
296 2238 405 2303 andita
420 2237 482 2303 viri
500 2238 771 2321 mausuetudine,
788 2241 943 2305 miserant
954 2256 1117 2321 oratores,
1134 2240 1170 2303 in

106 2337 289 2427 Pamphylia
308 2355 380 2402 turn
396 2354 555 2427 agentern.

146 2441 292 2506 XLVIII.
303 2440 375 2523 Ille,
386 2439 555 2508 obsidibus
564 2442 740 2529 imperalis,
750 2441 1028 2530 unumexlegatis
1036 2443 1072 2508 L.
1080 2442 1171 2508 Oeta·

105 2543 188 2610 rium
202 2544 308 2624 misit,
324 2544 380 2630 qui
395 2544 496 2608 cosin
511 2543 712 2610 deditionem
727 2544 904 2633 acciperet,
921 2544 1113 2632 scripsitque
1128 2546 1171 2610 ad

104 2643 260 2724 civitates,
273 2667 311 2708 rte
323 2645 407 2708 dt'cto
420 2643 581 2710 audientes
594 2645 724 2712 Metello
734 2660 842 2710 essem.
857 2647 929 2710 Hoc
941 2645 1091 2712 infestior
1101 2646 1171 2712 Me·

105 2745 211 2828 tellus,
228 2768 295 2810 non
313 2745 391 2810 alios
405 2761 547 2826 tanturn,
559 2746 727 2812 sedetiam
740 2746 937 2835 quibuscum
953 2762 1046 2812 antea
1062 2748 1169 2810 fuerat

105 2864 231 2932 pactus,
245 2863 297 2930 ut,
315 2847 504 2936 priusquam
517 2849 627 2912 venire
638 2847 814 2935 Pompeius
828 2861 954 2935 posset,
970 2847 1113 2934 exigeret
1127 2846 1168 2910 ab

105 2948 139 3011 iis
156 2971 265 3038 poenas
288 2948 493 3012 contumeliae
510 2971 593 3029 suae,
612 2965 829 3038 persequutus
848 2964 908 3013 est.
927 2949 997 3013 Nec
1015 2948 1169 3012 Octavius

103 3049 293 3131 obsistebat,
307 3049 511 3129 inermis,‘et
529 3071 596 3114 non
617 3049 658 3114 ad
676 3049 864 3113 bellandum
881 3049 1019 3129 missus;
1037 3064 1069 3111 et
1085 3050 1167 3113 Cor·

104 3152 205 3214 nelius
224 3151 376 3232 Sisenna,
396 3171 495 3238 quem
512 3150 687 3238 Pompeius
704 3149 831 3214 Achaiae
846 3150 1032 3236 praefecerat
1046 3147 1166 3236 (rene-

55 3236 59 3245 ¹
103 3267 148 3314 rat
156 3252 184 3315 is
196 3251 330 3339 quidem
344 3252 377 3315 in
389 3251 551 3338 Cretam),
565 3267 598 3314 et
612 3273 687 3314 cum
698 3251 848 3332 Metello,
864 3265 900 3312 ut
913 3249 1027 3337 populi
1041 3249 1177 3314 romani'

103 3347 255 3416 dedititiis
271 3367 433 3440 parceret,
450 3367 575 3441 egerat3
592 3349 649 3415 sed
667 3366 783 3438 praeter
800 3349 977 3416 inefficacia
987 3348 1101 3432 rerba,
1119 3352 1170 3415 ni·

103 3451 145 3516 hil
160 3469 231 3517 erat
243 3453 284 3518 ab
299 3475 339 3517 eo
356 3467 527 3520 tentatum.

141 3555 260 3618 XLIX.
278 3554 413 3619 Interim
432 3555 581 3618 Metellus
598 3552 806 3616 Eleutheram
827 3551 943 3616 urbem
959 3551 1166 3639 proditorum

103 3677 197 3742 opera
214 3656 316 3743 cepit,
334 3655 390 3743 qui
407 3655 623 3720 firmissimam
642 3677 681 3718 ex
700 3654 855 3718 lateribus
876 3655 1010 3736 turrim,
1031 3669 1071 3718 ut
1091 3655 1168 3718 faci·

133 3899 148 3965 s
167 3901 259 3948 xtvl.
271 3899 327 3946 Val.
341 3899 411 3946 Max.
423 3899 456 3957 V,
473 3907 512 3954 14.
526 3925 559 3935 -
570 3897 628 3946 Dio.
642 3924 676 3934 -
689 3895 705 3961 S
716 3897 820 3945 XLVII.
831 3897 896 3945 Plut.
907 3897 935 3943 iu
948 3897 1036 3958 Pomp.
1046 3893 1170 3942 —Strrb

103 3981 140 4032 tb.
154 3988 194 4041 Χ,
205 4001 232 4048 p.
245 3991 304 4043 477.
317 3982 407 4030 -Vat
417 3983 553 4040 Max.v11,
566 3984 591 4029 6.
609 4007 639 4018 -
648 3980 757 4045 Appian.
769 3996 810 4046 ap.
823 3980 893 4028 Fnlv.
904 3979 988 4027 Ursin.
996 4005 1031 4015 -
1041 3978 1106 4024 rtor.
1116 3979 1171 4034 111,
1184 4024 1186 4029 ,

104 4083 125 4126 7.
136 4095 171 4104 -
184 4067 201 4132 s
213 4063 611 4130 ttLV111.cte.prolegetttanss.
624 4079 678 4129 cap.
692 4079 732 4112 ra.
743 4092 778 4115 -r
792 4063 857 4111 etur.
872 4063 898 4110 in
911 4064 998 4127 Pomp.
1011 4077 1065 4125 erp.
1080 4062 1122 4117 48.
1135 4086 1171 4096 -

104 4147 160 4199 Flor.
171 4178 207 4187 -
220 4150 277 4198 nio.
288 4176 322 4186 -
334 4148 441 4214 Appiau.
