2875 4900
267 389 337 471 adli
431 391 499 456 JO.
528 391 869 460 FREINSHEMII
904 394 1147 461 SUPPLEM.

264 511 469 597 pabulatores
483 512 671 599 persequuti
685 528 795 594 erant,
812 513 1025 583 incursarent,
1040 512 1093 576 Sic
1102 512 1186 602 legio
1200 536 1332 601 quoque

265 612 350 673 inter
362 610 442 674 duas
455 611 538 674 acies
550 611 696 675 hostium
711 634 786 676 cum
799 614 903 702 legato
917 615 993 678 elisa
1007 628 1075 678 est:
1088 613 1129 678 ad
1140 614 1232 695 cujus
1245 617 1352 679 auxi-2

263 712 345 775 lium
358 712 516 800 Pompeio
529 712 694 776 universas
708 712 869 779 educente
882 716 1007 803 copias,
1022 715 1182 779 Sertorius
1196 737 1331 801 quoque

262 836 281 875 e
306 811 442 876 collibus
469 813 664 875 instructum
689 814 833 878 ostendit
857 816 1054 895 exercitum,
1077 814 1265 901 effecitque,
1288 838 1330 879 ne

262 912 437 1000 Pompeius
456 912 713 1001 progrederetur.
738 916 784 979 lta
803 934 919 1004 praeter
940 915 1060 1004 duplex
1079 915 1255 995 damnum,
1273 938 1328 979 ea·

263 995 338 1077 dem
355 1014 483 1077 solertia
500 1013 645 1097 illatum,
663 1032 876 1102 spectatorem
894 1039 1026 1105 quoque
1044 1039 1119 1080 euni
1138 1014 1236 1079 cladis
1250 1039 1329 1079 suo·

262 1136 336 1177 rum
359 1114 538 1178 constituit.
562 1116 634 1179 Hoc
652 1116 804 1201 primum·
819 1118 965 1205 praeliunr
990 1118 1075 1181 inter
1096 1115 1276 1179 &narium
1295 1132 1328 1179 et

262 1215 456 1302 Pompeium
470 1215 554 1279 fuit:
571 1216 684 1281 decem
705 1216 805 1281 millia
825 1218 997 1284 hominum
1014 1216 1056 1282 de
1072 1217 1218 1305 Pompeii
1233 1240 1328 1281 exer-

259 1316 345 1396 citu,
364 1339 439 1380 cum
453 1316 608 1396 jumentis
623 1332 657 1380 et
669 1318 836 1383 calonibus
851 1319 965 1383 amissa
980 1334 1067 1383 sunt.
1084 1316 1259 1404 Pompeius
1273 1316 1327 1380 vix

259 1416 410 1505 reliquias
424 1416 603 1481 incolumes
618 1417 757 1483 reduxit.

302 1518 376 1581 XX.
391 1518 452 1583 llic
463 1534 598 1583 eventus
612 1520 709 1583 etiam
725 1520 983 1584 Lauronensium
1000 1518 1095 1608 fregit
1109 1518 1252 1597 animos,
1268 1539 1326 1580 ne·

259 1640 323 1704 que
338 1617 396 1681 diu
406 1619 566 1701 cunctati,
582 1636 814 1684 concesserunt
824 1620 858 1683 in
871 1620 1002 1685 Sertorii
1016 1620 1123 1685 fidem.
1137 1620 1169 1681 ls
1181 1616 1324 1705 praedam

258 1718 351 1781 militi
366 1719 542 1801 concessit,
559 1720 685 1801 edicto,
702 1722 804 1785 latera
820 1722 996 1811 corporibus
1007 1723 1056 1783 uti
1057 1732 1241 1809 parceretur
1245 1743 1259 1797 ,·
1270 1717 1325 1783 di·

256 1836 379 1906 reptam
395 1819 513 1885 deinde
530 1821 646 1885 urbem
663 1821 827 1902 incendit,
846 1846 913 1885 non
933 1821 1139 1897 crudelitate,
1155 1844 1174 1881 a
1193 1840 1257 1907 qua
1270 1818 1324 1883 vix

255 1920 341 1983 ullus
358 1944 503 2009 unquam
523 1922 589 1986 dux
609 1922 744 1986 alienior
764 1923 845 2005 fuit,
867 1922 924 1987 sed
942 1937 979 1986 ut
998 1944 1037 1986 ex
1059 1938 1145 1985 tanta
1161 1920 1325 1984 existima-

255 2020 344 2084 tione
368 2021 524 2109 Pompeio
549 2039 756 2110 contemptus
781 2024 869 2112 apud
893 2024 1049 2088 barbaros
1070 2023 1230 2103 oriretur;
1253 2043 1324 2107 quo

254 2122 469 2209 inspectante,
486 2138 521 2187 et
530 2138 658 2187 tantum
670 2148 738 2187 non
754 2123 890 2189 flammis
903 2126 1041 2189 incensae
1053 2124 1222 2203 mlesacto,
1240 2122 1323 2185 urbs

252 2224 337 2286 socia
355 2240 387 2287 et
403 2224 504 2287 amica
522 2223 736 2314 deflagrasset.
754 2226 994 2307 Lauronenses,
1011 2226 1067 2312 qui
1083 2224 1246 2292 obsidioni
1263 2245 1323 2285 su-

254 2324 457 2408 perfuerant,
485 2326 519 2389 in
542 2326 739 2390 Lusitaniam
761 2328 923 2391 Sertorius
948 2326 1091 2391 deduxit.
1117 2328 1153 2389 ln
1175 2348 1212 2389 ea
1231 2324 1321 2387 dire·

250 2424 363 2510 ptione
372 2427 464 2490 miles
474 2426 606 2514 quidam
613 2428 749 2492 muliere
761 2428 945 2492 lauronensi
957 2444 1071 2516 praeter
1081 2443 1229 2492 naturam
1239 2425 1322 2492 abu-

250 2547 319 2605 sus,
335 2527 436 2590 oculis
450 2529 623 2592 mulctatus
638 2547 702 2611 est,
721 2553 802 2616 quos
818 2529 945 2594 directis
959 2529 992 2591 in
1009 2553 1065 2592 eos
1079 2527 1186 2617 digitis
1200 2532 1322 2596 mulier

249 2623 415 2690 effoderat.
431 2629 479 2690 Re
490 2627 531 2690 ad
543 2629 769 2716 imperatorem
784 2629 904 2711 delata,
927 2653 1029 2716 quum
1044 2631 1126 2693 facta
1141 2645 1173 2692 et
1186 2653 1319 2697 causam

249 2723 429 2808 didicisset,
446 2728 591 2792 infensus
605 2747 696 2794 tanto
709 2730 829 2794 militiae
844 2730 1011 2811 dedecori,
1030 2731 1187 2819 integram
1202 2733 1321 2798 cohor-

250 2841 334 2899 tem,
353 2827 417 2891 boc
437 2851 540 2915 genus
560 2829 687 2919 flagitiis
704 2834 881 2912 famosam,
900 2833 973 2895 licet
990 2855 1123 2896 romana
1141 2850 1240 2914 esset,
1257 2835 1318 2899 de-

246 2925 332 2990 levit.
346 2927 520 3015 Pompeius
531 2947 640 2994 tamen
651 2932 809 3021 impeturn
821 2933 953 2995 Sertorii
965 2933 1113 3014 victoris,
1125 2957 1318 3024 quanquam

249 3029 339 3090 novis
356 3031 531 3113 militibus,
548 3050 582 3095 et
600 3033 702 3096 multo
719 3034 945 3121 paucioribus,
963 3035 1139 3115 sustinuit;
1161 3059 1234 3100 nam
1255 3040 1316 3102 ad-

247 3151 357 3193 versus
370 3133 532 3220 sexaginta
544 3134 643 3197 millia
655 3133 821 3222 peditum,
838 3157 952 3197 novem
969 3135 1135 3222 equitum,
1151 3159 1215 3199 non
1228 3140 1317 3203 ultra

247 3230 375 3316 triginta
389 3233 535 3318 peditum
549 3236 664 3315 millia,
679 3252 712 3298 et
727 3236 814 3298 mille
830 3237 953 3321 equites
969 3234 1155 3299 adduxerat.

290 3331 380 3394 XXI.
395 3335 471 3396 Haec
481 3357 518 3396 ea
531 3351 638 3398 aestate
650 3337 684 3398 in
698 3337 852 3422 Hispania
863 3353 949 3424 gesta
962 3357 970 3399 ε
984 3360 1086 3423 quum
1100 3337 1219 3400 deinde
1230 3357 1317 3403 tem-

247 3453 307 3516 pns
321 3433 397 3493 anni
411 3433 580 3497 adversum
592 3435 852 3522 expeditionibus
867 3459 935 3500 csse
949 3438 1111 3525 coepisset,
1122 3436 1240 3500 diversi
1252 3441 1317 3502 im'-

245 3547 409 3618 peratores
425 3535 458 3596 in
476 3535 612 3599 hiberna
625 3535 853 3601 discesserunt.
872 3540 932 3601 Cn.
952 3537 1125 3625 Pompeius
1142 3553 1175 3600 et
1189 3538 1231 3618 Q.
1246 3541 1318 3604 Me-

247 3631 340 3693 tellus
356 3633 439 3696 circa
458 3635 668 3721 Pyrenaeum,
690 3638 777 3700 inter
794 3639 983 3702 saevissimos
1000 3638 1128 3718 hostes,
1146 3639 1179 3701 in
1197 3643 1314 3705 castris

243 3732 444 3815 hiemarum,
459 3738 619 3801 Sertorius
633 3761 708 3801 cum
717 3739 878 3827 Perperna
893 3741 925 3801 in
936 3738 1131 3802 Lusitaniam
1143 3739 1314 3830 proiectus

277 3955 378 4019 8111.
392 3959 500 4023 Appian.
513 3961 568 4008 civ.
584 3961 627 4009 lib.
643 3965 663 4010 1.
680 3989 714 3998 —
727 3963 778 4012 Jul.
791 3961 883 4026 Obscq.
901 3991 933 3998 -
950 3967 1031 4012 Fiunt.
1048 3991 1080 4001 -
1099 3965 1161 4014 l’lut.
1175 3966 1200 4011 in
1215 3967 1313 4015 Scitne.

243 4057 350 4104 capnq.
364 4071 397 4078 -
415 4042 432 4108 5“
450 4045 516 4091 XX:
528 4045 634 4110 Appiau.
648 4073 683 4082 -·
695 4047 760 4096 l’lut.
778 4075 811 4083 ψ
832 4053 903 4094 Orus.
915 4049 943 4106 V,
956 4049 997 4094 23.
1013 4075 1045 4084 -·
1061 4047 1157 4096 Sallust.
1178 4050 1240 4096 llist.
1256 4051 1313 4098 lll.

241 4125 267 4171 iu
280 4125 351 4189 epist.
364 4128 411 4174 Cu.
427 4129 513 4190 Pomp.
