2875 4900
306 369 361 437 tn
392 367 509 437 LOC.
536 368 630 435 LlB.
658 368 746 435 XCI
777 368 993 439 LIVIANI.
1115 366 1184 439 233

160 489 265 555 XVII.
282 489 372 553 Dum
387 486 432 550 ita
447 485 552 550 vicina
567 486 677 549 eastris
694 500 798 550 castra
817 486 886 551 duo
907 488 1116 576 imperatores
1129 492 1186 555 lra-

120 592 216 672 bent,
227 589 390 655 Sertorius
403 586 499 653 talem
511 586 625 651 dolum
637 587 851 653 machinatur.
864 590 945 654 Duae
959 592 1186 657 tantummodo

119 694 269 783 regiones
283 705 391 772 erant,
405 687 580 776 exquibus
593 689 662 776 peti
672 688 831 776 pabulum
844 706 970 776 posset,
985 712 1051 753 una
1065 691 1097 753 in
1110 715 1187 779 pro·

118 794 262 881 pinquo,
276 791 376 856 altera
387 789 517 877 longius
530 788 600 853 sita.
619 788 781 853 Sertorius
798 789 986 858 ulteriorem
1003 790 1043 855 ab
1058 793 1187 878 armatis

117 892 198 957 adiri
218 892 344 973 vetuit,
367 891 511 957 citimam
530 888 671 953 subinde
685 912 745 977 per
762 890 864 955 levem
881 907 1077 955 armaturam
1091 892 1188 971 jussit

117 994 274 1058 infestari.
288 992 341 1057 Sic
356 990 399 1057 ad
413 1007 596 1055 extremum
608 988 689 1055 fides
704 988 845 1055 adversis
862 990 1009 1079 partibus
1023 993 1123 1073 faeta,
1138 1009 1188 1057 tu-

118 1094 237 1157 tionem
254 1115 345 1174 esse,
368 1115 440 1181 que
456 1107 524 1155 erat
539 1091 715 1173 remotior3
734 1114 939 1183 magnusque
955 1116 995 1159 eo
1014 1094 1186 1183 Pompeia-

119 1217 238 1259 norum
250 1216 407 1259 numerus
420 1192 609 1281 pabtrlaturn
622 1192 787 1279 protectus
803 1208 860 1257 est.
874 1194 963 1279 ilisa
976 1195 1119 1271 Sertorio
1132 1196 1188 1260 tri·

118 1297 216 1383 plices
233 1295 358 1360 insidiae
374 1317 432 1382 per
450 1291 586 1358 idoneos
607 1293 707 1359 saltus
724 1309 914 1381 ponuntur,
930 1296 1035 1363 missis
1053 1298 1188 1361 Octavio

123 1396 275 1462 Grecino
292 1418 368 1461 cum
393 1394 507 1459 decem
528 1392 739 1474 cohortibus,
761 1392 797 1457 in
819 1415 944 1461 morem
965 1396 1187 1463 Rornanorum

121 1500 272 1580 armatis,
292 1514 326 1563 et
337 1484 475 1592 totidem
492 1494 571 1558 levis
588 1509 759 1563 amaturae
773 1494 940 1582 Hispanis,
954 1496 1187 1589 Tarquitioque

118 1600 229 1664 Prisco
245 1622 322 1663 eum
339 1596 470 1662 duobus
487 1595 630 1662 millibus
648 1596 808 1683 equitum.
923 1670 927 1681 Ι

158 1702 285 1766 XVlll.
305 1699 355 1765 Illi
373 1714 504 1763 strenue
519 1696 675 1785 imperata
691 1696 836 1779 laniunt3
853 1696 1080 1789 explorataque
1094 1698 1187 1763 loeo·

114 1824 190 1864 rum
212 1818 345 1881 namra,
360 1799 396 1863 in
409 1796 516 1861 vicina
531 1796 609 1863 silva
622 1796 791 1884 praedictas
808 1796 916 1885 copias
931 1814 1032 1861 noctu
1047 1799 1186 1865 abscon·

25 1967 26 1970 ,
113 1900 219 1983 dunt,
237 1901 283 1965 ita
297 1916 335 1965 ut
348 1901 382 1963 in
399 1898 502 1987 prima
513 1912 603 1985 parte
615 1898 700 1961 leves
714 1897 892 1985 Hispanos,
905 1914 1035 1987 gentem
1047 1900 1088 1963 ad
1100 1902 1186 1967 furta

114 2001 193 2066 eetti
209 2000 421 2090 peridoneam
439 2015 618 2087 ponerent,
635 2000 734 2087 paulo
752 1999 887 2065 interius
909 2016 1069 2084 scutatos,
1089 2002 1122 2065 in
1139 2024 1188 2066 re-
1294 2076 1302 2084 ,

114 2103 299 2167 motissimo
322 2102 468 2189 equites,
491 2124 534 2165 ne
554 2100 686 2167 fremitu
707 2123 867 2188 equorum
890 2100 1047 2166 destinata
1066 2102 1186 2191 prode·

25 2239 26 2244 κ
116 2220 251 2267 rentur:
266 2202 417 2291 quievere
428 2224 563 2282 omnes,
580 2200 709 2265 silentio
723 2217 866 2281 servato,
882 2202 921 2276 in¹
933 2202 1046 2271 horam
1061 2204 1188 2272 tertiam

25 2323 26 2338 ³
115 2304 204 2369 diei:
225 2326 329 2392 quum
348 2303 466 2368 deinde
483 2302 673 2390 Pompeiani
685 2302 792 2365 securi
805 2302 991 2391 gravatique
1007 2304 1127 2391 pabulo
1145 2303 1188 2369 de

115 2404 227 2470 reditu
252 2405 449 2494 cogitarent,
471 2421 505 2470 et
523 2403 559 2468 hi
579 2424 730 2491 quoque,
746 2403 804 2491 qui
825 2403 859 2472 in
881 2404 1020 2469 statione
1038 2408 1185 2490 fuerant,

115 2508 228 2594 quiete
238 2505 365 2569 invitati
378 2505 419 2569 ad
430 2505 587 2594 pabulum
599 2502 819 2592 colligendum
831 2502 1065 2587 dilaberentur3
1079 2507 1187 2572 emissi

25 2644 26 2651 κ
113 2610 261 2697 primum
274 2607 428 2695 Hispani,
443 2606 610 2673 velocitate
621 2603 735 2692 gentili
747 2604 782 2667 in
799 2605 943 2691 palantes
958 2606 1185 2688 ellitnduntur,

114 2726 147 2773 et
176 2707 415 2773 convulnerant
441 2703 716 2791 confunduntque
743 2703 825 2768 nihil
852 2705 914 2770 tale
941 2723 1184 2793 exspectantes:

114 2811 206 2898 prius
224 2806 364 2886 deinde,
383 2829 481 2894 quam
498 2806 604 2873 resisti
618 2805 670 2868 his
683 2804 860 2892 inciperet,
877 2807 993 2890 scutati
1009 2823 1188 2894 erumpunt

25 2972 26 2977 ,
113 2931 133 2972 e
149 2909 255 2989 saltu,
274 2924 307 2971 et
323 2907 496 2973 redeuntes
511 2908 546 2971 in
563 2906 711 2970 ordinem
728 2921 956 2988 consternant,
970 2923 1185 2994 vertuntque:

114 3009 317 3100 fngientibus
334 3010 458 3096 equites
478 3007 631 3087 immissi,
652 3021 724 3070 toto
741 3027 781 3070 eo
797 3005 919 3093 spatio,
937 3029 1004 3093 quo
1020 3005 1187 3076 redibatur

113 3112 146 3174 in
171 3127 296 3191 eastra,
315 3109 503 3198 persequuti
528 3107 673 3173 cedunt:
695 3121 845 3172 curatum
870 3129 1024 3193 quoque,
1047 3130 1089 3170 ne
1113 3109 1186 3196 quis

112 3213 292 3302 effugeret3
310 3233 386 3274 nam
408 3209 565 3298 praemissi
587 3231 647 3296 per
668 3205 862 3294 compendia
882 3207 1036 3271 itinerum
1053 3207 1187 3274 ducenti

112 3313 354 3402 quinquaginta
376 3311 520 3399 equites,
541 3332 624 3400 quos
646 3310 680 3372 in
701 3309 792 3374 hunc
815 3330 911 3374 usum
929 3309 1071 3398 opperiri
1086 3309 1185 3376 duces
1220 3341 1222 3344 ·

111 3414 294 3494 jusserant,
310 3429 484 3501 antequam
502 3411 544 3478 ad
561 3428 665 3477 castra
681 3409 828 3496 Pompeii
848 3410 1090 3498 perveniretur,
1108 3437 1187 3480 con·

115 3515 219 3594 versi,
239 3530 454 3581 occurrerunt
469 3513 533 3594 eis,
549 3512 606 3600 qui
623 3510 722 3599 primi
737 3511 897 3600 fugerant.

158 3615 252 3679 xtX.
267 3614 318 3679 Ad
332 3615 423 3695 cujus
436 3614 484 3678 rei
498 3635 630 3676 sensum
642 3609 800 3698 Pompeio
815 3611 1011 3678 immittente
1024 3613 1186 3702 legionem

116 3737 191 3776 curn
209 3713 308 3778 laelio
324 3714 359 3776 in
377 3712 564 3802 presidium
582 3733 738 3792 suorum,
752 3709 905 3778 subducti
924 3712 957 3774 in
976 3710 1125 3776 dextrum
1139 3713 1186 3776 la-

117 3829 168 3876 tus
185 3815 293 3902 specie
309 3813 495 3878 cedentium
510 3814 652 3902 equites,
672 3835 749 3875 mox
764 3812 936 3876 circumitu
951 3813 1111 3901 legionem
1129 3813 1185 3877 abs

118 3929 208 4002 tergo
222 3915 435 3996 infestarunt,
451 3938 554 4003 quum
566 3914 632 3996 jam
648 3913 745 3978 etiam
761 3913 903 3976 sit-onte
918 3911 1111 3990 Sertoriani,
1128 3903 1185 4003 qiti

150 4093 168 4162 ,ς
180 4097 265 4146 xvu.
279 4101 362 4147 From.
377 4102 451 4151 strat.
463 4102 501 4159 11,
512 4101 536 4151 5.
546 4127 579 4140 -
589 4101 698 4169 Appiae.
709 4123 743 4134 -
753 4094 851 4144 Sallust.
864 4093 929 4144 llist
939 4093 990 4154 lll,
1006 4095 1045 4140 1¹3.
