2875 4900
291 352 361 448 590
465 353 535 422 JO.
563 353 906 423 FllElNSHEMlI
936 355 1188 424 SUPPLEM.

290 477 447 564 diumque
459 477 492 539 in
508 475 565 540 has
582 476 690 564 copias
707 475 884 563 pollicitus.
898 475 976 540 lioec
990 497 1041 541 res
1061 476 1203 542 mirifice
1222 479 1362 545 excitam

290 580 460 660 Crassum,
483 593 600 665 sponte
620 577 846 658 festinantem,
867 592 901 641 et
920 576 1048 644 diversa
1068 578 1289 645 suadentibus
1308 583 1362 645 iui-

335 703 404 744 um.

289 705 492 846 quXXVlll.
519 779 618 862 Quod
644 781 733 843 enim
756 777 892 866 quidam
912 801 953 842 ex
974 779 1217 869 Mesopotamia
1232 783 1361 864 militas,

289 907 349 973 per
369 905 486 972 magna
502 881 645 970 pericula
664 881 806 960 reversi,
823 882 891 944 vim
911 879 1109 944 Parthorum
1133 883 1266 971 experti
1287 905 1361 946 nun-

288 985 425 1066 tiabant,
439 982 721 1071 cataphractorum
735 982 847 1045 omnia
860 997 1129 1071 perrumpentem
1141 985 1282 1065 molem,
1294 984 1361 1048 levis

290 1088 454 1176 equitatus
470 1083 666 1148 inevitabilia
684 1082 766 1166 tela,
782 1083 968 1172 inopinatos
991 1101 1232 1172 superventus,
1255 1101 1289 1150 et
1308 1110 1359 1149 no·

289 1190 469 1256 certiorem
485 1186 597 1274 praelio
610 1185 742 1275 sugam,
759 1184 849 1248 uuila
862 1185 1008 1249 bumana
1023 1209 1087 1274 ope
1100 1187 1281 1270 sustineri3
1297 1191 1359 1276 qui·

291 1290 365 1354 dam
387 1288 597 1351 tribunorum
621 1287 936 1374 prefectorumque,
959 1303 992 1351 et
1016 1309 1092 1351 cum
1110 1289 1164 1354 his
1181 1293 1224 1354 C.
1243 1291 1359 1354 cassim

291 1391 460 1480 Longinus
483 1403 640 1476 quaestor,
660 1388 701 1470 is,
718 1389 776 1476 qui
793 1410 914 1477 paucos
934 1391 1011 1476 post
1025 1411 1151 1472 annos,
1168 1392 1285 1455 occiso
1301 1393 1358 1455 Ca·

289 1513 376 1573 sare,
392 1513 561 1581 magum,
578 1488 635 1554 sed
649 1489 819 1579 antiquam
831 1490 951 1555 famam
967 1505 1082 1556 nactus
1095 1507 1163 1572 est,
1182 1491 1228 1556 de
1244 1493 1357 1580 integro

289 1591 543 1659 consultandum
567 1591 609 1656 de
631 1592 846 1682 praesentibus
871 1592 1058 1657 censebant.
1081 1593 1166 1659 Nam
1190 1595 1356 1659 exercitum

289 1695 340 1759 his
354 1693 560 1758 sermonibus
572 1693 702 1782 percelli
714 1693 1027 1775 animadverterant3
1040 1711 1074 1758 et
1085 1695 1280 1784 harrrspices
1289 1719 1358 1760 seru-

289 1819 349 1886 per
359 1795 463 1860 tristia
474 1810 546 1858 exta
559 1794 765 1858 nuntiabant.
778 1795 843 1860 Sed
855 1794 1030 1858 festinabat
1038 1794 1081 1858 ad
1093 1795 1269 1860 interitum
1283 1799 1357 1860 Cras

290 1921 372 1980 sus,
398 1895 636 1986 repudiatoque
660 1896 825 1960 Artabanis
850 1897 1012 1978 consilio,
1040 1897 1096 1985 qui
1121 1919 1184 1986 per
1208 1897 1356 1964 Armenia

289 2003 387 2067 colles
401 1998 521 2064 ducere
534 2000 688 2079 jusserat,
705 2000 885 2063 necessaria
896 2021 936 2062 ex
952 2021 1055 2086 regno
1068 2021 1129 2064 suo
1144 1999 1275 2064 affatim
1288 2021 1354 2087 pre·

288 2101 434 2182 biturus,
450 2101 484 2164 in
503 2099 775 2187 Mesopotamiam
790 2099 894 2165 duxit.

333 2203 457 2268 XXIX.
479 2199 530 2266 Ad
547 2200 749 2288 Euphratem
768 2204 913 2291 Zeugma
933 2219 982 2268 est
997 2203 1174 2292 oppidum,
1195 2227 1237 2270 ex
1254 2227 1293 2268 eo
1308 2223 1353 2290 ap·

289 2307 458 2396 pellatum,
474 2302 564 2392 quod
579 2302 626 2366 ibi
639 2303 727 2368 bello
740 2305 869 2392 persico
882 2321 1017 2394 pontem
1031 2307 1171 2396 Magnus
1185 2302 1354 2372 Alexander

290 2421 474 2474 struxerat:
494 2427 569 2470 narn
589 2404 680 2493 qnod
694 2405 748 2470 alii
760 2405 803 2471 de
815 2422 908 2497 patre
923 2407 1040 2473 Libero
1060 2426 1213 2492 narrant,
1225 2408 1352 2474 fabulam

289 2526 383 2601 puto.
406 2509 456 2573 lbi
482 2507 715 2572 transducente
741 2510 920 2573 exercitum
942 2510 1079 2584 Crasso,
1102 2512 1268 2598 aquilam,
1295 2530 1353 2597 qua

289 2613 395 2702 prima
412 2610 538 2675 sublata
555 2610 596 2673 ab
619 2610 791 2699 aquilifero
814 2627 900 2693 erat,
924 2626 1041 2700 sponte
1057 2612 1157 2678 fuisse
1174 2633 1350 2679 conversan

290 2714 325 2777 in
343 2710 555 2793 contrariam,
575 2732 613 2775 ac
630 2710 814 2794 ferebatur,
831 2729 957 2801 partem
977 2713 1088 2795 aiunt,
1105 2714 1202 2779 aliam
1218 2715 1273 2777 vix
1286 2734 1351 2777 con·

289 2808 363 2877 velli
379 2813 541 2901 potuisse,
560 2826 716 2900 tanquam
733 2812 850 2877 adnata
867 2830 960 2877 terrae
976 2815 1072 2880 foret.
1091 2819 1239 2881 Aurermr
1254 2812 1351 2903 aquila

289 2914 501 3003 simulacrum
517 2912 654 3004 legionis
671 2934 815 2979 romaum
829 2916 960 3004 signum
975 2932 1044 2980 erat
1059 2939 1068 2980 :
1084 2916 1119 2980 id
1132 2918 1222 2982 iuter
1238 2912 1351 3006 prolici-

289 3013 449 3081 scendum
466 3016 582 3105 exiguo
600 3015 691 3079 velut
705 3016 822 3080 sacello
838 3016 1002 3080 inclusum
1021 3017 1120 3082 hastae
1135 3016 1350 3106 imponebatur

289 3118 324 3181 iu
342 3132 468 3182 acutam
486 3116 657 3204 cuspidem
681 3116 863 3195 desinenti,
885 3134 925 3182 ut
944 3118 979 3182 in
998 3120 1105 3183 solum
1126 3118 1225 3209 defigi
1245 3128 1347 3208 postet·

291 3218 379 3281 Talis
403 3234 473 3281 tum
501 3239 616 3282 mucro
639 3232 706 3281 tam
727 3220 965 3283 contumaciter
988 3220 1083 3286 bresit
1109 3222 1226 3305 humi,
1250 3236 1287 3284 ut
1307 3217 1349 3279 rix

290 3320 473 3383 multorum
490 3319 588 3383 simul
603 3319 679 3384 nisu
690 3320 891 3384 evelleretur.

335 3422 443 3485 XXX.
461 3422 619 3486 Praeterea
636 3422 768 3511 signum
785 3422 939 3505 militare,
956 3423 1046 3512 quod
1064 3424 1254 3512 inscriptam
1266 3416 1347 3509 puni·

290 3526 356 3588 ceis
380 3524 480 3588 literis
503 3524 662 3589 exercitus
681 3526 951 3615 imperatorisque
971 3525 1122 3589 notitiam
1142 3525 1295 3603 babebat,
1311 3518 1346 3582 si·

291 3627 417 3717 gnifero
436 3642 584 3714 ereptum
604 3628 638 3689 in
658 3627 860 3716 Euphratem
880 3627 1017 3716 projecit
1037 3642 1165 3691 ventus.
1182 3627 1258 3709 Quo
1271 3622 1346 3695 vitm

290 3732 422 3793 Crassus
436 3744 549 3791 caetera
563 3728 634 3807 ejus
646 3727 898 3817 magnitudinis,
910 3728 980 3792 vela
992 3728 1080 3793 enim
1094 3728 1162 3792 fere
1174 3726 1344 3817 aquatam,

291 3830 421 3919 praecidi
443 3830 555 3911 jussit,
574 3846 613 3894 ut
630 3832 740 3896 miuus
757 3833 899 3897 obnoxia
916 3830 1103 3897 turbinibus
1118 3848 1234 3897 essent.
1257 3821 1345 3893 rmfi-

325 4038 463 4103 §xxvii
474 4040 546 4088 Oros.
562 4066 596 4077 -
614 4039 679 4088 Plut.
691 4066 726 4077 -
736 4041 793 4089 Dio.
808 4038 868 4105 -s
881 4042 979 4090 XXIX.
992 4043 1049 4090 Dio.
1061 4068 1096 4078 -—
1110 4041 1173 4091 Piin.
1183 4038 1296 4094 xxxiv,
1309 4031 1341 4079 ¹⁵·

289 4149 324 4161 —
334 4124 435 4170 Panno.
450 4121 492 4170 lib.
508 4124 541 4170 X.
555 4150 590 4160 -
602 4124 669 4172 Sext.
680 4122 739 4173 lluf.
750 4140 805 4189 cap.
818 4126 858 4173 ιθ.
870 4152 905 4162 -—
919 4125 983 4175 Plut.
996 4126 1095 4174 -Vah
1108 4126 1176 4175 Mu.
1189 4130 1214 4185 1,
1224 4125 1247 4172 6.
