2875 4900
276 375 344 461 542
453 378 884 449 JO.FRE1NSHEMII
914 382 1157 449 SUPPLEM.

275 499 469 587 perlegatur
492 514 591 586 atque
612 498 718 562 literas
742 500 832 564 enise
849 500 992 565 instituit
1008 522 1121 589 agere,
1142 502 1189 566 uti
1211 502 1328 567 tendent

275 598 493 663 reduceretur.
515 600 602 663 Huic
623 601 692 678 ejus
707 599 868 664 desiderio
885 602 987 665 multa
1003 602 1193 684 obstabant;
1211 604 1329 667 aemulo·

275 702 322 765 tio
345 700 483 764 maxime
507 700 711 789 principum,
738 702 829 788 quod
851 701 938 765 idem
966 702 1134 789 negotium
1158 704 1218 767 Cn.
1245 704 1331 767 Pom·

275 803 385 890 peius,
403 817 437 865 et
453 800 490 865 P.
508 801 681 888 Spinther,
699 802 753 864 cui
772 825 811 865 ex
829 805 1000 867 consulatu
1017 803 1128 867 Cilicia
1141 826 1217 867 cum
1233 804 1331 893 Cypro

275 902 440 991 provincie
453 917 618 982 evenerat,
631 902 820 967 ambibunt:
837 919 869 968 et
881 904 1029 991 utrisque
1042 904 1268 969 adversabatur
1278 927 1332 967 ma·

276 1027 340 1094 gna
356 1025 429 1091 pars
446 1018 596 1082 senatus,
613 1024 672 1089 per
694 1003 814 1093 legatos
839 1003 952 1068 reduci
970 1027 1079 1093 regem
1099 1007 1333 1070 convenientius

276 1105 434 1195 publicis,
450 1125 491 1166 an
507 1104 575 1166 suis
592 1104 774 1168 rationibus
794 1120 871 1169 rata.
886 1108 1101 1171 Accesserant
1115 1122 1147 1171 et
1159 1109 1228 1173 alite
1241 1131 1259 1171 a
1272 1110 1334 1171 reli·

276 1207 374 1297 gione
391 1204 498 1283 tricae,
518 1202 609 1290 quod
631 1203 675 1267 ob
695 1220 835 1269 statuam
853 1207 939 1270 lovis
959 1208 994 1270 in
1015 1208 1142 1272 Albano
1158 1226 1269 1273 monte
1284 1208 1335 1271 sul·

278 1308 366 1370 mine
384 1321 501 1388 tactam
523 1304 697 1369 decemviri
721 1306 809 1371 adire
827 1307 926 1372 libros
944 1309 1044 1390 jussi,
1066 1310 1194 1397 sibyllae
1215 1332 1333 1373 carmen
1386 1300 1387 1309 ¹

275 1409 482 1485 invenerant,
500 1404 595 1484 cujus
618 1406 688 1471 haec
711 1409 872 1472 sententia
895 1410 979 1472 suit:
998 1411 1135 1491 «Quum
1156 1410 1199 1475 nd
1214 1434 1271 1475 vos
1287 1432 1334 1472 ret

276 1508 431 1597 afflgypti
448 1529 545 1593 opem
559 1524 674 1594 petens
688 1510 831 1589 venerit,
849 1531 956 1596 neque
977 1509 1134 1599 denegate
1151 1510 1333 1588 amicitiam,

276 1630 406 1697 «neque
429 1630 505 1671 cum
525 1608 735 1673 multitudine
755 1611 910 1674 auxilium
931 1610 1031 1691 ferte3
1047 1612 1096 1675 sin
1110 1634 1209 1694 vero,
1224 1611 1335 1675 labores

276 1741 290 1765 a
300 1732 358 1774 vos
372 1725 405 1773 et
419 1710 560 1796 pericula
577 1725 709 1774 manent
719 1740 744 1773 ν.

322 1812 501 1875 LXXVlll.
528 1812 596 1875 llac
617 1810 659 1875 tle
681 1834 717 1874 re
738 1834 840 1898 quum
865 1827 985 1875 esseta
1007 1815 1043 1875 C.
1066 1813 1190 1875 Catone
1215 1812 1335 1876 tribuno

277 1913 380 2002 plebis
406 1912 563 1988 relatum,
590 1935 720 1976 carmen
750 1912 792 1976 ita
818 1935 997 2001 congruere
1018 1912 1252 1999 presentibus,
1276 1928 1335 1974 tan·

278 2038 375 2103 quom
394 2014 455 2077 sub
474 2012 586 2077 eadem
602 2029 749 2101 temppra
766 2014 922 2101 scriptum
939 2028 1042 2093 esset,
1056 2011 1207 2077 admirati
1221 2012 1335 2083 Patres,

275 2115 426 2179 fecerunt
434 2115 768 2194 senatusconsultum,
785 2137 887 2201 regem
899 2112 1150 2177 ahxmdtinum
1166 2136 1240 2177 cum
1256 2132 1336 2175 exer

278 2220 343 2281 criu
363 2216 490 2294 reduci,
507 2213 720 2302 periculosum
740 2214 919 2303 reipublice
938 2214 1048 2278 videri.
1076 2214 1190 2295 Quum
1207 2214 1291 2278 vat-ia
1304 2210 1336 2274 de
1386 2238 1387 2241 ¹

276 2316 434 2405 Sibyllino
457 2316 599 2379 carmine
621 2316 815 2380 existimatio
840 2326 942 2397 estet,
968 2336 1075 2403 neque
1099 2314 1269 2393 deessent,
1290 2310 1336 2399 qul

278 2417 512 2484 obtrectatione
539 2433 572 2481 et
591 2415 713 2480 invidia
739 2418 922 2504 aliquorum
947 2416 1113 2481 inductam
1143 2436 1214 2480 esse
1242 2414 1336 2478 lictant
1386 2497 1387 2504 ἵ

278 2519 468 2607 religionem
485 2516 671 2599 crederent,
690 2519 729 2581 G.
746 2519 825 2582 Cato
839 2518 980 2599 verinis,
996 2540 1101 2582 neres
1115 2518 1336 2600 omnino-sup·

277 2623 489 2710 primeretur,
511 2617 683 2682 advocatos
704 2619 739 2682 in
761 2619 952 2683 concionem
966 2617 1165 2682 decemviros
1180 2613 1337 2682 oraculum
1386 2641 1387 2648 ¹

277 2721 384 2810 coegit
400 2741 584 2807 exponere:
601 2718 701 2806 idque
723 2720 967 2802 recusantibus,
988 2742 1116 2786 summa
1136 2718 1337 2783 contentione

278 2823 391 2912 populi
410 2826 594 2900 extortum,
613 2843 653 2883 eo
666 2819 816 2908 cupidius
829 2821 996 2902 instantis,
1014 2815 1081 2907 quo
1097 2821 1201 2907 magis
1217 2813 1275 2882 ltoc
1285 2838 1337 2879 non

277 2923 368 2988 licere
381 2921 562 2986 sacerdotes
581 2923 801 3005 testabantur,
817 2944 892 2987 nam
909 2921 950 2986 ad
966 2945 1037 2987 eam
1052 2920 1137 2985 diem
1152 2922 1336 3011 Sibyllinum

281 3047 411 3090 carmen
435 3024 562 3087 nullum
587 3025 710 3112 populo
734 3024 859 3088 recitari
882 3040 1111 3104 consueverat,
1134 3023 1198 3086 nisi
1220 3037 1337 3087 senatus

279 3124 481 3188 decrevisset.

322 3225 470 3287 LXXIX.
488 3224 546 3287 llis
562 3225 660 3288 rebus
673 3224 862 3304 intellectis,
882 3225 1076 3289 Ptolemaeus
1087 3226 1214 3312 optavit
1229 3225 1338 3288 aPorn·

279 3325 353 3411 peio
374 3322 507 3403 reduci,
530 3323 780 3410 codicillosque,
804 3325 865 3388 sub
889 3325 1023 3389 nomine
1050 3328 1133 3414 regis
1155 3326 1274 3414 passim
1290 3343 1338 3412 per

280 3424 389 3486 forum
402 3439 435 3486 et
450 3424 484 3486 in
501 3425 591 3488 curie
605 3447 751 3513 sparsos,
767 3426 890 3513 populo
910 3430 947 3491 Α.
966 3427 1109 3490 Plautius
1128 3427 1279 3490 tribunus
1295 3445 1336 3485 rc·

280 3524 408 3588 citarit:
424 3524 679 3613 dicebanturque
693 3527 734 3590 ab
753 3526 863 3589 amicis
882 3526 1027 3614 Pompeii
1047 3527 1166 3590 similes
1183 3527 1218 3591 in
1236 3539 1335 3590 senatu

280 3625 457 3690 sententiae.
477 3625 540 3688 Sed
557 3627 652 3690 veriti
670 3628 800 3706 Patres,
822 3649 863 3690 ne
878 3628 1021 3714 potentia
1033 3624 1336 3713 viri,hccimposi1³

280 3726 463 3805 cumtione,
481 3726 513 3788 in
533 3727 729 3790 immensum
744 3743 917 3816 augeretur
925 3731 942 3807 ,¹
953 3749 1012 3815 per
1030 3727 1202 3791 honestam
1218 3743 1334 3790 causam

279 3829 484 3910 restiterunt,
503 3851 567 3891 non
588 3851 649 3890 esse
668 3832 773 3892 etlam
789 3830 922 3892 ltomt'ms
941 3831 1111 3892 necessarii
1126 3842 1173 3892 tot
1192 3845 1336 3916 exponen·

314 4043 330 4106 s
349 4045 478 4090 mvn.
493 4043 524 4090 U.
534 4041 562 4090 C.
572 4042 637 4104 6963
648 4044 680 4090 A.
691 4042 721 4091 C.
731 4041 773 4088 56.
782 4067 817 4076 -
825 4039 877 4089 cie.
891 4041 923 4088 ad
937 4039 1022 4088 Famil.
1039 4043 1064 4098 1,
1080 4056 1106 4096 r,
1122 4057 1146 4099 7,
1159 4051 1183 4087 et
1193 4039 1226 4086 td
1237 4039 1267 4099 Q.
1277 4037 1333 4081 fratr.

278 4127 386 4182 11,2.-
395 4127 452 4174 Dio.
460 4125 518 4190 -3
530 4127 672 4186 Lssvlll.
683 4125 736 4174 cic.
748 4123 778 4172 ad
790 4126 821 4185 Q.
831 4124 897 4172 fratr.
911 4127 949 4185 ll,
962 4141 976 4172 a
986 4159 993 4182 ‚
1005 4137 1030 4174 et
1039 4124 1070 4172 td
1081 4123 1165 4172 rann.
1176 4125 1197 4182 l,
1209 4131 1232 4176 l.
1243 4147 1275 4158 -
1284 4117 1332 4167 Dio.
