2875 4900
280 410 336 481 IN
365 410 478 479 LOC.
504 408 599 478 LIB.
627 407 722 478 CIII
752 408 969 479 LIVIANI.
1088 406 1163 505 [195

92 534 297 622 pitalitiomm
312 530 382 597 dies
397 530 582 607 incidisset,
602 531 674 595 Sex.
698 527 869 611 Clodium,
892 550 1066 619 operarum
1091 533 1160 596 clo-

93 636 254 700 dianarrun
273 634 412 716 ducem,
433 633 610 723 prohibere
630 646 828 713 tentaverat,
846 654 889 695 ne
907 631 1003 697 ludos
1022 633 1161 719 faceret,

92 754 121 800 et
141 738 177 801 P.
202 736 320 801 Clodio
344 758 379 799 se
403 735 625 801 adversarium
649 733 776 821 ubique
800 732 1003 797 intendebat.
1033 732 1161 801 Idcirco

91 838 238 921 Clodius,
256 838 362 926 etqui
377 837 505 901 occulte
521 837 556 899 in
572 835 752 924 perniciem
768 834 934 899 Ciceronis
952 834 1160 922 conspirare-

90 956 172 1022 rant,
189 940 367 1028 Pompeius
383 955 482 1025 atque
497 940 617 1017 Caesar,
634 936 748 1001 dolum
769 937 949 999 instruunt.
965 935 1158 1024 Pompeius,

91 1040 138 1101 cui
157 1041 272 1105 Cicero
286 1039 385 1106 fidem
400 1038 557 1120 habebat,
575 1036 721 1103 clodium
734 1060 757 1100 a
772 1060 822 1117 se,
839 1038 887 1100 uti
897 1058 936 1100 ne
947 1039 981 1100 in
995 1037 1159 1104 tribunatu

90 1152 193 1203 contra
213 1140 392 1205 Ciceronem
394 1138 512 1229 farciat
522 1138 719 1228 qmqu,
737 1141 827 1202 ormi
840 1140 985 1203 cambae
995 1138 1139 1226 ,soedere
1145 1190 1156 1221 ,

90 1246 297 1306 eeseeratrbne
311 1242 489 1306 devirwtum
509 1239 701 1320 confirrnat;
719 1255 873 1328 preterea
892 1242 1043 1329 praeclare
1060 1258 1158 1331 atque

91 1343 251 1432 magnifice
273 1345 385 1410 omnia
407 1342 605 1431 pollicetur:
628 1341 680 1406 his
701 1341 751 1404 uti
776 1342 868 1405 color
889 1354 1069 1427 constaret,
1088 1346 1158 1433 ipse

92 1444 152 1521 jam
170 1445 304 1510 Clodius
318 1446 484 1510 remissius
499 1444 672 1530 leniusque
686 1443 847 1506 incessere
860 1443 1071 1528 Ciceronem3
1089 1438 1159 1510 mai·

94 1545 503 1632 gisineusareTerentiam3
514 1568 598 1634 saepe
609 1544 808 1609 desiderium
819 1544 1039 1610 instauranda
1049 1549 1159 1637 gratim

91 1646 234 1729 profiteri.

128 1749 223 1814 CXII.
246 1752 296 1814 lta
313 1747 451 1837 decepto
466 1748 643 1829 Cicerone,
662 1762 696 1812 et
710 1747 899 1835 quiescente
912 1748 1093 1831 Mummio,
1108 1752 1156 1817 le·

91 1867 138 1931 ges
152 1848 218 1913 istae
231 1850 453 1937 perferuntur.
473 1850 641 1914 Continuo
656 1848 901 1938 promulgatur,
917 1854 967 1915 uti
976 1872 1064 1939 aqua
1076 1856 1157 1942 igni·

90 1968 142 2032 que
157 1953 395 2016 interdiceretur
404 1953 463 2033 eis,
480 1952 539 2040 qui
551 1954 647 2015 civem
659 1950 878 2015 indemnem
892 1952 1082 2033 creamur,
1100 1976 1156 2019 oc·

91 2048 231 2116 redissent.
253 2054 327 2117 lloc
343 2052 497 2135 crimine,
513 2052 542 2115 si
557 2052 681 2116 crimen
698 2068 798 2134 esset,
814 2068 905 2118 totus
919 2070 1050 2118 senatus
1064 2070 1156 2121 tene-

91 2144 194 2233 batur,
211 2154 269 2218 sed
286 2154 403 2218 Cicero
423 2154 531 2218 solum
550 2176 605 2236 se,
624 2170 681 2217 aut
696 2154 840 2241 primum
855 2155 923 2243 peti
939 2178 1079 2244 gnarus,
1097 2159 1154 2245 qui

91 2247 252 2318 Leontium
278 2270 480 2342 caeterosque
501 2255 685 2319 catilinariee
716 2255 950 2335 conjurationis
973 2259 1156 2347 antesigna-

91 2370 143 2415 nos
155 2353 193 2419 de
204 2358 367 2421 sententia
375 2372 507 2421 senatus
520 2354 680 2445 supplicio
691 2355 859 2436 affecerat,
871 2357 1063 2446 priusquam
1076 2382 1153 2423 curn

91 2471 125 2514 eo
140 2460 328 2524 nominatim
345 2459 396 2548 agi
413 2473 557 2547 coeptum
575 2472 676 2539 esset,
695 2458 815 2521 vestitu
828 2472 973 2540 mutato,
992 2461 1153 2549 populum

90 2574 190 2645 rogare
204 2561 323 2650 coepit;
341 2559 432 2649 quod
452 2559 647 2641 consilium,
669 2558 815 2638 sejuncta
836 2579 932 2622 causa
947 2578 1026 2642 sua,
1042 2563 1154 2650 perni-

91 2656 205 2726 ciosum
222 2665 325 2728 finisse
345 2679 458 2751 postea
477 2663 546 2750 ipse
562 2660 709 2750 agnovit.¹
722 2659 862 2723 Mutavit
879 2682 956 2724 cum
973 2683 1013 2724 eo
1028 2679 1151 2728 vestem

91 2762 184 2827 omnis
204 2787 300 2853 paene
319 2785 534 2829 romanorum
557 2762 706 2849 equitum
729 2759 932 2826 multitudo:
957 2785 1019 2828 nee
1041 2764 1152 2828 minus

89 2861 189 2950 viginti
210 2868 313 2931 millia
338 2867 497 2948 juvenum
520 2863 683 2953 promisso
707 2864 824 2952 capillo
847 2885 924 2927 curn
948 2885 989 2927 eo
1013 2864 1153 2929 circum·

91 2955 170 3028 ibant
185 2969 427 3056 rogabantque,
441 2965 479 3030 P.
496 2965 611 3030 Crasso
626 2964 673 3028 Μ.
688 2965 725 3028 F.
741 2979 875 3029 auctore
890 2986 929 3030 ae
944 2963 1039 3030 duce.

127 3065 235 3134 CXIII.
259 3066 327 3134 Sed
343 3067 498 3132 omnibus
519 3067 600 3146 riis,
627 3087 693 3153 qua
712 3064 897 3148 incederet,
918 3065 1052 3131 Clodius
1074 3091 1151 3132 cum

91 3157 200 3250 ingenti
214 3167 420 3257 perditorum
437 3167 613 3231 hominum
626 3167 756 3256 agmine
772 3165 981 3250 occurrebat,
1001 3171 1151 3255 perculso
1208 3214 1212 3223 ·

91 3255 321 3352 insultantium,
336 3267 525 3368 lapidesque
540 3284 574 3333 et
587 3289 718 3332 coenum
731 3267 766 3330 in
780 3289 856 3331 eum
870 3267 1072 3347 jactantium.
1092 3273 1151 3336 Se-

92 3377 173 3430 natus
181 3392 315 3459 quoque
325 3386 445 3435 vestem
455 3369 758 3459 nudarepopulum,
769 3367 898 3432 wluin
904 3369 1033 3457 publico
1043 3371 1149 3454 luctu,

90 3459 226 3552 jubebam
247 3471 305 3537 sed
329 3471 479 3536 consules
505 3469 771 3559 refragabantur,
795 3483 828 3533 et
846 3491 923 3534 eum
942 3473 1073 3536 armatis
1091 3495 1151 3536 cu·

91 3561 159 3630 liam
175 3570 327 3637 obsidens
343 3571 488 3637 Clodius.
506 3571 559 3636 Sic
574 3593 709 3659 quoque
730 3572 838 3659 erupit
858 3593 975 3662 magna
995 3593 1069 3660 pars
1087 3575 1149 3638 Pa·

91 3675 183 3750 tmm,
201 3675 307 3739 scissis
327 3673 495 3754 vestibus,
519 3672 673 3738 invidiam
698 3670 888 3737 adversariis
911 3697 987 3738 cum
1009 3677 1151 3740 elamore

92 3760 204 3835 cientes.
231 3776 273 3839 At
293 3775 352 3838 ubi
372 3795 414 3839 ne
436 3775 497 3838 ista
516 3774 649 3863 quidem
672 3789 739 3838 tam
759 3775 973 3840 lamentabilis
992 3776 1089 3842 iacies
1109 3777 1150 3842 ad

119 3991 133 4056 S
144 3998 205 4050 CXI.
216 4004 267 4054 Cic.
278 4006 305 4052 in
318 4005 369 4053 Pia.
378 4019 434 4068 cap.
445 4012 476 4063 4,
488 4015 514 4052 et
526 4004 564 4052 ibi
574 4005 712 4053 breom—
722 4002 780 4052 Dio.
792 4005 948 4065 -v011.11‚
966 4007 1009 4062 51..
1026 4035 1062 4044 -
1079 4009 1145 4059 Plut.

89 4097 119 4111 ’-
130 4076 227 4142 scm.
238 4091 295 4138 Dio.
311 4118 347 4128 -
365 4090 431 4139 Plut.
445 4089 473 4136 in
487 4090 585 4139 Crasso.
593 4115 630 4127 -
641 4088 750 4154 Appian-
762 4113 797 4126 ·-·
807 4089 860 4138 Cic.
870 4088 903 4137 ad
913 4090 992 4138 Attio.
1005 4091 1059 4152 ΙΙΙ,
1075 4091 1114 4150 15,
1123 4105 1151 4141 et

91 4166 258 4220 ochosia
267 4175 359 4237 Qnirit.
368 4190 424 4239 erp.
435 4174 460 4222 3.
