2875 4900
220 447 225 454 Ι
309 359 379 431 306
474 357 1187 428 tornulusussttttsurrmu.

307 482 444 571 publicis
460 480 559 543 literis
575 478 669 543 acciri
684 493 861 567 oporteret.
874 477 1009 542 Interim
1027 477 1073 541 M.
1086 481 1237 560 Crassus,
1253 478 1373 544 discor-

307 584 361 647 dia
384 582 597 671 fugitivorum
620 578 849 660 confirmatus,
872 577 963 666 quod
982 579 1100 668 gallice
1120 579 1374 669 'germanicteque

307 685 425 774 copiae,
447 707 490 747 ne
509 682 597 745 Crixi
613 679 746 768 quidem
768 681 902 743 interitu
922 680 1027 743 colere
1044 679 1233 770 Spartacum
1252 680 1373 762 doctae,

307 787 348 850 ab
367 786 438 878 ipso
459 783 691 862 discesserant,
710 780 820 846 subito
836 780 895 844 has
912 777 1046 844 adortus
1064 779 1167 862 fudit,
1183 781 1373 870 fugavitque

306 913 324 952 a
339 889 413 952 lacu
431 885 593 974 quodam,
606 883 666 947 ubi
677 883 788 948 locum
802 882 914 946 castris
932 897 1108 970 ceperant:
1127 883 1153 946 is
1173 882 1261 946 lacus
1278 884 1373 948 alter-

206 977 211 987 ’
307 1005 405 1052 nante
421 1003 551 1066 natura,
568 982 768 1071 quaudoque
785 983 899 1066 salsas,
916 983 984 1046 aliis
999 983 1201 1071 temporibus
1215 985 1372 1072 potabiles

306 1091 427 1154 babere
440 1109 540 1174 aquas
553 1084 682 1149 dicitur.

350 1191 394 1253 ll.
411 1187 474 1252 Sed
491 1185 722 1274 superveniens
739 1207 866 1250 summa
883 1184 1093 1248 contentione
1105 1183 1293 1271 Spartacus,
1309 1202 1374 1249 tur·

307 1292 420 1355 batum
434 1287 630 1368 exercitum,
647 1309 689 1350 ne
705 1308 822 1374 magna
838 1285 945 1373 aliqua
963 1301 1068 1374 strage
1081 1283 1292 1373 plecteretur,
1308 1289 1373 1348 vin·

304 1392 391 1455 centi
412 1392 527 1454 Crasso
547 1387 676 1476 eripuit.
694 1389 734 1450 ln
756 1409 884 1452 summa
903 1383 1011 1450 tamen
1038 1385 1147 1473 potior
1168 1384 1210 1448 ad
1230 1408 1371 1473 pereun-

306 1492 386 1558 dum
402 1491 521 1554 ferocia
534 1487 814 1568 dissentientium,
826 1509 925 1574 quam
939 1483 981 1549 ad
997 1483 1191 1550 servandum
1206 1485 1370 1574 diligentia

305 1593 447 1682 Spartaci
461 1590 533 1654 fuit.
544 1589 594 1654 Ne
607 1587 730 1652 recenti
745 1585 878 1674 quidem
890 1585 1049 1652 beneficio
1064 1587 1160 1668 moti,
1174 1602 1275 1650 castra
1288 1611 1372 1651 seor·

304 1696 366 1758 sim
389 1693 509 1757 habere
528 1705 752 1779 perseverant,
770 1689 959 1777 Spartacum
982 1703 1214 1768 contemnunt,
1231 1689 1370 1752 Granico

304 1813 338 1859 et
352 1797 448 1859 Casto
465 1792 603 1858 ducibus
618 1790 801 1856 confidunt.
816 1791 919 1880 Igitur
929 1793 1079 1871 Crassus,
1093 1790 1246 1878 abruptas
1258 1813 1277 1854 a
1288 1789 1370 1855 duce

303 1898 413 1985 copias
425 1895 525 1960 deleri
537 1917 633 1983 posse
643 1894 753 1974 facile,
765 1908 872 1974 ratus,
884 1893 934 1956 his
948 1891 1170 1956 insidiabatur.
1183 1891 1369 1979 Spartacus,

303 2020 492 2086 quanquam
520 2017 657 2059 suorum
682 1994 887 2058 contumacia
911 1991 1053 2075 doleret,
1077 2009 1185 2056 tamen
1211 1993 1256 2056 ob
1278 2017 1370 2057 com·

302 2120 403 2162 mune
420 2095 602 2184 periculum
623 2095 668 2158 ita
685 2093 816 2182 agebat,
839 2110 894 2174 ut,
916 2093 1049 2180 quando
1069 2091 1185 2158 eodem
1207 2093 1292 2159 vallo
1315 2117 1368 2158 eos

303 2197 472 2262 continere
486 2217 554 2258 non
573 2211 715 2290 poterat,
735 2193 822 2258 haud
841 2193 971 2283 longius
994 2192 1087 2276 inde,
1105 2217 1203 2281 quam
1222 2196 1367 2259 locorum

302 2295 517 2363 commoditas
534 2296 651 2380 ferret,
669 2313 772 2360 castra
791 2311 976 2359 metaretur.

343 2400 403 2465 111.
419 2399 524 2489 lgitur
536 2397 599 2463 illis
609 2398 644 2462 in
657 2421 735 2488 agro
751 2397 950 2463 crotoniensi
959 2411 1062 2463 casua
1076 2395 1290 2480 habentibus,
1301 2399 1368 2489 ipse

301 2498 391 2564 haud
407 2522 526 2588 magno
542 2499 620 2564 inde
631 2500 800 2564 intervallo
814 2499 972 2565 consedit.
983 2501 1116 2564 Crassus
1128 2499 1239 2565 divisis
1253 2502 1368 2590 etipse

298 2600 419 2688 copiis,
433 2600 545 2665 castris
557 2600 703 2664 hostium
717 2600 795 2665 bina
808 2617 911 2665 castra
927 2616 1140 2691 opposuerat,
1156 2602 1201 2666 ita
1214 2604 1367 2690 partitus,

298 2717 336 2765 ut
356 2700 511 2781 majorem
535 2723 711 2765 numerum
734 2719 848 2767 contra
867 2704 1056 2791 Spartacum
1076 2702 1229 2785 haberet,
1254 2724 1367 2770 contra

299 2804 435 2871 Castum
451 2818 484 2869 et
501 2802 679 2868 Granicum
697 2802 908 2879 multitudiue
924 2826 962 2883 ac
977 2804 1098 2869 virtute
1114 2805 1284 2871 inferiores
1299 2810 1367 2873 col-

296 2906 427 2969 locaret.
446 2902 511 2969 Sed
527 2903 584 2967 ubi
600 2920 729 2993 tempus
747 2900 1117 2993 opportunum-venisse
1136 2908 1279 2993 putavit,
1300 2931 1368 2995 quo

297 3006 439 3069 minores
456 3004 504 3069 illi
521 3002 620 3068 duces
636 2994 779 3092 opprimi
788 3018 945 3094 possent,
964 3022 1066 3071 noctu
1082 3009 1296 3073 commutavit
1310 3034 1366 3073 co·

295 3107 383 3195 pias,
408 3105 521 3170 relicto
545 3121 654 3169 tamen
678 3105 712 3168 in
735 3105 911 3185 majoribus
934 3106 1045 3171 castris
1065 3108 1236 3194 praetorio,
1259 3124 1298 3171 ut
1321 3111 1365 3173 ibi

297 3228 366 3271 esse
386 3205 615 3294 imperatorem
638 3228 714 3269 cum
732 3204 887 3271 validiore
904 3224 996 3294 parte
1013 3208 1171 3272 exercitus
1193 3208 1366 3297 Spartacus

295 3305 458 3388 crederet,
477 3309 514 3371 C.
524 3306 644 3371 deinde
656 3306 888 3395 Pomptinum,
904 3323 937 3373 et
951 3310 987 3373 C.
998 3309 1158 3373 Marcium
1172 3310 1312 3377 Rullum
1327 3314 1367 3375 le-

294 3423 386 3495 gatos
396 3429 473 3472 cum
486 3407 678 3472 cohortibus
692 3408 912 3497 quingenariis
926 3408 1117 3492 duodecim,
1132 3427 1207 3500 post
1217 3430 1365 3477 montem

294 3507 528 3571 circummittit.
551 3510 587 3573 L.
606 3508 781 3591 Quintium
801 3531 876 3572 cum
898 3526 988 3598 parte
1009 3512 1175 3597 equitatus
1198 3511 1366 3577 ludificare

294 3606 482 3695 Spartacum
500 3606 614 3689 jubet3
638 3631 714 3673 cum
735 3610 795 3673 alia
813 3626 905 3697 parte
926 3612 1035 3677 Gallos
1057 3612 1306 3701 Germanosque
1325 3614 1366 3679 sd

292 3728 437 3796 pugnam
461 3708 591 3789 elicere,
614 3731 692 3772 mox
709 3708 858 3774 cedendo
879 3710 920 3775 ad
943 3712 1066 3777 radices
1083 3713 1206 3777 montis
1226 3712 1364 3795 ducere,

293 3810 352 3873 ubi
364 3809 435 3896 ipse
452 3830 529 3873 cum
544 3808 728 3898 legionibus
744 3810 911 3875 instructis
926 3828 994 3877 erat
1010 3814 1229 3901 opperiturus.

325 3977 341 4044 s
353 3982 374 4027 Ι.
387 3980 419 4027 U.
433 3980 462 4029 C.
477 3978 543 4039 seq
560 3981 592 4029 A.
603 3981 633 4029 C.
652 3996 694 4039 71.
709 4008 743 4017 -
756 3982 864 4047 Appian.
881 3984 934 4031 Gir.
949 3984 993 4031 lib.
1013 3986 1032 4032 l.
1046 4012 1081 4021 -
1095 3986 1148 4033 Lis.
1160 3984 1226 4051 Cpit.
1241 4014 1275 4025 ·-
1286 3990 1360 4033 Oros.

289 4059 323 4117 V,
333 4068 376 4117 at.
387 4086 423 4097 -
434 4060 487 4110 Cic.
497 4076 545 4126 pro
553 4062 607 4127 lege
615 4064 701 4111 Manil.
711 4080 733 4111 c.
745 4080 783 4112 rr.
796 4092 831 4103 —-
845 4066 944 4114 eluetn
955 4069 1097 4116 Cretam-
1110 4066 1126 4133 s
1140 4070 1173 4117 11.
1186 4070 1241 4115 Lis.
1251 4070 1317 4135 Epir.
1328 4098 1361 4105 —

289 4142 579 4204 1’tut.-1²rons.n,4,
594 4161 618 4205 7,
632 4156 657 4193 ct
666 4146 699 4203 V,
715 4148 757 4202 34.
770 4176 804 4185 --
818 4146 834 4211 s
846 4150 889 4197 111.
901 4150 1009 4207 Oros.V,
1023 4158 1065 4205 at.
1074 4178 1109 4187 -
1119 4150 1181 4205 rtur.
