2875 4900
309 364 377 450 254
482 370 548 435 so.
574 317 916 437 rnninsnnnn
948 370 1192 439 snrnnsn.

306 510 476 554 mmanum
500 488 907 576 populumtraostulera13
931 503 1000 551 tum
1024 488 1122 561 altera
1143 512 1216 576 pars
1239 488 1357 577 Libye,

306 613 405 679 quam
415 590 574 654 vocabant
583 586 721 669 addam,
736 588 933 668 Paraetonio,
951 588 1175 677 Chaereclaque
1188 604 1221 651 et
1232 589 1357 679 Neapoli

304 692 441 760 urbibus
457 712 624 755 romanam
642 688 800 753 ditionem
816 690 915 753 auxit.

348 792 387 857 V.
407 791 445 855 Id
455 791 617 879 AEgyptii,
633 812 774 877 quorum
792 788 833 853 ad
849 812 987 879 regnum
1003 790 1092 855 haud
1109 789 1208 855 dubie
1222 791 1273 854 illa
1283 786 1355 878 'per-

303 892 468 972 tinebaut,
482 891 687 957 dissimulare
703 890 806 954 coacti
826 906 904 955 sunt
920 891 964 953 ob
980 891 1146 955 intestinas
1170 890 1355 969 discordias,

303 1009 509 1080 metumque,
527 1015 569 1056 ne
584 992 714 1079 syriacis
728 990 858 1081 regibus
872 992 912 1055 ab
927 1009 1042 1056 senatu
1055 1015 1192 1056 romano
1202 992 1354 1081 AEgyptus

301 1093 539 1172 adjudicaretur
554 1116 562 1155 :
577 1108 668 1155 erant
690 1092 778 1155 enirn
798 1094 910 1156 Romae
928 1092 1157 1161 adolescentuli
1179 1092 1262 1175 duo,
1280 1116 1355 1180 quos

302 1216 342 1257 ex
360 1194 474 1257 Selene
490 1193 654 1256 Ptolemaei
671 1191 736 1257 filia
752 1193 881 1281 Grypus
900 1194 1079 1258 Antiochus
1096 1195 1283 1275 sustulerat,
1304 1196 1354 1281 qui

301 1294 395 1359 adse
413 1310 446 1357 et
460 1310 595 1357 matrem
613 1316 704 1360 suam
722 1315 860 1381 regnum
877 1293 1012 1383 AEgypti
1028 1295 1190 1381 pertinere
1206 1293 1352 1369 dicerent.

301 1398 409 1483 Atque
424 1396 470 1458 illi
485 1394 636 1482 quidem,
654 1393 793 1458 obtentu
810 1411 1001 1482 temporum¹
1012 1394 1126 1481 populi
1144 1394 1285 1475 romani,
1302 1416 1354 1481 per

300 1513 449 1562 senatum
462 1518 557 1585 agere
575 1495 656 1559 nihil
673 1510 854 1587 potuerunt
869 1519 876 1559 :
892 1494 992 1582 Libya
1012 1494 1262 1577 iuter-romanas
1282 1516 1352 1581 pro·

299 1600 420 1665 vincias
442 1598 570 1663 mansit.
590 1596 654 1661 Sed
672 1594 875 1661 Mithridates
897 1596 961 1659 hoc
983 1595 1120 1659 maxime
1143 1595 1184 1658 ad
1209 1592 1350 1659 nudanda

299 1700 432 1765 consilia
457 1716 586 1787 ternpus
609 1713 832 1786 opportunum
852 1694 1021 1777 judicans,
1045 1719 1111 1783 quo
1138 1696 1293 1761 transiens
1316 1693 1350 1757 ad

298 1799 386 1865 aliud
397 1800 570 1887 imperium
581 1797 748 1885 Bithynia,
762 1796 914 1861 destituta
926 1797 1034 1884 priore
1045 1795 1196 1881 domiuo,
1214 1796 1349 1861 nondum

298 1900 362 1965 fida
379 1916 436 1963 aut
453 1900 545 1963 firma
560 1899 651 1962 noris
666 1914 813 1979 nutaret,
829 1899 950 1962 bellum
965 1914 1074 1985 aperte
1089 1899 1239 1987 sumpsit.

342 2004 397 2068 vl.
414 2003 456 2065 Et
469 2001 544 2088 quia
559 2000 695 2063 Sertorii
707 2000 850 2064 celebres
866 1999 952 2063 fama
964 2021 1042 2087 opes
1054 2016 1163 2081 erant,
1178 1999 1220 2064 ad
1233 1998 1351 2063 societa-

298 2119 363 2169 tem
383 2126 459 2168 cum
481 2126 521 2166 eo
539 2100 741 2190 jungendam
762 2101 969 2164 hortantibus
989 2122 1083 2174 aures
1103 2102 1271 2187 praebuit:
1292 2098 1350 2163 duo

297 2206 384 2269 enim
405 2199 512 2284 Lucii,
529 2203 656 2291 Magius
677 2218 710 2265 et
728 2202 888 2282 Fannius,
908 2200 1085 2264 fimbrianae
1102 2198 1272 2265 seditionis
1284 2198 1348 2263 reli·

296 2306 476 2396 quise,qui,
487 2304 620 2369 sedibus
630 2302 745 2391 Myndi
760 2301 846 2383 fixis,
859 2300 947 2390 apud
960 2323 1069 2388 regem
1083 2322 1141 2388 per
1151 2298 1348 2387 obsequelam

295 2407 470 2487 orationis,
494 2422 527 2469 et
551 2405 690 2468 maxime
711 2402 826 2472 odium
848 2403 964 2484 Sullae,
989 2402 1180 2466 auctoritate
1206 2418 1239 2467 et
1259 2399 1350 2490 gratia

294 2507 459 2586 valebant,
477 2507 584 2570 Asiam
600 2505 791 2591 vicinosque
808 2505 965 2592 populos,
985 2503 1074 2566 haud
1091 2501 1231 2582 dubium
1251 2501 1347 2568 auxilii

294 2608 437 2675 Sertorio
459 2607 585 2672 ferendi
607 2607 778 2694 praemium
800 2606 871 2670 lore
893 2605 1054 2687 dicentes,
1079 2605 1295 2692 impulerunt,
1316 2615 1348 2666 ut

293 2707 336 2772 de
348 2706 467 2772 foedere
480 2705 626 2770 ineundo
639 2707 761 2796 legatos
773 2708 806 2770 in
821 2707 1009 2796 Hispaniam
1027 2706 1180 2771 mitteret.
1192 2708 1256 2771 Eos
1269 2707 1345 2770 Fan·

293 2808 367 2872 nius
379 2824 412 2872 et
426 2808 569 2896 Magius,
587 2824 695 2896 empta
713 2807 840 2872 dudum
856 2831 874 2871 a
889 2809 925 2872 C.
937 2807 1038 2872 Verre
1050 2808 1124 2872 navi
1138 2808 1277 2888 milesia,
1295 2827 1346 2894 per

290 2909 414 2974 ltaliam
432 2909 473 2972 ad
487 2909 667 2973 Sertorium
685 2907 903 2973 deduxerunt.
947 2953 952 2966 .

334 3010 406 3084 Vll.
424 3011 578 3093 Senatus,
592 3032 627 3073 re
644 3009 771 3089 audita,
790 3009 901 3074 hostes
916 3010 987 3072 illos
1000 3008 1172 3090 judicarit,
1189 3010 1347 3097 inquiren-

291 3109 417 3198 dosque
436 3109 609 3175 mandarit.
633 3108 696 3175 Sed
716 3110 762 3174 illi
782 3109 855 3204 jaun
870 3111 904 3173 in
922 3110 1109 3196 Hispaniam
1132 3123 1345 3198 pervenerant.

289 3211 466 3290 Sertorius,
485 3210 681 3276 introductis
699 3211 735 3274 iu
755 3227 904 3276 senatum
924 3233 1022 3276 suum
1039 3212 1167 3300 legatis,
1187 3210 1347 3302 magnifiee

288 3311 329 3376 de
347 3312 445 3376 rebus
460 3313 526 3376 suis
544 3311 829 3398 loquutus„quod
843 3313 908 3390 jam
928 3310 969 3374 ab
988 3311 1121 3374 Oriente
1145 3312 1244 3378 simul
1264 3327 1295 3374 et
1310 3309 1346 3372 ab

289 3411 466 3475 Occidente
481 3411 639 3474 facessere
654 3411 823 3499 negotium
840 3410 1029 3476 adversariis
1048 3429 1175 3498 posset,
1193 3431 1346 3501 exponere

288 3511 437 3576 mandata
455 3511 561 3589 jussit.
584 3511 636 3574 llli
659 3511 744 3575 hanc
767 3512 801 3574 in
822 3513 1016 3578 senteutiam
1039 3531 1207 3601 coeperunt
1230 3538 1238 3579 τ
1262 3515 1345 3578 allex

288 3610 530 3692 «Mithridates,
552 3613 670 3676 multus
683 3634 860 3700 gratesque
873 3613 1005 3693 injurias
1020 3613 1099 3678 olim
1118 3630 1151 3678 et
1167 3637 1273 3702 nuper
1284 3634 1349 3700 per-¹

321 3806 337 3872 s
353 3809 397 3855 lv.
413 3805 509 3855 Sallust.
525 3806 590 3854 nist.
606 3808 652 3864 IV,
670 3807 697 3854 in
714 3808 785 3874 epist.
802 3809 914 3860 Mithrid.
933 3837 968 3846 —
981 3809 1103 3860 Plutarch.
1122 3839 1157 3848 -—
1174 3814 1227 3859 Ltv.
1239 3811 1301 3876 Epic
1313 3833 1343 3844 -

286 3890 394 3957 Appiam
405 3889 459 3938 civ.
471 3887 516 3936 lib.
523 3891 544 3938 l.
555 3915 591 3925 -
598 3889 704 3954 Eutrop.
711 3917 746 3927 -
755 3891 809 3956 SV.
820 3892 872 3941 Cio.
882 3894 908 3940 in
915 3893 985 3942 Verr.
996 3893 1042 3952 tv,
1049 3909 1091 3954 ²7·
1101 3893 1160 3959 —-·§
1170 3895 1215 3944 VI.
1224 3892 1342 3956 ιίν.1ερῑι.

283 4001 321 4012 -
332 3974 441 4039 App'uu.
451 3971 563 4022 Mithrid.
576 3999 611 4009 -
621 3973 673 4023 Cic.
683 3973 710 4022 in
723 3975 794 4024 Verr.
805 3977 831 4034 l,
850 3977 898 4036 343
914 3975 979 4024 idem
992 3991 1039 4040 pro
1053 3977 1106 4041 lege
1115 3977 1201 4024 naut.
1211 3993 1263 4040 esp.
1276 3983 1305 4032 4,
1321 3983 1342 4018 tt

285 4073 332 4122 pro
345 4059 469 4115 mmm,
482 4071 536 4122 esp.
549 4057 588 4104 1⁵.
603 4083 639 4094 -·
653 4045 777 4108 l'lutarehi
788 4059 815 4108 in
827 4061 919 4109 Sertor.
929 4075 983 4125 esp.
992 4061 1039 4110 38:
1047 4087 1082 4098 -
1091 4061 1188 4110 Sallust.
1198 4062 1261 4110 llist.
1270 4061 1306 4115 11,
1319 4055 1341 4100 6·

284 4169 320 4179 -
332 4144 425 4191 Areon.
436 4141 464 4189 in
476 4143 546 4190 Verr.
558 4143 583 4201 1,
598 4143 641 4197 ³⁴-
