2875 4900
333 369 388 439 tn
413 371 522 437 noc.
549 371 644 438 mn.
672 369 760 438 cxl
790 369 1002 438 mvmru.
1125 393 1195 466 729

129 493 248 558 cohors
270 491 405 581 legionis
423 507 518 556 sextae
541 491 641 556 edidit
661 491 695 554 in
712 491 861 571 castello,
877 489 969 578 qaod
985 489 1124 556 Minucii
1136 515 1195 555 ro-

129 593 258 658 cabant.

174 695 357 782 XXXVIII.
376 695 424 758 Eo
440 695 639 783 pompeianae
654 694 797 782 legiones
812 708 955 781 quatuor
968 713 1029 780 per
1041 695 1193 783 confraga

113 809 163 857 .et
180 794 283 858 obsita
306 793 447 858 dumetis
467 795 596 858 occulto
619 796 736 859 itinere
750 811 916 859 venerant.
938 795 1054 881 Neque
1069 797 1193 878 territi,

128 894 204 958 licet
218 918 254 959 re
268 896 460 984 improvisa,
475 895 609 978 Iuliani,
629 912 693 960 tam
705 896 816 983 paucis
826 895 982 960 militibus
992 895 1058 960 vita
1072 911 1194 960 tantam

126 1019 188 1084 per
205 997 328 1083 aliquot
345 997 441 1060 horas
459 997 700 1080 sustinuerunt,
718 997 916 1062 centurionis
934 996 1032 1060 unius
1052 996 1193 1062 incredi-

127 1096 185 1160 bili
201 1097 322 1161 virtute
337 1099 479 1163 animati.
496 1098 543 1168 M.
560 1097 679 1162 caesius
697 1097 775 1178 luit,
792 1098 846 1161 cui
860 1097 978 1161 &oevoe
992 1119 1192 1184 cognomen:

127 1197 155 1259 is
172 1212 304 1262 strenua
321 1221 429 1290 pugna
446 1199 564 1263 multos
579 1245 587 1280 ,
605 1199 661 1286 qui
678 1198 811 1286 propius
826 1213 1042 1281 accesserant,
1058 1197 1192 1263 interfe-

126 1297 197 1380 cit,
222 1299 468 1388 custodiamque
498 1317 599 1389 portae
631 1299 809 1362 commissae
837 1300 1010 1364 fortissime
1036 1301 1192 1384 retinuit3

126 1421 315 1488 quanquam
338 1402 480 1466 sauciato
504 1401 628 1490 capite,
650 1401 824 1486 femurque
843 1415 877 1462 et
897 1399 1072 1466 humerum
1089 1417 1192 1468 mans

126 1500 229 1583 lixas,
253 1519 417 1590 postremo
446 1503 543 1568 etiam
571 1501 705 1566 oculum
729 1501 897 1564 sinistrum
922 1501 1080 1567 amiserat.
1105 1503 1190 1566 Tum

126 1624 204 1665 vero
234 1605 463 1692 pompeianum
492 1603 715 1667 centurionem
744 1617 830 1665 notae
855 1600 984 1664 virtutis
1008 1603 1192 1690 appellans,-

127 1704 214 1767 mitti
229 1706 339 1792 petiit,
356 1727 374 1768 a
390 1727 456 1791 quo
476 1703 605 1768 deditus
627 1701 869 1791 perduceretur.
890 1702 1110 1765 decurrerunt
1130 1700 1191 1766 viri

126 1802 214 1886 duo,
234 1821 324 1869 tanto
342 1805 452 1869 labore
468 1805 566 1868 ethis
581 1803 771 1868 vulneribus
788 1803 916 1866 nullum
932 1820 999 1865 non
1017 1803 1119 1866 robur
1133 1825 1190 1867 ex-

127 1905 249 1970 hauriri
269 1908 415 1998 potaisse
434 1905 475 1969 ad
493 1927 654 1970 summam
676 1903 927 1968 imbecillitatem
944 1902 1015 1966 rati.
1038 1902 1103 1966 Sed
1120 1904 1190 1986 ille,

32 2041 36 2052 ·
126 2007 411 2088 camoenalem,
431 2007 532 2070 altero
546 2007 733 2087 vulnerato,
751 2004 818 2068 suis
833 2003 958 2068 addidit
971 2005 1136 2085 animum,
1153 2022 1190 2070 ut

125 2121 275 2170 tenerent
289 2107 418 2188 locum,
436 2106 542 2170 donec
557 2129 597 2168 ex
612 2106 723 2170 castris
738 2105 904 2170 subreniri
916 2107 1034 2194 potuit.

169 2208 325 2273 XXXIX.
350 2208 481 2296 Quippe
509 2209 633 2288 Caesar,
664 2206 706 2270 ad
730 2206 971 2295 Dyrrhachium
998 2205 1189 2271 admoturus

123 2325 249 2398 partem
277 2308 463 2396 copiarum,
490 2308 528 2372 P.
559 2307 679 2372 Sullam
702 2308 814 2371 castris
839 2308 1034 2395 praefecerat.
1054 2309 1088 2372 Is
1111 2331 1189 2396 ergo

124 2434 200 2476 cum
225 2409 352 2475 duabus
376 2407 559 2498 legionibus
585 2409 749 2499 suppetias
771 2409 878 2473 ferens
900 2407 1014 2491 affuit3
1032 2407 1124 2488 cujus
1146 2431 1188 2473 ne

124 2528 334 2602 conspectum
346 2511 478 2601 quidem
488 2512 572 2575 ferre
582 2511 771 2599 Pompeiani
783 2526 971 2598 potuerunt.
983 2511 1070 2576 Sulla
1079 2526 1186 2575 tamen

124 2613 242 2678 instare
263 2634 450 2701 quanquam
474 2612 628 2699 perculsis
660 2613 785 2687 noluit,
812 2613 922 2677 multis
947 2612 1187 2695 incusantibus,
1272 2670 1275 2678 .

124 2714 180 2799 qui
194 2714 399 2797 judicabant,
417 2713 539 2777 bellum
560 2734 599 2776 eo
622 2712 675 2777 die
697 2711 783 2775 liniri
804 2714 959 2803 potuisse.
977 2713 1041 2777 Sed
1062 2714 1185 2796 Caesar,

123 2814 198 2878 alias
223 2816 317 2905 legati
343 2831 441 2902 atque
467 2815 669 2903 imperatoris
694 2830 801 2902 partes
825 2837 914 2896 esse,
942 2813 1186 2898 demonstrans,

123 2914 204 2980 nihil
226 2941 243 2981 a
263 2917 349 2982 Sulla
369 2934 486 3005 praeter
506 2917 664 2981 rationem
689 2916 810 2980 lactum
829 2940 914 2994 esse,
936 2915 1112 2981 dictitabat.
1129 2918 1187 2981 His

123 3018 275 3082 omnibus
300 3019 415 3105 praeliis
438 3040 506 3082 non
530 3018 614 3082 ultra
634 3017 749 3106 viginti
766 3040 900 3081 suorum
916 3016 1107 3081 desideravit
1122 3019 1188 3081 Cre·

123 3139 190 3199 sar,
208 3138 310 3205 quum
327 3122 372 3182 ex'
381 3120 585 3207 Pompeianis
601 3117 641 3183 ad
658 3118 755 3183 millia
770 3118 839 3183 duo
856 3118 1053 3182 cecidissent.

167 3218 234 3283 XL.
258 3218 321 3282 Sed
342 3219 377 3281 in
400 3220 528 3283 castello
545 3220 682 3285 Minucii
701 3241 799 3283 nemo
816 3219 958 3282 militum
974 3219 1096 3283 intacto
1116 3240 1188 3282 cor·

122 3340 200 3405 pore
222 3319 353 3383 relictus
377 3335 445 3400 est,
472 3335 677 3408 quatuorque
699 3320 905 3384 centuriones
926 3342 966 3384 ex
990 3342 1027 3383 ea
1051 3320 1186 3385 cohorte

123 3420 333 3507 perdiderunt
348 3422 482 3485 oculos:
503 3422 601 3485 millia
623 3422 810 3511 sagittarum
832 3422 960 3485 circiter
978 3439 1110 3486 centum
1127 3424 1186 3487 tri-

122 3522 229 3608 ginta,
251 3546 322 3610 quae
343 3524 471 3587 fuerant
489 3522 530 3585 ab
546 3523 695 3587 hostibus
716 3524 800 3587 intra
820 3523 939 3587 vallum
962 3523 1031 3604 ejus
1048 3524 1185 3613 praesidii

121 3624 281 3706 conjecta,
300 3625 414 3689 Caesari
435 3641 739 3705 renumeraverunt3
754 3648 892 3711 quarum
910 3648 996 3689 unus
1011 3625 1065 3690 ille
1080 3626 1187 3689 Scaeva
1287 3666 1292 3673 ·

122 3746 275 3811 magnum
303 3746 476 3789 numerum
500 3741 686 3815 exceperat,
712 3741 805 3789 scuto
828 3726 914 3790 illius
932 3750 1027 3814 supra
1053 3742 1184 3790 centum

121 3825 231 3914 viginti
249 3826 464 3890 foraminibus
481 3828 632 3891 confosso
650 3849 658 3891 :
676 3849 776 3915 quem
791 3827 835 3891 ob
854 3826 1015 3915 egregiam
1030 3826 1183 3890 virtutem

154 4040 169 4105 §
185 4044 331 4090 XXXVIII.
342 4044 442 4089 Sueton.
454 4068 488 4078 --
497 4040 551 4091 Val.
563 4044 631 4092 Max.
644 4042 729 4101 111‚12.
740 4068 774 4079 --
785 4042 907 4090 Plutarch.
917 4042 943 4090 ia
957 4042 1018 4091 cas.
1031 4057 1085 4105 cap.
1097 4042 1140 4089 aa.
1150 4068 1185 4079 -

122 4128 208 4175 Lucan.
220 4153 254 4163 ··-
269 4124 285 4189 5
300 4128 421 4174 xxxta.
435 4126 496 4173 Cau.
