2875 4900
279 374 323 442 82
453 370 523 437 JO.
550 367 896 437 FRElNSHEMIl
926 368 1176 437 SUPPLEM.

277 493 401 581 gientes
424 510 501 554 suos
523 488 661 577 impigre
686 486 848 551 obsistens
866 486 1045 551 Archelaus
1068 487 1176 553 redire
1193 492 1301 579 coegit
1319 492 1350 555 in

277 595 428 675 hostem,
450 589 540 654 unde
553 589 696 653 vicissim
716 611 850 653 romana
871 590 956 653 acies
974 589 1093 679 pedem
1109 590 1230 655 referre
1247 595 1350 682 ooepit.

276 694 340 760 Sed
362 718 381 758 a
401 694 549 758 Muraena
571 691 706 755 cohibiti
733 692 924 757 restiterunt
947 714 955 755 :
976 692 1090 773 simul,
1113 692 1172 779 qui
1194 693 1350 781 lignatum

276 796 457 877 exiverant,
475 793 613 874 reversi;
629 794 775 881 itemque
790 794 861 875 alii,
881 794 938 880 qui
954 794 1143 883 ignominiae
1158 816 1256 859 causa
1268 820 1352 861 seor-

275 898 340 961 sim
357 896 553 976 tendebant,
573 912 809 960 accurrerunt:
829 897 1016 983 horumque
1037 912 1170 961 strenua
1187 919 1286 986 opera
1303 898 1351 963 fa·

274 1014 364 1061 ctum
385 1014 450 1077 est,
470 1013 508 1061 ut
524 996 622 1086 regii,
638 995 771 1061 duobus
786 998 929 1060 militum
945 997 1091 1063 millibus
1106 999 1251 1079 amissis,
1268 1000 1350 1065 intm

273 1120 388 1163 muros
406 1098 693 1186 compellerentur.

318 1200 392 1264 XV.
409 1201 600 1280 Archelaus,
615 1198 697 1264 dum
713 1197 755 1263 ad
770 1198 959 1264 retinendos
976 1221 1056 1264 suos
1068 1217 1140 1265 tota
1151 1218 1262 1265 ruente
1273 1223 1352 1265 con-

274 1324 403 1385 versus,
423 1301 563 1366 salutem
580 1323 673 1365 suam
692 1300 847 1389 negligit,
863 1301 1003 1366 occlusis
1017 1301 1084 1380 jam
1101 1300 1215 1389 oppidi
1231 1302 1349 1390 portis,

273 1406 354 1468 fune
375 1405 408 1467 in
427 1404 547 1469 moenia
565 1401 749 1467 subductus
769 1417 829 1466 est.
846 1402 952 1483 Sulla,
974 1402 1018 1466 ob
1037 1403 1199 1493 egregiam
1216 1424 1350 1490 operam

270 1504 409 1570 laudatis
424 1506 601 1587 militibus,
618 1504 818 1593 demptaque
832 1505 888 1586 iis,
906 1506 964 1593 qui
978 1507 1084 1569 notati
1099 1508 1247 1587 fuerant,
1260 1506 1352 1594 igno-

272 1608 372 1671 minia
381 1656 390 1689 ,
400 1631 506 1695 quum
516 1624 668 1697 appetere
678 1608 821 1671 hiemem
831 1605 968 1688 videret,
976 1608 1096 1672 relictis
1109 1607 1151 1671 ad
1164 1630 1263 1695 opera
1273 1630 1352 1695 prar-

271 1709 380 1793 sidiis,
398 1726 503 1778 castra
520 1709 561 1774 ad
578 1710 766 1773 Eleusinem
787 1710 900 1773 morit.
919 1709 1112 1797 Equitabilis
1131 1732 1172 1773 eo
1190 1710 1263 1773 loco
1279 1710 1350 1796 pla·

271 1811 367 1875 nities
378 1828 461 1893 erat,
474 1826 507 1875 et
519 1834 559 1875 eo
570 1832 689 1900 genere
704 1810 874 1896 copiarum
885 1811 996 1875 hostes
1009 1809 1231 1875 abundabant.
1244 1811 1351 1899 lgitur

270 1910 376 1994 Sulla,
394 1935 436 1977 ne
451 1935 568 1977 eorum
586 1927 710 1999 pateret
726 1911 989 1993 incursionibus,
1012 1914 1131 1975 fossam
1149 1911 1348 1999 profundam

269 2034 287 2075 a
304 2015 472 2079 montibus
494 2012 536 2077 ad
558 2035 646 2077 mare
667 2011 790 2075 ducere
811 2013 909 2100 coepit
929 2037 936 2077 :
958 2014 1021 2077 hoc
1046 2036 1130 2101 opus
1149 2013 1348 2101 prohibituri

270 2116 398 2198 hostes,
416 2114 608 2203 quotidiana
631 2113 733 2178 modo
754 2112 796 2179 ad
818 2116 958 2199 fossam,
982 2114 1083 2179 modo
1101 2138 1163 2203 pro
1184 2114 1350 2180 moenibus

270 2216 381 2281 Piraeei
398 2220 576 2281 certamina
588 2233 784 2281 moverunt:
795 2217 1106 2283 abundabantenim
1118 2216 1349 2299 multitudine3

270 2321 416 2407 marique
433 2320 538 2383 libero
562 2318 752 2400 utentibus,
777 2336 810 2382 ct
826 2342 991 2408 exponere
1008 2343 1086 2385 suos
1102 2320 1160 2383 ubi
1176 2319 1349 2401 volebant,

268 2436 301 2484 et
319 2420 480 2510 recipere,
505 2436 557 2500 et,
582 2442 795 2508 quocumque
817 2438 1044 2511 opportunum
1060 2421 1241 2503 videretur,
1259 2424 1350 2502 traji-

267 2545 357 2604 cere,
374 2524 409 2586 in
427 2539 584 2611 promptu
608 2539 677 2586 erat
696 2546 705 2586 ε
723 2545 836 2586 rerum
855 2546 992 2612 quoque
1009 2524 1266 2588 necessariarum
1289 2548 1350 2588 co·

267 2626 354 2713 piam
371 2626 439 2689 suis
458 2624 604 2706 efficere,
621 2625 795 2712 penuriam
808 2625 961 2690 hostibus
974 2649 1013 2690 ex
1031 2626 1116 2689 sacili
1128 2642 1290 2714 poterant.

312 2727 400 2792 xvi.
414 2727 519 2816 Igitur
530 2727 633 2808 Sulla,
647 2727 753 2790 missis
762 2727 804 2792 ad
812 2726 1017 2792 Rhodienses
1029 2728 1125 2792 certis
1139 2727 1349 2810 hominibus,

267 2830 400 2894 classem
412 2829 554 2894 arcessit.
566 2829 668 2910 Quod
677 2830 753 2910 ubi,
766 2831 862 2918 regiis
874 2852 963 2894 mare
973 2830 1216 2911 obtinentibus,
1228 2853 1349 2918 parum

266 2929 481 3018 procedebat,
499 2930 534 2996 L.
545 2931 719 2994 Lucullum
735 2931 769 2994 in
781 2931 964 3020 AEgyptum
981 2949 1014 2996 et
1027 2933 1171 2998 Africam
1184 2931 1348 3020 proficisci

266 3031 307 3096 ad
329 3031 530 3121 corroganda
558 3056 577 3095 a
597 3032 730 3121 regibus
755 3049 788 3096 et
809 3033 979 3096 maritimis
1002 3033 1186 3097 civitatibus
1210 3034 1348 3098 navium

265 3135 382 3200 auxilia
395 3135 507 3216 jussit,
525 3135 646 3223 quibus
664 3139 843 3199 instructus
860 3134 1067 3200 Rhodiorum
1092 3135 1225 3199 classem
1248 3158 1349 3200 secu·

265 3235 333 3298 rius
350 3235 538 3300 deduceret.
559 3237 715 3301 Lucullus
740 3259 850 3325 neque
870 3239 968 3300 maris
990 3239 1128 3319 incerta,
1150 3259 1259 3325 neque
1276 3239 1348 3302 vim

264 3336 411 3401 hostium
425 3338 566 3414 veritus,
577 3338 686 3401 hieme
701 3338 809 3402 media
821 3361 897 3403 cum
909 3340 1090 3427 peronibus
1101 3341 1211 3428 graecis
1226 3339 1348 3421 tribus,

263 3437 470 3526 totidemque
492 3438 699 3504 Rhodiorum
724 3439 859 3505 dicrotis
882 3442 994 3522 solvit3
1011 3443 1173 3531 Cretaque
1195 3443 1349 3530 partibus

262 3538 433 3620 adjuncta,
446 3541 589 3628 Cyrenas
605 3543 794 3607 transmisit.
811 3543 889 3607 Erat
901 3560 974 3607 tum
990 3545 1151 3633 pessimus
1165 3546 1349 3633 cyrenaicae

263 3640 311 3704 rei
325 3655 446 3722 status,
464 3663 537 3728 quae
551 3659 627 3730 post
639 3659 871 3710 testamentum
883 3647 1036 3735 Apionis,
1052 3648 1154 3737 magis
1164 3648 1236 3710 sine
1251 3670 1348 3736 rege,

263 3763 362 3830 quam
379 3741 414 3805 iu
430 3741 579 3808 libertate
596 3745 724 3828 relicta,
739 3769 848 3834 neque
861 3746 993 3814 delensa
1008 3749 1049 3813 ab
1063 3751 1233 3832 Romanis,
1250 3749 1348 3814 domi

263 3844 339 3909 satis
359 3846 566 3934 negotiorum
586 3847 807 3932 habentibus,
825 3851 860 3914 in
879 3850 1056 3916 seditiones
1078 3868 1110 3916 et
1134 3850 1348 3939 tyrannidem

263 3946 430 4013 inciderat.

296 4145 314 4210 S
326 4147 396 4196 xvi.
409 4147 531 4198 Plutarch.
542 4149 568 4197 in
579 4149 697 4210 Lucullo,
709 4168 764 4215 cap.
776 4153 800 4200 3.
