2875 4900
279 406 334 475 lN
364 405 478 472 LOC.
505 406 598 473 LlB.
626 406 714 473 XCl
746 406 959 475 LlVlANI.
1083 406 1148 476 231

93 525 299 612 «damnoque
313 524 404 589 baud
420 525 611 588 sustinueris
627 548 635 589 z
652 542 686 588 at
702 548 763 615 ego
776 526 868 589 vobis
885 526 929 588 ita
946 527 1152 591 constrictam

93 624 207 705 decis,
222 624 386 687 turbatam
398 624 574 714 improviso
588 641 692 707 metu,
708 626 823 715 vigiliis
836 627 1066 713 laboribusque
1079 640 1153 691 ene·

92 742 194 787 ·ctam
208 724 312 807 dabo,
330 742 368 788 ut
380 726 459 789 citra
476 748 593 789 noxam
605 750 754 792 meorum
769 728 908 791 militum
922 726 1121 791 concidatur.

129 827 206 890 ΧΠ.
224 858 237 881 ·
248 827 384 908 Omnia,
401 843 474 914 quae
491 825 638 891 adhunc
655 827 871 892 obtinendum
893 827 991 891 finem
1012 828 1151 909 faciunt,

91 960 101 979 ι
110 950 168 1013 pro
185 927 283 991 nobis
302 943 390 992 sunt.
406 928 569 991 Locorum
586 928 769 1017 ingenium,
787 928 906 1015 quibus
921 952 939 990 a
954 928 1090 1016 pueritia
1103 950 1152 991 as·

90 1029 275 1110 «suevistis,
294 1044 327 1091 et
340 1026 477 1116 perinde
492 1029 642 1112 scientia;
658 1029 810 1093 velocitas
827 1028 969 1117 ingenita
986 1026 1151 1115 Hispanis,

91 1129 219 1209 damis,
232 1128 321 1209 sitis,
334 1146 448 1210 aestus,
460 1128 578 1193 laboris
593 1130 745 1217 patientia
759 1152 767 1193 ε
780 1130 900 1217 quibus
911 1130 1008 1193 rebus
1024 1129 1066 1191 ita
1080 1128 1152 1193 fari-

90 1230 258 1318 ·gabimus
277 1231 421 1293 statarius
439 1230 583 1293 bostium
600 1230 724 1318 copias,
741 1245 779 1293 ut
792 1229 988 1317 quandoque
1002 1250 1036 1293 se
1052 1228 1150 1293 victas

89 1346 181 1393 mute
193 1330 353 1410 sentiant,
369 1352 468 1417 quam
478 1353 519 1410 ,a
536 1331 655 1417 quibus
666 1346 915 1419 oppugnentur,
928 1328 1148 1417 cognoverint.

88 1430 194 1511 «Seio,
213 1432 388 1495 nobiscum
404 1453 491 1512 esse,
510 1432 568 1519 qui
587 1431 752 1495 viriathini
772 1430 845 1494 belli
868 1432 1093 1509 meminerint;
1112 1430 1149 1494 iis

87 1532 280 1595 «consilium
292 1554 402 1597 meum
412 1532 503 1596 baud
514 1531 687 1596 difficulter
697 1533 884 1621 approbabo
897 1556 905 1595 :
914 1532 1059 1613 juniores
1074 1532 1149 1597 satis

87 1627 267 1713 «babeant,
283 1633 410 1697 animos
427 1648 615 1721 promptos,
631 1656 720 1697 arrrra
733 1632 881 1720 expedita
899 1633 1035 1713 habere,
1053 1648 1090 1695 ut
1106 1634 1150 1695 l'e·

87 1734 208 1797 «liciter
227 1750 397 1821 expertum
416 1734 550 1816 ducem,
568 1733 610 1797 ad
627 1735 761 1822 gloriam
777 1750 810 1797 et
827 1757 910 1823 opus
928 1750 1015 1797 recto
1035 1734 1148 1797 itinere

87 1866 97 1885 ·
106 1852 308 1920 praeeuntem
324 1852 535 1923 sequantur·
552 1836 600 1899 Ita
613 1836 851 1902 condocefactis
867 1836 1029 1915 Barbarie,
1045 1857 1147 1922 quum

22 2007 23 2020 χ
86 1936 213 1999 illorum
228 1938 370 2018 viribus,
386 1938 519 2027 ingenio
532 1961 593 2001 suo
612 1954 776 2019 uteretur,
795 1938 896 2001 multa
910 1958 1063 2025 prospere
1075 1956 1146 2023 ges-

22 2033 23 2050 *
86 2038 139 2118 sit,
157 2040 286 2125 aliquot
301 2040 399 2103 urbes
413 2040 624 2127 expugnavit,
640 2040 861 2129 plurimasque
875 2036 1016 2102 civitates
1034 2036 1068 2099 in
1086 2058 1147 2123 po-

86 2153 228 2202 testatem
241 2162 334 2203 suam
346 2138 491 2229 redegit:
503 2138 591 2204 unde
605 2163 672 2204 non
684 2141 803 2205 minori
814 2138 1035 2218 admirationi,
1048 2159 1144 2225 quarn

84 2241 365 2305 terrorilrostibus
381 2257 458 2305 erat.

123 2344 216 2406 lssll.
239 2342 304 2407 Sed
323 2344 516 2432 praecipuam
536 2344 566 2407 ei
584 2342 762 2407 calliditatis
782 2342 898 2405 lamam
922 2340 1046 2429 peperit
1059 2338 1145 2401 Clra·

83 2445 220 2507 tacitana
236 2444 418 2533 expeditio,
435 2442 500 2531 qua
519 2463 649 2532 gentem
670 2445 789 2525 l'eranr,
809 2467 875 2506 non
895 2440 1009 2522 urbes,
1027 2457 1082 2504 aut
1098 2438 1145 2502 vi-

82 2569 150 2626 tos,
167 2545 227 2608 sed
248 2569 403 2636 magnum
426 2562 459 2608 et
477 2545 616 2608 arduum
633 2545 748 2608 collenr
768 2543 915 2630 plurimis
931 2539 1092 2630 speluncis
1110 2539 1144 2601 in

82 2647 265 2731 aquilonem
294 2647 394 2710 versis
425 2669 522 2733 supra
547 2648 671 2734 Tagum
699 2645 895 2708 incolentem
925 2642 1063 2732 subegit.
1095 2640 1142 2704 lbi

82 2747 158 2810 «lum
181 2749 266 2810 circe
288 2749 487 2811 inaccessum
513 2748 627 2810 collem
649 2745 860 2833 obequitans,
883 2745 1035 2808 adversus
1057 2759 1144 2805 tutos

83 2849 152 2910 loco
181 2848 338 2912 barbaros
364 2849 477 2911 inanes
503 2847 606 2910 minas
633 2846 732 2926 jacit,
753 2861 796 2908 -et
822 2845 947 2932 pudore
972 2840 1143 2906 recedendi

84 2950 181 3012 multa
195 2951 297 3014 volvit
312 2950 439 3030 animo,
458 2949 593 3012 Caeciom
609 2945 836 3011 animadvertit
853 2947 886 3007 in
906 2943 1051 3020 adversas
1070 2963 1143 3027 spe-

84 3053 188 3114 luncas
205 3049 300 3132 llere,
317 3051 517 3136 edoctusque
533 3049 574 3112 ab
587 3049 723 3127 accolis,
738 3047 770 3111 id
784 3071 823 3108 eo
839 3063 984 3130 tempor-e
1000 3041 1076 3104 anni
1091 3063 1142 3103 so-

83 3150 172 3213 litum
194 3151 257 3214 illis
279 3150 467 3240 regionibus
489 3172 577 3230 esse,
598 3149 714 3212 milites
734 3146 880 3209 excidere
899 3143 1006 3232 glebas
1025 3165 1064 3205 ex
1080 3144 1142 3203 cir-

82 3253 239 3332 cumiecto
250 3275 344 3339 agro,
355 3269 388 3315 et
404 3266 516 3314 contra
533 3251 701 3338 speluncas
718 3261 921 3333 comportare
932 3243 964 3305 in
976 3265 1143 3332 aggerem,

80 3351 184 3434 prbet3
205 3352 347 3414 multum
363 3350 572 3414 irridentibus
585 3349 748 3412 montanis
763 3347 882 3410 insanae
900 3344 1076 3408 molitionis
1090 3367 1144 3407 va·

83 3454 230 3534 nitatem,
249 3451 340 3540 quod
353 3452 527 3538 putabant,
544 3450 586 3513 ad
601 3447 859 3540 oppugnandum
877 3447 1067 3510 altissimum
1084 3446 1145 3509 col·

83 3553 138 3616 lem
153 3553 186 3616 id
201 3555 388 3617 institutum
400 3554 572 3639 pertinere.
590 3552 679 3614 Inter
691 3551 760 3612 lraee
769 3547 929 3614 Sertorius
940 3547 1001 3610 sub
1014 3563 1142 3610 noctem

83 3678 152 3718 suos
163 3653 296 3718 reduxit
307 3655 341 3717 in
354 3671 467 3717 castra.

122 3756 207 3819 xlv.
231 3753 413 3834 Postridie,
432 3777 534 3840 quum
556 3751 633 3815 flare
648 3770 765 3816 ventus
783 3754 949 3838 coepisset,
967 3768 1052 3812 etex
1070 3771 1145 3812 con·

83 3873 161 3942 gesta
180 3857 285 3920 burno
304 3857 469 3944 pulverem
489 3855 521 3916 in
537 3855 637 3917 altum
655 3855 791 3934 ell'erre,
806 3851 961 3915 militibus
974 3849 1143 3920 immissis,

83 3957 233 4021 subruere
254 3981 293 4020 ex
316 3957 383 4018 irno
406 3955 576 4019 cumulum
597 3955 688 4018 illurn
707 3954 821 4034 jussit,
841 3969 1022 4036 terramque
1040 3949 1141 4011 levem

114 4153 201 4217 §ML
212 4155 266 4204 Lit-
280 4155 347 4219 Epit.
367 4181 402 4191 ——
419 4153 436 4217 S
453 4155 526 4202 1111.
539 4154 603 4202 rtur.
616 4153 642 4200 in
655 4155 746 4201 Sertor.
760 4169 813 4216 rap.
828 4151 869 4198 ab.
