2875 4900
319 386 374 455 ru
406 386 523 453 acc.
550 388 644 455 arn.
670 387 754 453 clv
787 388 994 455 arvum.
1110 386 1179 483 517

118 506 204 571 Olim
214 520 346 570 centum
360 528 459 594 pagos
471 506 591 570 habere
604 506 813 587 dicebantur3
827 528 867 571 ex
878 507 996 596 quibus
1005 510 1180 596 quotannis

117 608 245 696 singula
258 607 356 671 millia
367 656 376 688 ,
387 607 528 671 bellandi
539 630 652 689 causa,
663 608 729 673 suis
742 631 782 673 ex
794 608 912 673 finibus
925 609 1108 675 educerent.

159 711 233 773 XV.
260 709 344 773 Mari
368 709 506 773 Suevico
527 731 648 773 nomen
670 708 760 773 haud
783 707 882 773 dubie
904 710 944 773 ab
966 712 1081 775 accolis
1099 711 1181 791 iuit;

117 810 236 897 hicque
253 832 368 875 eorum
390 810 469 873 clim
494 810 663 873 terminus.
681 810 786 899 Igitur
807 810 848 873 ab
869 810 1010 875 Holsatia
1029 826 1062 873 et
1078 811 1180 891 Julia,

116 909 325 974 Cimbrorum
338 909 469 974 sedibus
479 958 489 992 ,
501 909 542 973 ed
553 911 760 974 Bohemicam
772 933 877 998 usque
889 912 1017 991 silvam,
1031 912 1181 977 Pomera-

117 1012 224 1093 niam,
247 1011 445 1093 marchiam,
464 1011 635 1075 Saxoniam
660 1012 724 1075 late
749 1012 972 1099 repleverunt3
991 1034 1066 1077 mox
1084 1012 1180 1075 etiam

116 1112 156 1177 ad
172 1111 360 1177 Danubium
377 1127 411 1177 et
428 1112 560 1177 Rhaetire
577 1127 702 1200 partem
725 1114 934 1201 transgressi,
952 1112 1093 1193 Sueviae,
1110 1134 1182 1200 quoe

116 1237 206 1279 nunc
235 1229 308 1294 est,
337 1213 587 1301 appellationem
617 1212 822 1299 cultoresque
854 1211 1024 1277 dederunt.
1057 1212 1120 1277 Sed
1149 1230 1182 1279 et

114 1315 278 1404 praecipua
298 1314 442 1379 Saxoniae
457 1313 610 1379 nobilitas
630 1314 765 1377 suevicae
786 1329 835 1377 est
857 1313 1001 1402 originis.
1021 1314 1180 1379 Ceterum

114 1417 200 1481 inter
220 1414 365 1493 suevicas
388 1431 499 1504 gentes
518 1413 711 1479 nobilissimi
728 1413 805 1477 olim
832 1414 1011 1479 Semnones
1030 1414 1182 1495 fuerunt,

115 1518 281 1583 husatiam
299 1532 332 1579 et
347 1516 499 1582 Marchiae
517 1531 662 1604 partem,
677 1513 719 1577 ad
737 1514 833 1578 Suevi
849 1512 991 1579 fluminis
1010 1531 1182 1602 utramque

114 1618 221 1706 ripam
235 1618 428 1683 habitantes.
437 1617 652 1706 Heccopiosa
666 1638 746 1705 gens
762 1615 844 1696 iuit3
861 1614 1103 1703 Longobardica
1115 1616 1181 1679 vir·

115 1734 207 1799 tute,
223 1740 322 1805 quam
345 1740 503 1800 numero,
523 1718 642 1806 potior,
666 1716 711 1781 cis
727 1716 835 1781 Albim
854 1716 888 1779 in
909 1738 988 1805 agro
1008 1716 1180 1781 Lunehur·

114 1819 229 1907 gensi,
248 1819 415 1906 reliquisse
429 1818 572 1883 nominis
586 1817 780 1905 aediumque
795 1838 936 1913 suarum*
942 1817 1131 1881 memoriam
1147 1819 1180 1883 in

114 1920 239 2008 oppido
261 1919 466 2010 Bardunvigo
481 1919 642 2003 creditur,
661 1916 751 2007 quod
767 1918 943 1998 Hemicus,
961 1936 1180 2007 cognomento

114 2020 201 2101 Leo,
219 2019 348 2085 delevit.

159 2121 249 2186 XVI.
266 2122 345 2185 Post
358 2121 418 2185 bos
430 2118 610 2209 Reudigni,
627 2136 660 2183 et
668 2122 825 2201 Aviones,
839 2136 872 2183 et
882 2120 995 2208 Angli,
1009 2136 1042 2185 et
1051 2120 1178 2202 Varini,

114 2220 350 2310 Eudosesque,
366 2236 398 2285 et
415 2244 491 2305 cum
507 2220 730 2285 Suanlonibus
746 2222 929 2287 Nuithones
951 2246 969 2285 a
984 2222 1095 2286 Tacito
1111 2244 1180 2285 me-

115 2339 308 2387 morantur:
326 2346 468 2410 quorum
486 2321 674 2411 Reudignos
690 2340 724 2386 et
738 2323 879 2388 Aviones
897 2323 930 2385 in
949 2322 1126 2410 aquilonari
1148 2338 1182 2387 et

115 2423 276 2488 maritima
289 2423 434 2488 Saxonite
445 2424 538 2514 plaga
551 2423 686 2488 collocet
698 2422 840 2488 Andreas
850 2416 1072 2506 Althamerus',
1087 2424 1181 2504 cujus
1257 2442 1258 2445 ’

114 2525 317 2614 diligentiam
338 2541 407 2590 tota
428 2525 490 2590 hac
512 2525 729 2615 descriptione
744 2525 922 2614 plurimum
942 2549 1062 2614 sequor
1080 2526 1180 2614 (ctu-

112 2627 241 2690 verium
255 2627 362 2709 enim,
376 2628 434 2715 qui
447 2628 516 2690 haec
529 2626 749 2714 copiosissime
762 2643 809 2690 est
822 2641 1032 2713 exsequutus,
1046 2626 1179 2714 adipisci

113 2749 185 2792 non
200 2727 329 2813 licuit),
342 2728 401 2792 ubi
417 2750 506 2792 nunc
520 2726 817 2815 Megaloburgensis
830 2726 966 2790 ducatus
983 2727 1179 2790 nominatur.

112 2827 297 2916 Anglorum
319 2843 429 2891 autem
448 2843 589 2892 veterem
610 2826 842 2890 habitationem
865 2828 948 2890 inter
970 2829 1109 2891 Saxones
1122 2827 1179 2890 Vi·

112 2943 288 3015 tarumque
310 2941 440 3017 gentem
463 2928 580 3008 fuisse,
603 2926 689 2992 Reda
710 2925 862 3006 tradidit,
882 2925 958 2990 inde
978 2928 1129 3016 migrasse
1145 2927 1179 2990 in

111 3027 328 3092 Britanniam(
347 3026 411 3094 Sed
435 3027 495 3092 bos
517 3028 623 3117 arguit
642 3029 742 3093 Vecta
762 3027 886 3107 insula,
910 3028 963 3090 cui
985 3028 1179 3094 vocabulum

111 3127 181 3192 boc
194 3128 383 3217 impositum
399 3143 447 3194 est
462 3129 503 3193 ab
518 3129 569 3193 his
585 3129 710 3194 incolis.

157 3229 265 3294 XVII.
287 3230 352 3294 Pro
367 3230 449 3294 Vitis
464 3230 516 3294 alii
531 3230 702 3317 scriptores
714 3231 805 3294 lutas
825 3245 974 3318 ponunt,
997 3231 1106 3294 notius
1123 3254 1181 3296 no·

112 3353 204 3395 men.
223 3329 364 3414 Quidam
377 3346 512 3419 putant,
528 3331 688 3396 habitasse
709 3332 828 3420 Anglos
848 3329 890 3394 ad
907 3353 994 3394 mare
1013 3331 1181 3396 Germani·

111 3453 192 3496 carm
206 3448 239 3497 et
252 3431 359 3496 Albim
370 3430 505 3497 fluvium
516 3455 569 3496 eas
580 3448 704 3521 partes,
719 3455 799 3520 quas
809 3432 907 3498 hodie
919 3433 1182 3523 Luneburgensis

109 3549 212 3622 atque
230 3533 477 3598 llruncvicensis
490 3531 629 3598 ditiones
644 3549 815 3620 occupant.
835 3533 994 3596 Caeterum
1011 3533 1180 3622 peninsula

110 3635 202 3698 inter
225 3634 323 3698 Sliam
349 3649 382 3698 et
402 3634 640 3724 Flenshurgum
664 3634 798 3700 Balthici
822 3634 917 3698 maris
942 3635 1051 3714 sinus,
1071 3635 1179 3699 incor-

111 3749 212 3824 rupta
232 3733 340 3800 adlruc
358 3735 590 3824 appellatione,
605 3736 721 3799 veteris
739 3736 861 3825 Anglioe
886 3737 984 3800 situm
1008 3757 1179 3799 common·

112 3852 207 3901 strat.
231 3836 379 3917 Ceteris,
402 3858 486 3924 quos
508 3837 777 3918 memoravimus,
794 3859 853 3924 per
876 3835 1058 3900 Germanici
1083 3835 1178 3898 maris

110 3937 210 4002 litora
231 3959 343 4001 versus
362 3937 542 4018 orientem,
558 3959 577 4001 a
592 3937 783 4002 Pomerania
802 3937 834 4000 in
858 3938 1035 4016 Prussiam,
1063 3961 1080 4000 a
1099 3957 1179 4028 con·

150 4103 255 4167 μιν,
267 4105 370 4153 cars
382 4105 486 4153 unsa.
499 4107 544 4160 iv,
563 4121 583 4151 t.
