2875 4900
244 363 315 459 698
424 333 855 444 io.r1tu1ususnr1
884 371 1130 440 subruens.

235 519 256 558 ,ι
268 503 334 554 rata
351 491 494 572 fecicum,
512 506 545 555 et
561 490 651 579 quod
668 515 722 556 me
740 494 849 582 potius
866 493 1062 580 imperatore
1076 493 1187 556 ferunt
1201 515 1310 569 uma,

242 593 404 656 «fortunae
415 613 481 656 suar
494 593 706 681 gratulantur.
721 595 789 660 Vos
800 615 954 682 quoque,
972 594 1000 657 si
1012 593 1081 657 aliis
1097 593 1160 657 sub
1173 591 1312 658 ducibus

243 725 256 748 ι
268 709 428 758 merentes
448 693 482 756 in
503 717 610 758 meam
627 696 795 760 venissetis
814 709 1026 782 potestatem,
1045 693 1134 758 idem
1155 695 1310 758 hoeretis.

243 794 363 858 «Nunc
389 795 532 860 secunda
558 811 707 878 tautum,
731 796 935 885 imperatoris
959 797 1055 860 vestri
1078 797 1220 876 virtute,
1242 818 1311 858 non

242 913 370 960 «vestra
389 896 457 984 (ne
472 896 606 983 erretis)
629 897 771 984 experti,
790 919 899 984 neque
918 897 973 962 cui
995 896 1160 978 militetis,
1180 918 1311 983 neque,

242 998 400 1084 «quivos
420 997 485 1086 ipsi
503 997 589 1079 sitis,
610 996 794 1087 agnoscitis.
821 998 935 1086 Agite,
957 995 986 1060 si
1007 997 1130 1085 placet,
1153 1011 1187 1059 et
1200 997 1253 1060 rel
1269 995 1312 1059 ad

239 1096 456 1184 «Pompeium
474 1095 627 1162 transite:
642 1097 754 1186 ecquis
773 1113 919 1163 vestrum
940 1113 1006 1162 tam
1021 1113 1071 1162 est
1084 1119 1254 1186 arrogans,
1272 1115 1313 1161 ut

240 1219 332 1262 «non
352 1199 462 1262 multis
483 1196 589 1262 modis
607 1200 647 1264 Τ.
668 1199 812 1264 Labieno
831 1221 866 1264 se
886 1199 1027 1264 fateatur
1039 1199 1226 1263 inferiorem
1239 1197 1255 1262 ?
1269 1201 1313 1263 At

239 1329 252 1354 ι
262 1298 315 1362 ille
328 1299 408 1362 meis
424 1298 576 1387 auspiciis
590 1299 716 1389 ubique
731 1298 940 1389 magnificus,
956 1300 1080 1389 ubique
1092 1301 1214 1380 victor,
1232 1323 1310 1364 cum

240 1400 456 1486 :imperatore
484 1401 621 1466 mutavit
643 1402 832 1483 fortunam,
851 1417 904 1483 et,
928 1401 1021 1489 quasi
1046 1417 1181 1489 repente
1205 1401 1311 1465 facurs

238 1515 345 1562 «esset
357 1499 455 1582 alius,
473 1501 605 1591 ignarus
619 1519 714 1568 antea
730 1502 856 1568 timoris
874 1518 908 1567 et
924 1503 1026 1591 fugae,
1042 1525 1132 1566 nunc
1147 1523 1310 1590 nusquam

237 1631 250 1656 ι
261 1599 408 1666 locorum
427 1601 527 1667 audet
548 1604 736 1670 consistere.
757 1606 825 1686 lte,
841 1605 904 1687 ite,
920 1620 953 1668 et
970 1604 1035 1669 hoc
1053 1603 1240 1691 exemplum
1257 1625 1310 1667 se·

238 1731 252 1757 «ι
263 1702 423 1788 quimini,
440 1704 572 1791 quando
586 1727 645 1770 vos
659 1705 821 1770 felicitatis
833 1720 947 1770 vestrae
961 1706 1060 1795 piget.

282 1803 379 1868 XLV.
401 1805 596 1894 «Stipendia
619 1807 713 1872 vobis
736 1806 827 1886 justo
847 1824 996 1895 tempore
1016 1805 1157 1887 dantur,
1177 1828 1309 1869 annona

236 1933 249 1958 ι
259 1925 429 1992 nunquam
446 1905 566 1989 defuit,
587 1907 670 1973 nihil
691 1929 798 1996 operas
817 1909 929 1990 vobis,
946 1908 1029 1972 nihil
1043 1908 1180 1996 periculi
1195 1907 1308 1986 injun-

237 2020 350 2070 ·ctuur
375 2023 445 2092 est,
466 2007 558 2087 cujus
585 2031 643 2074 vos
671 2010 829 2096 poenitere
855 2007 982 2073 debeat.
1009 2008 1133 2088 Maiore
1158 2005 1307 2087 sudoris,

236 2129 357 2194 ·quam
375 2109 541 2198 sanguinis
558 2111 721 2200 impensa,
739 2131 793 2174 res
811 2109 962 2173 omnium
975 2107 1243 2196 pretiosissimas,
1256 2128 1306 2170 se-

236 2209 452 2291 ·curitatem,
477 2211 634 2300 gloriam,
655 2210 825 2276 victoriam
844 2210 1063 2299 quesivistis:
1089 2231 1199 2298 neque
1219 2208 1305 2273 done

234 2309 348 2372 «vobis
373 2326 470 2398 atque
490 2311 620 2400 praemis
645 2311 841 2396 defuerunt,
866 2335 940 2401 quse
957 2333 1086 2400 semper
1100 2311 1188 2401 larga
1205 2333 1304 2374 mauu

234 2407 428 2493 -disuibui,
446 2411 481 2477 in
502 2413 606 2502 poenis
625 2413 771 2502 parcior,
796 2429 1001 2509 nec'temere
1022 2413 1105 2477 ultra
1124 2412 1302 2476 verborum

236 2542 249 2567 ι
258 2512 499 2601 castigationem
511 2536 713 2604 progressus.
724 2518 768 2581 At
776 2538 883 2593 nuuc,
895 2531 935 2579 ut
946 2515 1109 2595 sentiatis,
1121 2536 1220 2602 quem
1231 2536 1306 2602 pro·

234 2642 248 2668 ι
258 2613 466 2697 vocaveritis,
487 2631 722 2702 utquevestrae
737 2613 841 2706 poenae
855 2615 1040 2704 exeruplum
1056 2637 1076 2678 a
1095 2613 1164 2704 pari
1179 2613 1301 2677 insania

235 2744 248 2769 ι
259 2736 410 2779 romanos
426 2716 584 2781 exercitus
600 2718 793 2801 absterreat,
812 2740 939 2781 morem
955 2716 1133 2797 majorum,
1145 2730 1179 2779 et
1193 2714 1303 2778 cluis·

233 2816 413 2881 -simorum
430 2816 553 2883 ducum
572 2819 719 2883 instituta
741 2834 919 2907 sequutus,
939 2817 1103 2905 legionem
1122 2814 1299 2882 decimabo.

233 2916 338 2983 usaue
358 2917 457 2980 amari
480 2940 610 3007 semper
628 2942 646 2983 a
663 2919 819 2984 militibus
833 2919 935 3000 meis,
953 2940 1051 3005 quam
1067 2918 1175 2982 timeri
1191 2916 1300 2980 malui.

233 3015 320 3080 «sed
340 3018 495 3104 quoniam
517 3020 675 3101 alterum,
694 3043 798 3107 quum
819 3036 971 3109 praestare
995 3018 1173 3100 deberetis,
1194 3018 1303 3083 omisi·

232 3117 331 3198 astis3
347 3118 503 3201 alterum,
518 3119 609 3207 quod
621 3121 772 3185 effecistis
789 3121 1023 3202 necessarium,
1039 3119 1184 3184 subite.»

277 3220 391 3283 XLVI.
413 3221 525 3304 Quum
542 3221 627 3287 hanc
644 3220 685 3286 ad
705 3244 820 3287 vocem
841 3238 913 3286 orta
931 3220 1073 3286 militurn
1090 3218 1302 3308 comploratio

234 3334 333 3396 esset,
351 3320 476 3385 tribuni
493 3320 784 3411 centurionesque,
798 3321 1055 3410 exquisitissimis
1067 3320 1218 3408 precibus
1230 3319 1301 3406 pls·

231 3442 304 3485 cere
320 3422 450 3487 Cesaris
472 3424 552 3487 iram
572 3424 650 3506 nisi,
665 3425 718 3487 vix
733 3423 866 3489 tandem
880 3423 1079 3497 effecerunt,
1095 3436 1134 3483 ut
1145 3418 1230 3484 flecti
1244 3419 1294 3481 vi·

231 3520 373 3587 deretur.
386 3523 492 3611 Igitur
505 3542 673 3613 resumpto
689 3547 856 3606 sermone,
869 3555 882 3581 ι
895 3523 986 3589 Nihil
997 3521 1129 3611 quidem
1143 3520 1295 3600 concedi,

229 3623 314 3705 «ait,
338 3621 528 3711 oportebat,
552 3624 596 3687 ita
623 3626 766 3707 meritis3
788 3625 846 3691 sed
870 3642 979 3690 umen
1005 3639 1180 3689 contentus
1201 3643 1296 3711 poena

231 3748 450 3814 «paucorum,
467 3722 552 3789 dsbo
575 3726 777 3791 multitudini
792 3727 987 3816 poenitentioe
1005 3726 1125 3790 locum.
1149 3724 1216 3788 Vos
1234 3745 1296 3786 au·

230 3858 243 3881 ·
253 3844 339 3908 tem,
354 3826 474 3915 quibus
487 3826 556 3890 baec
569 3828 662 3891 venia
679 3828 890 3912 conceditur,
906 3826 987 3915 quid
999 3842 1107 3891 actum
1120 3825 1164 3889 sit
1176 3822 1292 3903 hodic,

229 3945 285 3994 «et
304 3951 368 4017 qua
389 3950 446 4016 spe
467 3944 629 4017 pactoque
646 3928 875 4013 dimittamini,
896 3930 1067 4020 diligenter
1086 3939 1295 3991 mementote.

265 4120 282 4185 S
298 4124 375 4173 xiv.
389 4124 496 4189 Appiae.
509 4152 543 4163 -
554 4128 645 4175 bucer.
659 4125 721 4175 ibid.
