2875 4900
266 370 337 456 460
441 371 509 438 Jo.
536 368 882 439 sanissimum
911 320 1163 435 surrenti.

264 506 344 553 tone
367 508 472 577 nuper
493 488 619 569 iuerat,
642 486 778 552 obtenta
795 501 872 577 toga
888 486 1045 575 pervicit,
1062 502 1101 551 ut
1113 488 1221 569 jacere
1236 508 1337 551 cessa-

263 604 356 670 rent,
374 592 601 677 Catonemque
621 610 733 653 secum
755 589 791 652 in
810 588 915 654 uidem
939 588 1082 652 Castoris
1106 588 1252 653 abduxit.
1268 587 1337 653 Me·

245 690 376 779 rullus,
392 692 507 756 vicisse
522 706 631 771 ratus,
649 705 682 754 et
698 691 804 779 legem
822 691 893 755 sine
914 688 1153 777 impedimento
1173 690 1337 777 perferen·

263 791 355 875 dam,
382 792 548 857 discedere
573 792 668 873 jussit
695 809 855 874 armatos,
877 792 1065 879 iterumque
1089 792 1187 879 coepit
1205 792 1337 857 civiliter

259 914 338 957 cum
361 894 485 983 populo
505 914 610 983 agere.
630 891 693 956 Sed
708 892 902 975 adversarii,
925 893 1036 957 subito
1055 894 1244 975 recollecti,
1264 916 1337 958 cunr

263 1016 383 1085 magno
409 996 574 1085 plenoque
597 993 724 1059 fiducie
747 996 890 1060 clamore
918 994 1109 1076 affueruut5
1132 995 1337 1086 vicissimque

261 1094 384 1161 Metelli
401 1118 518 1185 opera,
536 1097 647 1161 venire
662 1096 736 1162 illos
752 1098 888 1187 arreptis
902 1095 1035 1162 aliunde
1047 1098 1247 1179 urminati,
1264 1098 1336 1189 luga

260 1196 366 1278 facta,
392 1214 527 1263 vacuam
554 1196 596 1263 ad
623 1200 739 1263 Rostra
769 1200 856 1263 viam
881 1199 1096 1286 reliquerunt.
1126 1199 1235 1288 Igitur
1260 1202 1337 1267 Cato

259 1299 422 1387 populum
436 1298 588 1365 docendo
607 1298 900 1388 confirmandoque
915 1324 1008 1365 suam
1021 1300 1056 1364 in
1071 1302 1268 1365 sententiam
1282 1302 1336 1368 ad·

248 1396 371 1482 'duxit3
386 1400 484 1463 simul
497 1400 627 1482 Patres,
643 1423 720 1465 eum
732 1402 777 1465 ob
792 1402 972 1465 tumultum
989 1398 1100 1465 subito
1110 1402 1236 1483 vocati,
1252 1424 1335 1467 rem·

257 1499 423 1589 publicam
437 1502 628 1567 consulibus
641 1502 799 1569 tuendam
813 1504 1051 1594 permiserunt,
1068 1502 1202 1585 addito,
1219 1520 1258 1569 ut
1268 1528 1334 1569 ont·

257 1624 311 1666 nes
319 1650 329 1681 ‚
345 1608 402 1692 qui
413 1602 535 1669 salvam
549 1603 687 1684 uellent,
699 1603 887 1695 pestfiram
903 1604 1002 1695 legem
1013 1610 1217 1694 oppugnanti
1228 1605 1338 1672 Catoni

256 1706 412 1772 adessent.
712 1738 714 1741 ·

301 1808 392 1874 XIX.
416 1810 504 1900 Ergo
519 1810 691 1891 Metellus,
708 1830 897 1897 quanquam
917 1810 1028 1899 ipsum
1042 1808 1177 1875 audacia
1191 1832 1262 1874 non
1281 1810 1333 1876 de·

257 1925 421 1992 seruerat,
440 1913 506 1975 suis
525 1912 723 2001 perterritis,
744 1911 903 1999 imparem
919 1933 953 1977 se
973 1912 1107 1977 factiom
1128 1912 1333 2001 optimatium

253 2010 389 2096 ridens,
408 2013 555 2078 celeriter
578 2028 757 2078 convocata
779 2014 959 2096 concione,
983 2015 1095 2079 multis
1114 2015 1266 2079 invectus
1288 2032 1333 2079 est

256 2112 291 2176 in
314 2116 496 2197 Catonem,
523 2116 648 2206 ejusque
673 2139 706 2180 se
730 2116 951 2201 tytunnt'dcm,
977 2130 1009 2180 et
1023 2118 1203 2206 principum
1224 2134 1333 2180 connu

255 2212 441 2305 Pompeium
461 2216 712 2307 conjurationem
732 2220 752 2300 (
758 2217 846 2308 cujus
850 2216 1008 2307 futurum
1031 2220 1093 2299 sit,
1119 2232 1157 2283 ut
1180 2220 1266 2283 brevi
1285 2240 1333 2284 eos

249 2321 409 2405 poent'teat
408 2322 428 2405 )
425 2318 548 2407 sugere
561 2318 656 2403 dixin
672 2318 847 2408 statimque
856 2319 1027 2385 coritendit
1038 2320 1073 2385 iu
1086 2321 1214 2402 Asiam,
1229 2344 1331 2409 quum

255 2418 407 2485 tribunus
425 2420 529 2510 plebis
546 2438 649 2504 esset,
666 2421 788 2510 quibus
805 2420 996 2509 nequidem
1013 2421 1188 2486 abnoctare
1202 2422 1328 2488 licebat

142 2533 147 2538 ’
253 2517 412 2602 Senatus,
433 2523 661 2588 molestissimo
679 2523 870 2606 tribunatu,
894 2523 1027 2588 Catonis
1047 2545 1146 2614 opera
1164 2539 1197 2588 et
1212 2524 1330 2590 virtute

252 2643 409 2704 excusso,
426 2623 594 2688 decretum
611 2641 725 2688 contra
742 2626 911 2690 Metellum
925 2640 959 2688 et
975 2626 1133 2689 Caesarem
1149 2624 1245 2708 iecit,
1264 2647 1330 2714 quo

252 2723 293 2788 ab
315 2724 596 2790 administratione
615 2726 802 2815 reipublicae
820 2725 918 2791 ambo
939 2724 1203 2790 removebantur.
1224 2727 1330 2790 Ctesar

251 2827 358 2915 primo
375 2826 545 2908 resistens,
561 2826 699 2909 deinde,
712 2846 887 2918 postquam
900 2828 962 2892 sibi
973 2829 1039 2891 vim
1054 2843 1198 2915 paratam
1212 2829 1328 2909 sensit,

250 2927 340 2994 dorni
355 2953 389 2994 se
405 2929 586 3007 continuit,
604 2931 800 3018 plebemque
817 2929 921 2994 biduo
933 2945 1008 3018 post
1024 2944 1141 3016 sponte
1156 2927 1328 2994 confluen-

250 3045 339 3113 tem,
367 3032 654 3120 operamque·sibi
679 3032 713 3095 in
740 3030 912 3096 asserenda
939 3030 1097 3120 dignitate
1120 3029 1326 3120 pollicentem

251 3135 462 3220 compescuit.

293 3235 368 3300 XX.
393 3237 465 3299 Hoc
480 3236 567 3300 facto
586 3251 653 3300 tam
671 3236 852 3324 propitium
871 3234 934 3298 sibi
954 3249 1105 3298 senatum
1122 3233 1254 3315 effecit,
1270 3233 1325 3321 qui

247 3334 289 3400 ad
306 3329 485 3400 tumultum
507 3337 732 3401 concurrentis
752 3335 867 3424 populi
892 3335 1038 3399 celeriter
1050 3350 1271 3416 convenerat,
1288 3349 1326 3398 ut

249 3437 365 3528 gratias
389 3439 418 3500 ei
439 3459 498 3526 per
518 3439 690 3526 primarios
710 3451 838 3527 ageret,
860 3441 1067 3523 accitumque
1082 3436 1117 3498 in
1133 3435 1279 3516 curiam,
1293 3449 1324 3498 et

250 3537 444 3627 gravissimis
459 3537 567 3602 verbis
583 3537 821 3620 collaudatum,
839 3538 976 3603 inducto
996 3538 1104 3627 priore
1120 3536 1271 3620 decreto,
1288 3537 1321 3599 iu

246 3639 411 3726 integrum
435 3639 632 3704 restitueret.
658 3639 780 3704 Fudem
806 3641 922 3704 lenitas
949 3661 1025 3728 erga
1042 3638 1215 3703 Metellum
1231 3638 1321 3702 adbi-

246 3741 330 3821 bita,
347 3761 415 3802 non
431 3753 496 3802 tam
513 3757 630 3826 sponte
647 3757 797 3825 senatus,
813 3763 913 3830 quam
928 3741 1060 3806 Catonis
1077 3741 1249 3829 precibus,
1264 3737 1320 3827 qui

247 3865 308 3906 nec
321 3841 479 3906 insultare
497 3840 583 3905 ricto
599 3836 732 3905 inimico
750 3843 921 3930 cupiebat,
937 3865 1000 3906 nec
1009 3843 1090 3906 utile
1104 3841 1239 3931 putabat
1250 3839 1320 3903 irri-

245 3962 313 4011 tare
327 3945 532 4034 Pompeium.
553 3945 594 4008 Et
608 3945 780 4028 Metellus,
793 3947 833 4010 iis
848 3948 948 4012 rebus
964 3946 1099 4027 auditis,
1114 3945 1229 4011 eadem
1242 3941 1319 4008 levi·

277 4139 294 4205 ς
308 4143 404 4190 xvttt.
415 4140 472 4207 bio.
485 4169 519 4180 -
533 4141 598 4191 Plus.
611 4170 646 4180 -
662 4139 678 4208 s
692 4139 770 4192 xlx.
782 4141 840 4191 Dio.
853 4169 889 4180 -
902 4141 966 4193 rtur.
977 4169 1011 4181 -
1020 4141 1122 4190 Sueten
