2875 4900
225 384 278 453 IN
307 386 423 453 LOC.
454 386 548 453 LIB.
575 386 779 454 LXXXIX
811 386 1024 457 lelANl.
1092 390 1160 461 205

99 520 148 566 aa
166 504 299 587 faciam,
323 505 520 593 quantisque
538 505 676 594 dignum
698 504 882 569 honoribus
896 505 1060 585 judicem:
1082 512 1162 598 quid

98 606 199 669 «enim
213 622 279 689 est,
293 606 384 694 quod
397 629 465 669 non
479 607 584 671 virtus
598 608 652 671 illa
665 622 742 687 tua,
756 607 870 694 reique
883 608 1021 695 publicae
1034 627 1067 673 et
1080 612 1162 677 mibi

98 708 252 793 ·prmstita
271 707 456 774 fidelissima
478 724 578 796 atque
600 708 776 782 fortissima
796 722 898 795 opera
917 713 1102 776 mereatur?
1118 715 1162 779 Et

97 828 191 897 «ego,
204 809 233 873 si
243 832 358 874 verum
374 832 481 891 amas,
497 831 566 873 non
579 810 709 897 parcior
719 810 755 871 in
768 809 960 874 honoranda
972 813 1092 878 virtute
1106 833 1161 881 tua

97 910 176 991 «liri,
194 935 295 999 pum
310 928 348 976 tu
362 913 398 976 in
415 910 604 1000 explicanda
620 910 786 976 exstitisti:
803 910 860 975 sed
876 935 984 1000 neque
999 916 1034 977 in
1051 933 1160 1004 poste·

97 1033 184 1075 «rum
199 1013 383 1101 quidquam
403 1014 464 1078 tibi
486 1029 663 1102 negaturus
681 1035 777 1093 sum,
794 1013 884 1101 quod
901 1014 972 1079 lieri
987 1018 1107 1103 possit,
1126 1036 1160 1085 et

96 1110 254 1178 ·iustituta
281 1115 418 1179 civitatis
441 1131 561 1185 uostrae
581 1114 757 1203 patiantur.
777 1114 900 1179 Verum
924 1116 1090 1183 enimvero
1115 1122 1161 1187 ita

95 1231 333 1301 «comparatum
349 1239 420 1283 esse
433 1216 538 1297 nosti,
553 1232 593 1279 ut
605 1238 698 1280 more
713 1214 874 1296 majorum
891 1217 945 1282 hic
960 1219 1069 1285 honor
1084 1244 1160 1287 con·

96 1312 242 1379 ¹cedatur
265 1318 410 1395 nemim,
426 1318 489 1381 nisi
508 1318 567 1405 qui
582 1316 746 1381 considari
769 1332 825 1381 aut
844 1320 996 1405 praetorio
1022 1322 1159 1411 imperio

93 1415 261 1500 «poeditus
277 1441 329 1483 res
346 1420 491 1509 gesserit.
508 1420 558 1484 Ita
573 1420 610 1483 P.
626 1418 798 1483 Cornelius
813 1418 978 1507 aliquanto
994 1425 1159 1512 ampliori·

93 1514 169 1581 «bus
180 1518 215 1581 in
232 1521 389 1608 Hispania
405 1521 501 1609 gestis
517 1520 637 1601 rebus,
653 1520 698 1583 ita
713 1519 760 1583 M.
775 1518 928 1586 Claudius
947 1524 1047 1610 captis
1063 1527 1158 1615 Syra·

92 1619 209 1701 «cusis,
226 1622 398 1709 triumpho
413 1638 600 1687 cantarunt.
807 1652 811 1661 ·

130 1720 283 1787 XXVlll.
298 1724 398 1787 «Non
417 1723 516 1789 debes
527 1722 737 1813 indignanter
753 1722 837 1810 pati,
855 1725 883 1787 si
896 1724 1101 1813 Scipionibus
1123 1748 1156 1797 et

93 1820 265 1898 «Marcellis
279 1826 416 1911 aequeris
427 1823 616 1889 adolescens
628 1822 779 1889 nondum
793 1838 885 1887 aetate
897 1826 1066 1891 senatoria.
1080 1829 1157 1895 Plus

93 1940 157 1987 ·est
169 1927 329 1991 meruisse
342 1926 567 2015 triumphum,
585 1947 685 2012 quam
700 1924 851 2007 duxisse;
866 1941 899 1989 et
912 1922 939 1989 si
955 1926 1037 2013 quid
1047 1928 1082 1991 in
1096 1930 1158 1995 hac

92 2046 224 2114 «pompa
243 2028 406 2093 felicitatis
427 2028 533 2091 inesse
551 2026 733 2107 arbitraris,
751 2048 819 2090 non
835 2025 986 2114 adempta
1002 2028 1081 2111 tibi,
1099 2032 1157 2095 sed

93 2125 149 2189 -ad
162 2144 309 2194 maturos
325 2129 488 2210 honores,
507 2151 649 2217 quorum
668 2128 806 2193 certiora
824 2128 959 2218 pignora
978 2150 1076 2195 nemo
1091 2154 1155 2197 un·

92 2250 203 2313 *quam
214 2231 352 2312 habuit,
371 2232 510 2320 seposita
526 2246 584 2296 est.
605 2229 695 2313 Quid
711 2246 744 2294 te
760 2229 897 2295 delectat
908 2252 1068 2319 occupare
1079 2256 1156 2298 cum

92 2327 243 2414 «invidia,
264 2333 357 2421 qnod
371 2334 471 2422 paulo
482 2347 561 2421 post
577 2333 857 2395 ultro-venturum
878 2348 927 2395 est
941 2354 1016 2396 cum
1031 2334 1156 2423 gloria?

92 2430 324 2522 «Quanquam,
338 2435 365 2500 si
384 2452 416 2498 te
431 2431 662 2500 tantummodo
680 2432 888 2498 sermonibus
902 2432 1075 2528 hominum
1094 2436 1159 2501 ob·‘

90 2531 255 2617 «jactares,
272 2535 419 2600 fortassis
432 2558 494 2624 ego
506 2551 651 2624 patorem
666 2551 700 2599 et
713 2535 773 2597 tibi
789 2533 902 2600 eadem
915 2551 1010 2616 aetas,
1028 2559 1100 2624 quae
1113 2539 1155 2603 ad
1264 2617 1270 2626 ¹

92 2636 345 2701 «commovenda
351 2636 474 2717 judicia
482 2637 559 2702 facit
569 2637 735 2718 animum,
750 2636 846 2700 etiam
858 2636 900 2700 ad
909 2636 1042 2702 serenda
1052 2638 1154 2704 daret.

91 2734 168 2802 ‘Sed
185 2739 262 2827 quia
284 2739 367 2803 mihi
383 2761 480 2802 nemo
494 2739 656 2827 ignoscet,
673 2737 766 2816 cujus
782 2737 823 2800 ab
840 2737 934 2802 annis
949 2755 981 2802 et
996 2754 1156 2825 potestate

91 2839 224 2922 ·publici
245 2839 375 2905 decoris
396 2839 531 2904 scientia
553 2838 652 2903 simul
673 2853 771 2925 atque
790 2837 937 2902 custodia
951 2839 1154 2924 postulatur,

92 2955 142 3002 *ut
156 2942 205 3006 rel
220 2964 297 3006 mea
310 2963 405 3004 causa
422 2939 579 3021 desistas,
597 2955 687 3028 peto.
709 2937 809 3020 Quod
822 2938 850 3001 si
865 2953 902 3001 tu
916 2937 979 3000 mei
992 2937 1163 3002 rationem

92 3037 221 3105 «babere
237 3042 369 3123 renuis,
389 3057 423 3105 et
438 3063 509 3104 rem
525 3041 658 3129 utrique
677 3038 870 3103 invidiosam
891 3061 1025 3126 poscere
1044 3061 1155 3126 perse·

92 3163 236 3226 «verans,
259 3144 346 3210 salva
366 3143 506 3208 amicitia
526 3158 637 3208 nostra
661 3141 725 3204 hoc
746 3139 851 3204 facere
872 3161 967 3227 posse
985 3139 1156 3224 emimus,

94 3245 184 3308 «mihi
205 3268 342 3334 quoque
361 3244 567 3310 tantumdem
584 3244 667 3326 juris
687 3263 871 3323 assumam,
891 3258 924 3305 et
948 3241 1038 3329 quod
1054 3244 1157 3308 ambi·

93 3343 192 3410 mione
203 3371 242 3410 ac
253 3346 432 3436 cupiditate
445 3345 599 3409 inductus
610 3360 735 3431 captas,
748 3343 939 3408 auctoritate
953 3359 988 3408 et
995 3343 1068 3423 jure
1079 3368 1153 3433 pro·

33 3498 34 3501 ,
94 3444 236 3514 «sibeno.
249 3482 263 3506 »

130 3551 248 3614 XXlX.
272 3549 358 3613 Vera
383 3563 494 3628 erant,
518 3571 591 3635 quae
614 3547 856 3636 allegabantur3
878 3543 935 3610 sed
957 3545 1154 3636 intelligebat

93 3645 288 3731 adolescens,
302 3653 422 3715 frustra
437 3650 508 3713 baec
520 3649 562 3712 ab
578 3669 619 3711 eo
636 3648 765 3730 afferri,
780 3649 836 3735 qui
847 3647 921 3726 jura
932 3648 1068 3712 cirinus
1081 3673 1155 3714 orn·

95 3749 139 3812 nia
153 3754 242 3840 prior
256 3752 498 3816 conculcasset:
518 3748 594 3813 ideo
616 3771 658 3812 ne
674 3749 817 3813 Lucretii
832 3749 965 3836 quidem
985 3771 1061 3812 casu
1079 3771 1154 3834 per·

95 3855 213 3920 territus
225 3855 345 3920 institit
357 3870 446 3920 tanta
460 3851 596 3934 fiducia,
614 3869 653 3916 ut
671 3854 768 3916 etiarn
776 3849 885 3940 plures
900 3850 1035 3914 adorare
1053 3847 1156 3914 Solem

95 3953 249 4034 orientem,
274 3977 373 4042 quam
396 3954 603 4034 occidentem,
635 3952 767 4018 diceret.
809 3953 889 4017 Eam
915 3973 1029 4016 vocem
1050 3971 1155 4036 quum

124 4153 255 4216 saxvu.
266 4156 322 4205 vu
333 4157 402 4206 uas
413 4157 453 4212 u,
467 4155 493 4202 s.
510 4181 546 4191 -
564 4153 629 4204 rus
