2875 4900
269 380 340 463 [μή
443 382 511 447 JO.
538 377 881 447 l'RElNSHEMll
913 376 1158 445 SUPPLEM.

270 497 395 561 Tullim
406 498 648 561 renuntiaretur
661 498 770 585 prior:
784 497 813 561 ei
826 498 949 585 collega
964 498 1000 560 C.
1010 496 1173 560 Antonius
1189 493 1329 573 additur,

271 620 373 686 quum
388 597 432 661 ob
445 600 544 685 patris
559 600 767 680 memoriam,
784 598 882 687 paulo
895 596 1090 685 speciosiore
1104 618 1207 659 mann
1219 595 1331 657 suffra·

269 716 385 789 gente,
400 702 548 787 paumrlis
569 700 725 766 centuriis
743 700 913 763 Catilinam
936 714 1128 787 superasset.
1148 695 1332 774 conjurati,

270 800 345 865 licet
358 802 422 865 hoc
438 819 558 866 eventu
572 802 729 889 perculsi,
743 818 853 865 tamen
865 822 956 864 arma
973 821 1102 887 parare,
1115 796 1272 885 pecunias
1283 818 1333 859 co·

271 924 361 991 gere,
374 904 483 991 plures
495 904 528 967 in
540 904 728 968 societatem
737 903 864 967 consilii
875 900 1037 965 adducere
1046 920 1114 962 non
1126 896 1332 961 omittebant:

271 1021 385 1069 contra
399 1004 528 1085 Cicero,
546 1026 682 1093 gnarus,
700 1003 791 1093 quod
805 1003 976 1093 negotium
994 1000 1204 1088 suscepisset,
1223 1018 1334 1061 omnes

272 1128 388 1191 neruos
408 1105 607 1186 intenderat,
628 1128 670 1171 ne
692 1106 773 1195 quid
788 1105 830 1170 ad
847 1126 1009 1169 summam
1026 1101 1244 1191 diligentiam,
1266 1122 1334 1164 exa·

269 1207 492 1295 ctissimasque
504 1230 565 1296 pro
573 1208 741 1295 republica
747 1207 887 1297 vigilias,
900 1205 1017 1293 reliqui
1027 1205 1155 1268 faceret.
1165 1202 1230 1265 llic
1242 1200 1333 1264 etiam

271 1329 377 1373 annus
389 1329 538 1372 censores
552 1309 683 1389 habuit,
697 1308 789 1395 quod
797 1307 953 1395 proximis
963 1304 1153 1370 censoribus
1165 1302 1258 1367 nulla
1267 1324 1335 1389 pars

270 1408 383 1496 populi
409 1430 520 1490 censa,
545 1431 653 1498 neque
672 1411 815 1473 lustrum
840 1407 1011 1472 conditum
1031 1422 1109 1470 erat.
1131 1403 1196 1469 Sed
1219 1404 1333 1467 bonam

271 1508 368 1572 etiam
384 1510 466 1575 adeo
485 1532 582 1599 opera
597 1512 684 1575 nulla
702 1525 843 1589 exstant,
858 1525 895 1572 ut
909 1508 1043 1571 uomina
1059 1507 1112 1571 rix
1125 1521 1295 1569 eruantur.

316 1610 471 1677 XXXIX.
489 1613 609 1676 Utrum
627 1614 716 1677 enim
736 1612 778 1693 Q.
791 1610 962 1689 Metellus,
976 1633 1016 1673 an
1033 1609 1071 1673 P.
1082 1608 1250 1671 Isauricus
1264 1627 1334 1669 cen·

273 1731 381 1773 suram
400 1727 470 1776 tum
487 1714 661 1803 gesserint,
676 1712 854 1801 ambigitur
872 1735 880 1775 :
898 1710 1011 1775 eadem
1025 1710 1067 1773 de
1079 1712 1117 1773 L.
1127 1711 1227 1772 Cotta
1242 1706 1334 1771 dubi·

274 1811 352 1874 tatio
365 1813 467 1894 foret,
485 1815 547 1878 nisi
557 1814 721 1879 Ciceronis
731 1814 807 1893 joco
819 1812 935 1877 fuisset
948 1810 1182 1876 notatus.Nam
1192 1811 1222 1873 is
1236 1829 1333 1897 quum

272 1912 358 1975 inter
369 1915 560 2002 petitionem
579 1900 767 1981 consulatus
781 1936 936 2003 prensans
953 1912 995 1977 de
1012 1933 1104 1975 more
1116 1911 1285 1990 homines,
1302 1907 1335 1971 si·

274 2012 364 2101 tique
374 2032 560 2103 correptus,
575 2015 859 2081 circumstantibus
873 2030 906 2078 et
917 2013 1101 2102 tegentibus
1114 2012 1246 2093 amicis,
1255 2010 1335 2074 bibe-

273 2129 324 2178 ret
341 2114 375 2177 in
391 2117 483 2197 foro,
500 2117 558 2181 ubi
577 2119 612 2183 b.
631 2120 727 2182 Cotta
740 2138 856 2181 censor
872 2114 1080 2196 consederam
1097 2114 1197 2177 «lure
1215 2113 1335 2201 inquit,

272 2215 473 2299 «timebatis,
490 2240 531 2281 ne
540 2235 747 2283 succenseret
758 2216 839 2281 mihi
851 2238 985 2296 censor,
997 2215 1088 2303 quod
1096 2237 1217 2302 aquam
1227 2214 1305 2279 bibo
1314 2243 1333 2273 ν.

273 2316 351 2381 Erat
366 2321 453 2382 enim
472 2323 565 2384 Cotta
581 2320 742 2399 vinosior,
759 2335 792 2383 et
810 2340 850 2381 eo
869 2316 1002 2381 nomine
1014 2316 1114 2405 vulgo
1128 2316 1213 2379 male
1229 2313 1334 2379 audie·

273 2418 339 2485 bat.
355 2420 440 2485 Huic
457 2423 557 2511 igitur
571 2425 689 2503 Cottae,
709 2437 743 2485 et
761 2421 909 2511 collegae,
924 2419 1074 2507 quisquis
1088 2418 1143 2484 ille
1158 2418 1276 2498 fuerit,
1288 2439 1334 2480 se·

274 2538 389 2587 natum
399 2526 505 2614 legere
516 2527 740 2616 cupientibus,
754 2524 880 2588 tribuni
890 2523 994 2612 plebis
1004 2521 1212 2600 restiterunt,
1227 2541 1271 2584 ne
1280 2517 1334 2605 ipsi

276 2645 409 2711 quoque
432 2643 546 2691 senatu
569 2641 778 2692 moverentur
798 2624 910 2705 veriti,
927 2624 972 2687 ob
996 2621 1095 2687 l'oedas
1116 2638 1150 2686 et
1171 2621 1335 2686 seditiosas

274 2725 438 2809 actiones,
461 2729 581 2816 quibus
605 2727 830 2794 convellebant
859 2725 1045 2814 reipublice
1070 2741 1202 2789 statum.
1229 2722 1336 2787 Mulae

273 2826 363 2890 enirn
374 2844 455 2892 tunc
469 2831 653 2918 rogationes
664 2828 975 2917 promulgabantur:
988 2826 1076 2890 inter
1087 2840 1202 2890 caetera
1213 2825 1256 2890 P.
1268 2823 1333 2888 ser·

275 2926 370 2992 vilius
385 2929 499 2994 Rullus
517 2931 641 2994 ferebat
656 2929 841 3018 Agrariam,
857 2931 906 2992 uti
916 2928 1081 2992 memori
1091 2925 1223 2990 colonir's
1239 2923 1334 2990 dedu·

274 3029 394 3108 erudis,
411 3053 521 3117 agros,
540 3034 598 3118 qui
607 3030 703 3094 ubivis
710 3027 837 3118 publici
847 3043 945 3093 esseut
952 3067 966 3107 ‚·
982 3031 1123 3092 mammae
1138 3027 1332 3116 Comum,

275 3129 542 3215 quemadmodum
561 3154 605 3194 ex
626 3153 683 3194 usu
704 3129 944 3208 asscenderunt,
966 3129 1210 3194 demtmunr:
1227 3126 1333 3192 eadem

275 3229 345 3317 lege
360 3229 402 3293 ad
418 3230 592 3310 emendos,
608 3231 667 3296 ubi
683 3253 766 3320 opus
784 3233 886 3312 l'oret,
903 3253 1015 3319 agnus,
1033 3231 1142 3294 omnis
1163 3250 1333 3319 propemo-

273 3329 354 3393 dum
369 3331 497 3417 publica
511 3334 665 3419 pecunia,
679 3347 712 3397 et
722 3355 796 3420 qum
808 3333 882 3421 cogi
894 3330 1129 3418 undecumque
1147 3347 1274 3419 posset,
1287 3328 1335 3392 de·

273 3431 489 3496 eemvirorum
515 3435 747 3514 subjiciebatur
770 3433 933 3522 potestati.
957 3432 1104 3497 Dabatur
1123 3448 1156 3495 et
1178 3432 1333 3497 exercitus

273 3531 501 3596 conscribendi
512 3550 670 3622 potestas,
687 3551 812 3621 quantu
827 3556 877 3597 res
893 3532 1064 3623 indigeret.

317 3631 384 3694 XL.
399 3633 441 3696 Et
459 3634 586 3699 favebat
603 3635 667 3724 legi
687 3637 723 3700 C.
735 3635 915 3715 Antonius,
932 3657 1040 3698 unum
1059 3657 1094 3698 se
1114 3635 1187 3700 fore
1206 3651 1332 3721 sperans

272 3732 307 3794 in
324 3729 446 3798 decem.
464 3736 568 3825 Igitur
582 3737 629 3801 M.
641 3736 757 3802 Cicero
770 3735 916 3802 kalendis
925 3735 1098 3817 januariis,
1114 3759 1180 3822 qua
1194 3734 1249 3800 die
1263 3754 1332 3801 con·

272 3833 414 3899 sulatum
423 3836 518 3917 iniit,
533 3858 570 3900 ea
584 3837 625 3936 de
637 3861 672 3902 re
682 3837 779 3902 rerba
790 3837 870 3900 fecit
882 3837 916 3900 in
926 3837 1035 3917 curia,
1049 3851 1247 3923 senatusque
1260 3855 1331 3900 con·

310 4043 326 4105 5
341 4046 823 4099 xxxvm.snlm.-1²lumeu.-
836 4051 889 4100 Cio.
901 4050 1004 4100 inllull.
1014 4052 1056 4107 11,
1066 4065 1097 4107 a,
1106 4052 1167 4098 etin
1179 4049 1330 4098 Pisum.-

276 4125 345 4194 l’iglr,
356 4129 445 4176 Annul-
462 4157 497 4166 -
511 4129 528 4196 s
542 4133 665 4186 xxm.
680 4133 737 4182 Dio.
754 4161 789 4175 -··
803 4134 856 4184 cte.
868 4135 894 4184 in
906 4135 973 4183 Rull.
986 4157 1022 4172 -·
1032 4131 1155 4183 Plutatnb.
