2875 4900
180 432 181 435 Ν
281 416 334 484 m
365 411 478 481 noc.
504 410 598 477 trs.
626 406 714 476 ενι
744 406 961 476 nrvraru.
1081 401 1151 501 593

90 542 222 607 virentes
238 534 467 628 pergentibus,
486 530 562 596 satis
578 550 744 596 amoenum
758 542 857 614 atque
869 516 965 592 ‘facile
980 526 1058 609 luit,
1075 550 1153 591 mox
1225 522 1237 543 Χ

91 643 209 732 excepit
228 639 316 705 arida
341 653 375 702 et
396 634 485 699 nuda
508 630 675 720 planities,
700 629 917 717 militemque,
943 650 1021 692 cum
1042 627 1096 692 siti
1121 644 1154 692 et

91 768 183 809 arena
201 732 396 820 luctantem,
419 738 489 824 ipse
507 754 641 821 quoque
659 731 809 795 locorum
829 729 1002 819 adspectus
1016 731 1154 794 horrore

90 844 246 935 perfudit,
268 864 372 932 quum
392 841 427 902 in
450 851 537 901 vasta
557 831 752 914 solitudine,
775 852 873 919 quam
890 831 1064 897 terminare
1080 831 1154 896 visu

91 947 281 1035 nequibant,
302 941 384 1006 nibil
408 956 494 1003 terra
510 934 731 1026 gignentium,
748 955 817 997 non
834 932 953 1013 herba,
970 953 1040 995 non
1056 933 1153 1021 stirp's
1236 965 1240 971 ·

89 1049 150 1112 ulla
167 1049 293 1129 virens,
314 1062 478 1131 nusquam
499 1053 556 1102 aut
572 1037 661 1100 rirus
684 1058 792 1124 aquae,
818 1049 876 1099 aut
899 1034 1021 1098 montis
1038 1055 1154 1121 super·

90 1150 195 1215 cilium
210 1161 387 1237 appareret.
568 1218 574 1227 ,

129 1250 280 1315 XXXVI.
297 1247 336 1312 Id
354 1266 458 1334 quum
473 1265 530 1331 per
547 1264 582 1305 se
599 1254 786 1329 suspectum
799 1237 964 1327 plerisque
974 1234 1083 1318 lieret,
1096 1260 1152 1301 su-

88 1365 304 1439 pervenerunt
318 1348 359 1412 ab
376 1345 530 1411 Armenio
547 1364 623 1431 rege
640 1340 769 1420 nuntii,
792 1353 966 1403 excusante
979 1360 1045 1401 non
1059 1340 1154 1410 missa

88 1452 232 1533 auxilia,
255 1450 345 1542 quod
364 1452 398 1513 in
421 1468 513 1511 sutem
532 1464 659 1533 regnum
682 1439 821 1505 Parthen
847 1439 966 1505 Orodes
987 1440 1153 1529 irrupisset.

88 1554 244 1619 Suadebat
259 1568 389 1633 amem,
406 1565 441 1615 ut
455 1548 547 1613 adse
561 1547 681 1610 ueniret
700 1541 847 1621 Crassus,
864 1539 1097 1630 conjunctisque
1111 1565 1163 1608 se·-

88 1678 153 1720 eum
168 1658 264 1747 copiis
272 1652 461 1745 propelleret
476 1651 590 1715 laesum
597 1672 611 1727 ;
627 1659 685 1711 aut
701 1643 836 1708 sialiter
846 1642 1025 1722 effrenem
1042 1643 1154 1708 saltem

88 1758 168 1823 edita
186 1772 359 1825 sectaretur·
377 1755 466 1834 loca,
486 1772 583 1838 neque
603 1750 637 1811 in
654 1743 836 1834 patentibus
858 1744 977 1829 campis
1001 1746 1158 1831 equiem

82 1861 223 1946 parthico
239 1860 408 1926 statarium
427 1852 558 1918 militem
569 1859 752 1938 exponeret.
778 1846 911 1908 Crassus
931 1842 1057 1907 adhaec
1075 1866 1151 1908 cum

88 1962 250 2026 stomacho
267 1956 455 2048 respondit,
471 1957 504 2018 in
516 1952 687 2041 pressantur
701 1968 766 2011 non
782 1968 918 2023 vacare,
936 1956 973 2009 ut
985 1947 1102 2031 cogitet
1114 1947 1154 2009 de

88 2064 256 2144 Amunia5
274 2075 385 2151 postea
406 2073 512 2121 tamen
531 2066 717 2127 venturaene,
738 2062 777 2112 ut
784 2046 975 2135 prodittbnis
994 2045 1036 2107 ab
1053 2046 1153 2109 Arta·

87 2162 158 2229 base
176 2178 310 2254 expetat
318 2182 442 2251 poenas.
464 2158 541 2220 Haec
558 2170 623 2217 tarn
639 2150 768 2215 sinistre
786 2148 923 2235 cogitata
939 2145 1153 2233 consultaque

86 2282 257 2331 moverunt
275 2265 393 2327 iterum
408 2257 518 2323 Cassio
534 2254 643 2317 bilem.
660 2249 814 2337 Sed'quia
828 2248 975 2311 libertate
987 2269 1045 2311 sua
1061 2250 1154 2313 Cras·

87 2387 154 2431 sum
173 2364 378 2445 offenderat,
398 2361 481 2425 ultra
498 2360 631 2419 monere
649 2373 717 2415 non
734 2370 851 2428 ausus,
868 2347 1035 2435 Abgarum
1051 2349 1154 2413 inere·

86 2469 176 2552 parit.
193 2468 303 2552 «Quis
317 2483 367 2545 te,
381 2463 441 2540 ait,
460 2457 597 2546 pessime
616 2451 819 2531 mortalium,
833 2449 938 2512 malus
951 2446 993 2512 ud
1004 2472 1065 2514 nos
1076 2474 1152 2539 per·

86 2565 194 2634 «duxit
202 2569 387 2658 genius,ut
396 2563 547 2625 Crassum
558 2551 1151 2639 fascinares,ipsumqueetexercitum

105 2669 303 2837 pllrldllllllll.⁸
320 2769 362 2832 At
382 2766 454 2848 ille,
474 2758 593 2826 blande
613 2756 765 2845 castigata
784 2751 912 2831 juvenis
927 2751 1151 2837 vehementia,

85 2869 196 2936 durare
202 2869 368 2962 paulisper
378 2864 530 2948 jubebat,
545 2863 578 2922 in
593 2857 694 2922 salute
706 2848 866 2918 communi
877 2875 957 2914 meae
969 2857 1152 2938 agnimrum

84 2971 293 3038 innocentiam
307 2970 392 3062 qus,
407 2987 498 3055 quem
512 2983 596 3024 nureo
607 2960 691 3023 tanti
699 2949 820 3020 sceleris
830 2967 1000 3040 suspectum
1014 2954 1150 3023 liaberet.
1224 3012 1227 3019 ,

85 3069 196 3139 Milites
213 3075 334 3152 etiam,
351 3067 474 3132 itineris
491 3061 636 3127 molestia
652 3074 817 3148 gravatos,
829 3054 1035 3137 sublevabat,
1052 3059 1151 3123 simul

84 3177 169 3259 quasi
186 3199 246 3265 per
264 3175 376 3255 jocum
398 3167 567 3246 deridens,
589 3179 744 3250 tanquam
760 3158 898 3220 bonunes
914 3161 1031 3220 assueti
1044 3160 1150 3224 mollr'-

82 3273 133 3338 bus
153 3277 339 3368 Campaniae
355 3271 543 3348 diversoriis,
567 3263 691 3328 easdem
710 3259 838 3324 delicias
860 3259 894 3319 in
903 3252 1030 3341 ‚finibus
1050 3263 1148 3345 ΑΨ.

81 3379 194 3442 n'orum
208 3377 419 3463 Arabumque
437 3368 659 3435 desiderarent.
683 3361 748 3426 Sed
763 3375 936 3449 postquam
953 3356 995 3422 ad
1012 3361 1148 3427 exitium

82 3478 180 3545 Crassi
199 3480 312 3546 omnia
329 3463 455 3540 mature
472 3483 550 3532 sunt
562 3465 715 3555 disposita
729 3462 828 3548 (narn
842 3458 988 3546 Abgarus
1000 3481 1061 3547 per
1076 3483 1148 3550 spe.

80 3578 157 3643 ciem
170 3577 362 3670 explorandi
374 3595 457 3662 saepe
469 3591 545 3635 cum
559 3568 682 3632 Surena
697 3558 999 3650 congrediebatur),
1013 3561 1160 3663 Crasso,

80 3679 214 3747 Parthos
230 3685 265 3746 in
274 3679 453 3769 propinquo
469 3696 530 3738 esse
547 3691 617 3734 eune
633 3665 763 3730 modieis
779 3663 893 3748 copiis,
912 3661 1089 3746 persuasit,
1105 3685 1149 3726 se-

78 3803 134 3866 que
149 3787 212 3865 ire,
232 3797 271 3848 ut
283 3779 407 3870 aliquid
417 3778 489 3865 ipsis
502 3794 598 3837 noxae
611 3762 894 3854 etperntrbetionis
906 3757 1044 3846 inferret.

119 3884 307 3950 XXXVIII.
320 3883 369 3945 Eo
379 3876 561 3966 diepuIlum
566 3869 831 3961 paludamentum
840 3863 954 3926 datum
962 3883 1022 3924 esse
1034 3860 1145 3927 Crasso

78 3984 231 4067 tradunt,
247 4007 343 4075 quum
357 3980 465 4045 album
478 3987 536 4039 aut
542 3991 733 4062 purpureum
750 3971 785 4032 in
796 3963 946 4055 proelium
960 3965 1145 4029 exeuntibus

77 4085 149 4151 dari
159 4087 284 4152 soleret.
303 4082 368 4152 Sed
386 4081 420 4148 id
440 4078 577 4145 mutavit
597 4077 751 4154 Crassus3
772 4063 977 4152 irridensque
994 4087 1068 4148 eos,
1086 4067 1143 4154 qni

170 4207 213 4273 X.
929 4175 975 4248 38
