2875 4900
281 365 332 433 ιιι
361 362 475 433 noc.
503 365 598 433 mn.
625 363 732 433 nvn
761 366 978 435 nrvmnr.
1088 364 1158 435 605
1230 322 1241 443 ’,

80 485 175 549 sides
191 482 268 549 dare
284 485 390 574 cogit:
402 484 508 573 primo
527 482 647 547 deinde
662 506 740 548 rere
757 485 922 567 Senones,
941 485 1061 550 deinde
1080 472 1161 552 Car}

82 602 204 665 nutes,
226 585 297 649 illos
318 585 453 666 AEduis‚
470 585 532 648 hos
547 584 680 649 Rhemis
697 583 980 674 deprecatoribus,
998 611 1071 675 quie
1085 592 1161 654 solae
1244 580 1257 593 ’

82 687 208 751 Caesari
225 710 283 775 per
305 710 342 751 ea
362 703 509 775 tempora
531 684 602 749 fi'dae
619 686 763 751 civitates
778 686 877 752 fuisse
894 686 1159 802 ridebantur31n

81 789 224 875 gratiam
241 790 382 878 recepti,
399 788 528 853 obsides
545 786 718 852 dederunt.

131 888 188 953 IV.
213 892 318 955 Caemr
337 889 398 954 hac
410 904 501 979 parte
518 910 670 953 curarum
685 905 896 971 exoneratus,
910 912 1024 955 omnes
1040 892 1158 959 deinde

80 992 300 1080 cogitationes
323 990 364 1056 ad
386 989 640 1080 opprimendum
656 990 879 1080 Ambiorigem
904 992 1010 1057 vertit.
1035 995 1066 1057 Is
1085 985 1159 1083 posi

82 1092 303 1157 Indutiomari
314 1108 454 1157 mortem
470 1114 545 1156 cnm
557 1091 750 1180 propinquis
765 1091 851 1175 ejus,
865 1093 906 1157 ad
920 1116 1004 1182 quos
1015 1094 1158 1161 delatum

81 1217 101 1255 a
117 1193 260 1259 Treviris
276 1210 344 1259 erat
358 1194 549 1281 imperium,
566 1192 686 1257 foedere
701 1194 787 1257 facto
798 1241 808 1274 ,
821 1194 1009 1284 Menapios,
1027 1198 1083 1284 qui
1097 1201 1158 1263 soli

83 1295 256 1361 Gallorum
272 1296 314 1361 ad
330 1296 487 1359 Caesarem
506 1294 547 1358 de
563 1316 641 1382 pace
658 1316 828 1381 nunquam
849 1297 1003 1360 miserant
1020 1297 1159 1387 legatos,

82 1399 119 1460 in
136 1399 323 1463 societatem
339 1395 533 1477 adsciverat;
552 1397 799 1481 Germanosque
815 1396 860 1459 cis
879 1412 913 1460 et
932 1397 1014 1461 ultra
1027 1422 1157 1464 amnem

81 1498 256 1564 sollicitare
276 1522 344 1563 non
365 1497 543 1563 desinebat.
571 1497 677 1586 Igitur
700 1498 804 1559 Caesar
826 1497 996 1585 Menapios
1014 1500 1157 1587 primurn

82 1601 248 1688 tripartito
273 1600 416 1665 exercitu
439 1599 556 1678 intrat,
580 1596 770 1686 magnisque
794 1594 998 1661 detrimentis
1022 1600 1157 1665 allectos

81 1702 126 1765 ad
148 1724 259 1789 pacem
281 1700 453 1815 petendam
473 1700 579 1790 cogit,
597 1697 759 1763 obsides
750 1713 909 1785 imperat:
932 1698 1156 1791 Ambiorigem

82 1818 118 1867 et
131 1802 296 1891 legatos
270 1823 338 1882 eJus
353 1802 418 1865 suis
432 1800 552 1865 finibus
566 1801 709 1889 recipere
723 1813 819 1863 vetat.

129 1903 169 1967 V.
190 1902 282 1965 Inter
301 1902 388 1965 hanc
404 1900 641 1990 expeditionem
659 1900 785 1964 Treviri
804 1900 984 1965 Labienum
998 1925 1074 1968 cum
1088 1928 1155 1969 una

80 2002 229 2120 legione,
246 2025 318 2089 qun
338 2002 376 2067 iis
396 2003 475 2067 locis
497 2001 724 2066 hibernarerat
734 2002 935 2090 ,petierant;
957 2002 1015 2066 sed
1030 2004 1154 2088 edocti,

81 2105 166 2169 duas
186 2106 288 2169 missu
305 2105 435 2169 Caesaris
453 2088 661 2192 supervenire
680 2104 824 2217 legiones
843 2103 936 2183 alias,
951 2103 1057 2169 donec
1072 2107 1153 2171 Ger·

82 2229 258 2270 manorum
277 2205 394 2271 auxilia
413 2206 637 2287 accessissent,
650 2220 753 2269 castra
767 2204 851 2268 intra
864 2205 1003 2292 spatium
1016 2208 1155 2294 quinde-

80 2310 148 2375 cim
168 2309 306 2374 millium
327 2332 344 2371 a
364 2307 507 2373 romanis
528 2306 639 2371 castris
660 2323 847 2394 posuerant.
868 2306 996 2371 Horum
1016 2310 1152 2373 consilio

81 2412 232 2502 cognito,
255 2410 435 2492 Labienus,
456 2408 661 2474 occasionem
684 2406 861 2472 dimicandi
883 2430 918 2471 se
941 2407 1150 2475 inventurum

79 2535 236 2600 sperans,
261 2535 337 2578 curn
358 2513 505 2600 quinque
533 2525 565 2575 et
592 2509 705 2599 viginti
732 2508 940 2592 cohortibus,
966 2533 1151 2601 magnoque

80 2635 222 2678 numero
236 2615 400 2702 equitum,
414 2612 542 2677 obviam
557 2633 720 2699 egressus,
737 2634 803 2674 non
821 2611 960 2699 amplius
978 2613 1067 2677 mille
1080 2637 1152 2702 pas·

78 2737 180 2779 suum
198 2715 311 2780 relicto
327 2715 451 2804 spatio,
469 2711 625 2778 consedit.
647 2713 738 2776 Inter
755 2729 894 2799 utraque
910 2728 1013 2776 castra
1028 2713 1149 2780 flumen

78 2818 251 2906 praeruptis
280 2817 357 2905 ripis
384 2816 546 2880 intererat.
577 2813 745 2878 Mosellam
770 2813 869 2877 fuisse
894 2832 1149 2881 consentaneum
1221 2833 1224 2840 '

78 2935 145 2984 est:
157 2917 192 2983 id
205 2917 326 2984 flumen
337 2969 346 3000 ,
357 2934 422 2982 tam
437 2918 622 3008 propinquo
636 2917 748 2994 hoste,
760 2940 867 3005 neque
881 2917 950 3005 ipse
963 2937 1030 2983 erat
1042 2937 1148 2985 trans-

78 3024 148 3102 itu,
163 3042 223 3084 nec
239 3020 347 3085 Gallos
362 3020 554 3084 transituros
569 3019 711 3083 rebatur.

126 3123 181 3188 VI.
191 3122 316 3188 Idcirco
330 3139 369 3186 ut
378 3121 508 3186 eliceret
521 3121 668 3201 hostem,
685 3133 864 3183 convocato
871 3119 1027 3200 consilio,
1041 3121 1147 3207 palam

77 3227 113 3288 in
135 3225 226 3288 hunc
248 3246 379 3288 sensum
405 3222 556 3288 disseruit
572 3245 580 3286 :
598 3245 695 3310 quum
706 3219 889 3309 propediem
905 3218 1050 3308 ‹zffinuri
1068 3221 1148 3287 Ger·

76 3329 172 3390 mani
182 3329 384 3406 nuntientur,
403 3349 434 3389 se
451 3349 515 3389 rem
535 3327 569 3387 in
589 3337 714 3387 tantum
729 3322 894 3385 discrimen
911 3324 1147 3388 commissurum

75 3450 144 3492 non
157 3449 218 3490 esse
228 3452 239 3491 :
246 3430 359 3516 parati
367 3429 533 3513 intentique
549 3425 596 3488 ad
606 3421 731 3510 signum
743 3447 847 3486 omnes
858 3437 968 3501 essent,
988 3438 1025 3487 nt
1030 3430 1148 3513 postri-

74 3529 130 3592 die
138 3531 247 3616 priene
264 3528 333 3592 lnce
342 3524 591 3615 pnficbcanner.
616 3523 715 3607 Quod
739 3547 855 3613 magna
874 3524 1032 3613 gallorum
1055 3530 1147 3614 equi·

75 3648 150 3694 tum
168 3628 344 3694 multitudo
363 3629 396 3692 in
414 3629 524 3692 castris
539 3626 673 3692 Labieni
689 3643 776 3708 erat,
796 3649 847 3690 res
868 3627 934 3690 cito
947 3626 1093 3692 defertur
1105 3629 1146 3693 ad

73 3732 199 3795 hostes.
224 3728 288 3794 Sed
304 3729 464 3794 Labienus
482 3745 583 3793 noctu
600 3728 740 3792 tribunis
757 3726 897 3791 rnilitum
912 3728 1074 3816 primique
1088 3731 1146 3818 pili

74 3831 325 3898 centurionibus
345 3831 517 3895 consilium
535 3853 632 3895 suum
653 3829 808 3918 exponit:
822 3828 882 3892 sibi
893 3832 928 3890 in
941 3831 1049 3893 animo
1062 3854 1143 3909 esse,

72 3931 275 3999 simulatione
291 3935 407 3996 raineris
412 3927 538 4018 sedere
553 3932 687 4012 hostem,
704 3945 756 4008 ut,
774 3951 839 3992 non
855 3933 1044 4015 exspectetis
1065 3929 1145 3994 Ger-

109 4110 126 4175 5
139 4112 187 4158 111.
199 4112 261 4160 Caes.
276 4109 306 4158 de
317 4111 345 4158 B.
355 4110 419 4160 Gall.
428 4109 517 4158 lib.Vl.
529 4137 562 4147 -
575 4111 649 4158 Oros.
659 4136 693 4146 —
704 4106 828 4157 Plutarch.
841 4105 867 4152 in
881 4107 942 4155 cen.
