<?xml version="1.0" encoding="UTF-8"?>
<!DOCTYPE html PUBLIC "-//W3C//DTD XHTML 1.0 Transitional//EN"
    "http://www.w3.org/TR/xhtml1/DTD/xhtml1-transitional.dtd">
<html xmlns="http://www.w3.org/1999/xhtml" xml:lang="en" lang="en">
 <head>
  <title>
</title>
<meta http-equiv="Content-Type" content="text/html;charset=utf-8" />
  <meta name='ocr-system' content='tesseract 3.04.00' />
  <meta name='ocr-capabilities' content='ocr_page ocr_carea ocr_par ocr_line ocrx_word'/>
</head>
<body>
  <div class='ocr_page' id='page_1' title='image "bibliothecaclas116lemagoog_0378.png"; bbox 0 0 2875 4900; ppageno 0'>
   <div class='ocr_carea' id='block_1_1' title="bbox 293 371 1184 442">
    <p class='ocr_par' dir='ltr' id='par_1_1' title="bbox 293 371 1184 442">
     <span class='ocr_line' id='line_1_1' title="bbox 293 371 1184 442; baseline -0.001 0"><span class='ocrx_word' id='word_1_1' title='bbox 293 371 366 442; x_wconf 79' lang='lat'><strong>366</strong></span> <span class='ocrx_word' id='word_1_2' title='bbox 469 373 538 439; x_wconf 87' lang='lat' dir='ltr'><strong>JO.</strong></span> <span class='ocrx_word' id='word_1_3' title='bbox 564 372 906 442; x_wconf 84' lang='lat' dir='ltr'><strong>FREINSHEMII</strong></span> <span class='ocrx_word' id='word_1_4' title='bbox 936 373 1184 442; x_wconf 83' lang='lat' dir='ltr'><strong>SUPPLEII.</strong></span> 
     </span>
    </p>
   </div>
   <div class='ocr_carea' id='block_1_2' title="bbox 210 491 1350 1795">
    <p class='ocr_par' dir='ltr' id='par_1_2' title="bbox 210 491 1350 1592">
     <span class='ocr_line' id='line_1_2' title="bbox 337 491 1349 582; baseline 0.001 -24"><span class='ocrx_word' id='word_1_5' title='bbox 337 495 410 560; x_wconf 88' lang='lat' dir='ltr'><strong>Vll.</strong></span> <span class='ocrx_word' id='word_1_6' title='bbox 427 493 469 556; x_wconf 85' lang='lat' dir='ltr'><strong>Et</strong></span> <span class='ocrx_word' id='word_1_7' title='bbox 483 492 649 556; x_wconf 77' lang='lat' dir='ltr'>acerbiora</span> <span class='ocrx_word' id='word_1_8' title='bbox 669 491 761 556; x_wconf 88' lang='lat' dir='ltr'><strong>malis</strong></span> <span class='ocrx_word' id='word_1_9' title='bbox 782 491 922 556; x_wconf 88' lang='lat' dir='ltr'><strong>ludibria</strong></span> <span class='ocrx_word' id='word_1_10' title='bbox 940 508 1055 558; x_wconf 82' lang='lat' dir='ltr'><strong>erant:</strong></span> <span class='ocrx_word' id='word_1_11' title='bbox 1073 493 1194 582; x_wconf 86' lang='lat' dir='ltr'><strong>quippe</strong></span> <span class='ocrx_word' id='word_1_12' title='bbox 1210 494 1268 558; x_wconf 90' lang='lat' dir='ltr'><strong>ubi</strong></span> <span class='ocrx_word' id='word_1_13' title='bbox 1283 497 1349 582; x_wconf 87' lang='lat' dir='ltr'><strong>quis</strong></span> 
     </span>
     <span class='ocr_line' id='line_1_3' title="bbox 210 593 1350 686; baseline -0.003 -25"><span class='ocrx_word' id='word_1_14' title='bbox 210 607 215 624; x_wconf 84' lang='lat'>¹</span> <span class='ocrx_word' id='word_1_15' title='bbox 291 611 445 686; x_wconf 86' lang='lat' dir='ltr'><strong>exceptus</strong></span> <span class='ocrx_word' id='word_1_16' title='bbox 464 615 637 658; x_wconf 86' lang='lat' dir='ltr'><strong>romanum</strong></span> <span class='ocrx_word' id='word_1_17' title='bbox 657 614 693 656; x_wconf 85' lang='lat' dir='ltr'><strong>sc</strong></span> <span class='ocrx_word' id='word_1_18' title='bbox 715 593 820 658; x_wconf 85' lang='lat' dir='ltr'><strong>civem</strong></span> <span class='ocrx_word' id='word_1_19' title='bbox 839 615 909 658; x_wconf 84' lang='lat' dir='ltr'><strong>esse</strong></span> <span class='ocrx_word' id='word_1_20' title='bbox 927 595 1120 676; x_wconf 80' lang='lat' dir='ltr'><strong>testabatur,</strong></span> <span class='ocrx_word' id='word_1_21' title='bbox 1137 597 1246 663; x_wconf 81' lang='lat' dir='ltr'><strong>femur</strong></span> <span class='ocrx_word' id='word_1_22' title='bbox 1262 596 1350 662; x_wconf 84' lang='lat' dir='ltr'><strong>ferie·</strong></span> 
     </span>
     <span class='ocr_line' id='line_1_4' title="bbox 290 693 1348 784; baseline 0.002 -24"><span class='ocrx_word' id='word_1_23' title='bbox 290 697 387 777; x_wconf 90' lang='lat' dir='ltr'><strong>bant,</strong></span> <span class='ocrx_word' id='word_1_24' title='bbox 405 711 560 781; x_wconf 83' lang='lat' dir='ltr'><strong>tanquam</strong></span> <span class='ocrx_word' id='word_1_25' title='bbox 576 693 694 758; x_wconf 89' lang='lat' dir='ltr'><strong>timore</strong></span> <span class='ocrx_word' id='word_1_26' title='bbox 709 693 841 780; x_wconf 86' lang='lat' dir='ltr'><strong>perciti,</strong></span> <span class='ocrx_word' id='word_1_27' title='bbox 856 694 1059 784; x_wconf 79' lang='lat' dir='ltr'><strong>genibusque</strong></span> <span class='ocrx_word' id='word_1_28' title='bbox 1074 695 1143 775; x_wconf 86' lang='lat' dir='ltr'><strong>ejus</strong></span> <span class='ocrx_word' id='word_1_29' title='bbox 1156 697 1348 780; x_wconf 86' lang='lat' dir='ltr'><strong>accidentes,</strong></span> 
     </span>
     <span class='ocr_line' id='line_1_5' title="bbox 290 793 1348 884; baseline 0.002 -22"><span class='ocrx_word' id='word_1_30' title='bbox 290 798 428 862; x_wconf 90' lang='lat' dir='ltr'><strong>orabant</strong></span> <span class='ocrx_word' id='word_1_31' title='bbox 446 795 548 859; x_wconf 89' lang='lat' dir='ltr'><strong>errori</strong></span> <span class='ocrx_word' id='word_1_32' title='bbox 564 793 692 860; x_wconf 83' lang='lat' dir='ltr'><strong>veniam</strong></span> <span class='ocrx_word' id='word_1_33' title='bbox 711 817 720 857; x_wconf 74' lang='grc' dir='ltr'><strong>ι</strong></span> <span class='ocrx_word' id='word_1_34' title='bbox 738 816 816 858; x_wconf 86' lang='lat' dir='ltr'><strong>mox</strong></span> <span class='ocrx_word' id='word_1_35' title='bbox 832 794 983 876; x_wconf 81' lang='lat' dir='ltr'><strong>aderunt,</strong></span> <span class='ocrx_word' id='word_1_36' title='bbox 1003 797 1061 884; x_wconf 92' lang='lat' dir='ltr'><strong>qui</strong></span> <span class='ocrx_word' id='word_1_37' title='bbox 1079 798 1202 862; x_wconf 82' lang='lat' dir='ltr'><strong>caloeos</strong></span> <span class='ocrx_word' id='word_1_38' title='bbox 1219 799 1348 864; x_wconf 85' lang='lat' dir='ltr'><strong>induce·</strong></span> 
     </span>
     <span class='ocr_line' id='line_1_6' title="bbox 290 893 1348 988; baseline 0.002 -26"><span class='ocrx_word' id='word_1_39' title='bbox 290 914 364 962; x_wconf 89' lang='lat' dir='ltr'><strong>rent</strong></span> <span class='ocrx_word' id='word_1_40' title='bbox 383 896 523 976; x_wconf 91' lang='lat' dir='ltr'><strong>homini,</strong></span> <span class='ocrx_word' id='word_1_41' title='bbox 547 911 723 983; x_wconf 76' lang='lat' dir='ltr'><strong>togamque</strong></span> <span class='ocrx_word' id='word_1_42' title='bbox 745 893 875 978; x_wconf 88' lang='lat' dir='ltr'><strong>darent,</strong></span> <span class='ocrx_word' id='word_1_43' title='bbox 895 920 937 961; x_wconf 90' lang='lat' dir='ltr'><strong>ne</strong></span> <span class='ocrx_word' id='word_1_44' title='bbox 954 897 1103 962; x_wconf 80' lang='lat' dir='ltr'><strong>videlicet</strong></span> <span class='ocrx_word' id='word_1_45' title='bbox 1119 899 1251 988; x_wconf 88' lang='lat' dir='ltr'><strong>ignotus</strong></span> <span class='ocrx_word' id='word_1_46' title='bbox 1271 902 1348 968; x_wconf 88' lang='lat' dir='ltr'><strong>ultra</strong></span> 
     </span>
     <span class='ocr_line' id='line_1_7' title="bbox 290 995 1348 1066; baseline 0.004 -4"><span class='ocrx_word' id='word_1_47' title='bbox 290 999 369 1062; x_wconf 87' lang='lat' dir='ltr'><strong>civis</strong></span> <span class='ocrx_word' id='word_1_48' title='bbox 391 1017 545 1060; x_wconf 89' lang='lat' dir='ltr'><strong>romanus</strong></span> <span class='ocrx_word' id='word_1_49' title='bbox 566 1010 659 1059; x_wconf 89' lang='lat' dir='ltr'><strong>esset.</strong></span> <span class='ocrx_word' id='word_1_50' title='bbox 679 995 745 1058; x_wconf 90' lang='lat' dir='ltr'><strong>Ubi</strong></span> <span class='ocrx_word' id='word_1_51' title='bbox 761 995 892 1060; x_wconf 89' lang='lat' dir='ltr'><strong>tandem</strong></span> <span class='ocrx_word' id='word_1_52' title='bbox 916 997 1134 1064; x_wconf 75' lang='lat' dir='ltr'><strong>ludibriorum</strong></span> <span class='ocrx_word' id='word_1_53' title='bbox 1152 1023 1208 1064; x_wconf 86' lang='lat' dir='ltr'><strong>eos</strong></span> <span class='ocrx_word' id='word_1_54' title='bbox 1229 1003 1348 1066; x_wconf 76' lang='lat' dir='ltr'><strong>tadeus</strong></span> 
     </span>
     <span class='ocr_line' id='line_1_8' title="bbox 289 1096 1348 1186; baseline 0.004 -24"><span class='ocrx_word' id='word_1_55' title='bbox 289 1099 393 1186; x_wconf 84' lang='lat' dir='ltr'><strong>cepit,</strong></span> <span class='ocrx_word' id='word_1_56' title='bbox 412 1097 503 1172; x_wconf 84' lang='lat' dir='ltr'><strong>scalis</strong></span> <span class='ocrx_word' id='word_1_57' title='bbox 526 1097 567 1160; x_wconf 87' lang='lat' dir='ltr'><strong>ab</strong></span> <span class='ocrx_word' id='word_1_58' title='bbox 583 1118 640 1160; x_wconf 80' lang='lat' dir='ltr'><strong>ora</strong></span> <span class='ocrx_word' id='word_1_59' title='bbox 659 1096 749 1160; x_wconf 83' lang='lat' dir='ltr'><strong>navis</strong></span> <span class='ocrx_word' id='word_1_60' title='bbox 772 1098 806 1158; x_wconf 90' lang='lat' dir='ltr'><strong>in</strong></span> <span class='ocrx_word' id='word_1_61' title='bbox 830 1119 917 1162; x_wconf 86' lang='lat' dir='ltr'><strong>mare</strong></span> <span class='ocrx_word' id='word_1_62' title='bbox 934 1098 1074 1164; x_wconf 82' lang='lat' dir='ltr'>dimissis</span> <span class='ocrx_word' id='word_1_63' title='bbox 1089 1099 1178 1164; x_wconf 87' lang='lat' dir='ltr'><strong>abire</strong></span> <span class='ocrx_word' id='word_1_64' title='bbox 1194 1101 1348 1180; x_wconf 87' lang='lat' dir='ltr'><strong>jubebant</strong></span> 
     </span>
     <span class='ocr_line' id='line_1_9' title="bbox 289 1199 1347 1290; baseline 0.002 -26"><span class='ocrx_word' id='word_1_65' title='bbox 289 1199 508 1279; x_wconf 81' lang='lat' dir='ltr'><strong>incolumcm3</strong></span> <span class='ocrx_word' id='word_1_66' title='bbox 525 1213 715 1264; x_wconf 82' lang='lat' dir='ltr'><strong>cunctatum</strong></span> <span class='ocrx_word' id='word_1_67' title='bbox 740 1214 774 1262; x_wconf 85' lang='lat' dir='ltr'><strong>et</strong></span> <span class='ocrx_word' id='word_1_68' title='bbox 798 1199 1001 1266; x_wconf 82' lang='lat' dir='ltr'><strong>resistentem</strong></span> <span class='ocrx_word' id='word_1_69' title='bbox 1025 1201 1276 1290; x_wconf 70' lang='lat' dir='ltr'><strong>praecipitabant.</strong></span> <span class='ocrx_word' id='word_1_70' title='bbox 1301 1203 1347 1266; x_wconf 93' lang='lat' dir='ltr'><strong>Ob</strong></span> 
     </span>
     <span class='ocr_line' id='line_1_10' title="bbox 289 1297 1346 1388; baseline 0.002 -22"><span class='ocrx_word' id='word_1_71' title='bbox 289 1303 358 1366; x_wconf 73' lang='lat' dir='ltr'><strong>hnc</strong></span> <span class='ocrx_word' id='word_1_72' title='bbox 378 1299 521 1388; x_wconf 85' lang='lat' dir='ltr'><strong>pericula</strong></span> <span class='ocrx_word' id='word_1_73' title='bbox 535 1297 682 1386; x_wconf 88' lang='lat' dir='ltr'><strong>quotidie</strong></span> <span class='ocrx_word' id='word_1_74' title='bbox 700 1321 751 1362; x_wconf 92' lang='lat' dir='ltr'><strong>res</strong></span> <span class='ocrx_word' id='word_1_75' title='bbox 769 1298 980 1365; x_wconf 83' lang='lat' dir='ltr'><strong>frumentaria</strong></span> <span class='ocrx_word' id='word_1_76' title='bbox 993 1302 1027 1364; x_wconf 93' lang='lat' dir='ltr'><strong>in</strong></span> <span class='ocrx_word' id='word_1_77' title='bbox 1045 1302 1134 1367; x_wconf 90' lang='lat' dir='ltr'><strong>Urbe</strong></span> <span class='ocrx_word' id='word_1_78' title='bbox 1149 1301 1245 1368; x_wconf 88' lang='lat' dir='ltr'><strong>fiebat</strong></span> <span class='ocrx_word' id='word_1_79' title='bbox 1261 1303 1346 1368; x_wconf 87' lang='lat' dir='ltr'><strong>dete·</strong></span> 
     </span>
     <span class='ocr_line' id='line_1_11' title="bbox 289 1400 1347 1490; baseline 0.002 -24"><span class='ocrx_word' id='word_1_80' title='bbox 289 1403 372 1484; x_wconf 86' lang='lat' dir='ltr'><strong>rior,</strong></span> <span class='ocrx_word' id='word_1_81' title='bbox 389 1417 423 1465; x_wconf 91' lang='lat' dir='ltr'><strong>ct</strong></span> <span class='ocrx_word' id='word_1_82' title='bbox 437 1401 552 1490; x_wconf 88' lang='lat' dir='ltr'><strong>ingens</strong></span> <span class='ocrx_word' id='word_1_83' title='bbox 565 1418 634 1465; x_wconf 90' lang='lat' dir='ltr'><strong>erat</strong></span> <span class='ocrx_word' id='word_1_84' title='bbox 649 1400 684 1464; x_wconf 94' lang='lat' dir='ltr'><strong>in</strong></span> <span class='ocrx_word' id='word_1_85' title='bbox 700 1416 790 1464; x_wconf 86' lang='lat' dir='ltr'><strong>tanta</strong></span> <span class='ocrx_word' id='word_1_86' title='bbox 810 1400 983 1466; x_wconf 88' lang='lat' dir='ltr'><strong>hominum</strong></span> <span class='ocrx_word' id='word_1_87' title='bbox 1005 1404 1101 1468; x_wconf 84' lang='lat' dir='ltr'><strong>turba</strong></span> <span class='ocrx_word' id='word_1_88' title='bbox 1116 1404 1208 1470; x_wconf 88' lang='lat' dir='ltr'><strong>famis</strong></span> <span class='ocrx_word' id='word_1_89' title='bbox 1229 1422 1263 1470; x_wconf 91' lang='lat' dir='ltr'><strong>et</strong></span> <span class='ocrx_word' id='word_1_90' title='bbox 1279 1406 1347 1470; x_wconf 88' lang='lat' dir='ltr'><strong>ino·</strong></span> 
     </span>
     <span class='ocr_line' id='line_1_12' title="bbox 289 1504 485 1592; baseline 0 -24"><span class='ocrx_word' id='word_1_91' title='bbox 289 1504 350 1592; x_wconf 83' lang='lat' dir='ltr'><strong>piae</strong></span> <span class='ocrx_word' id='word_1_92' title='bbox 368 1519 485 1568; x_wconf 88' lang='lat' dir='ltr'><strong>metus.</strong></span> 
     </span>
    </p>

    <p class='ocr_par' dir='ltr' id='par_1_3' title="bbox 288 1602 1348 1795">
     <span class='ocr_line' id='line_1_13' title="bbox 333 1602 1348 1694; baseline 0.002 -26"><span class='ocrx_word' id='word_1_93' title='bbox 333 1606 422 1671; x_wconf 88' lang='lat' dir='ltr'><strong>VlII.</strong></span> <span class='ocrx_word' id='word_1_94' title='bbox 440 1606 509 1669; x_wconf 88' lang='lat' dir='ltr'><strong>Nec</strong></span> <span class='ocrx_word' id='word_1_95' title='bbox 529 1618 597 1668; x_wconf 90' lang='lat' dir='ltr'><strong>erat</strong></span> <span class='ocrx_word' id='word_1_96' title='bbox 618 1603 711 1668; x_wconf 78' lang='lat' dir='ltr'><strong>facile</strong></span> <span class='ocrx_word' id='word_1_97' title='bbox 729 1602 851 1670; x_wconf 85' lang='lat' dir='ltr'><strong>bellum</strong></span> <span class='ocrx_word' id='word_1_98' title='bbox 877 1604 911 1668; x_wconf 95' lang='lat' dir='ltr'><strong>in</strong></span> <span class='ocrx_word' id='word_1_99' title='bbox 934 1604 1083 1668; x_wconf 88' lang='lat' dir='ltr'><strong>homines</strong></span> <span class='ocrx_word' id='word_1_100' title='bbox 1103 1605 1211 1669; x_wconf 86' lang='lat' dir='ltr'><strong>subito</strong></span> <span class='ocrx_word' id='word_1_101' title='bbox 1228 1607 1348 1694; x_wconf 88' lang='lat' dir='ltr'><strong>magnis</strong></span> 
     </span>
     <span class='ocr_line' id='line_1_14' title="bbox 288 1703 1347 1795; baseline 0.001 -25"><span class='ocrx_word' id='word_1_102' title='bbox 288 1705 474 1795; x_wconf 85' lang='lat' dir='ltr'><strong>navigantes</strong></span> <span class='ocrx_word' id='word_1_103' title='bbox 493 1705 664 1785; x_wconf 86' lang='lat' dir='ltr'><strong>classibus,</strong></span> <span class='ocrx_word' id='word_1_104' title='bbox 678 1703 896 1792; x_wconf 86' lang='lat' dir='ltr'><strong>eosdemque,</strong></span> <span class='ocrx_word' id='word_1_105' title='bbox 913 1703 971 1769; x_wconf 91' lang='lat' dir='ltr'><strong>ubi</strong></span> <span class='ocrx_word' id='word_1_106' title='bbox 987 1705 1181 1788; x_wconf 85' lang='lat' dir='ltr'><strong>voluissent,</strong></span> <span class='ocrx_word' id='word_1_107' title='bbox 1197 1722 1347 1795; x_wconf 81' lang='lat' dir='ltr'><strong>tanquam</strong></span> 
     </span>
    </p>
   </div>
   <div class='ocr_carea' id='block_1_3' title="bbox 172 1806 1348 1895">
    <p class='ocr_par' dir='ltr' id='par_1_4' title="bbox 172 1806 1348 1895">
     <span class='ocr_line' id='line_1_15' title="bbox 172 1806 1348 1895; baseline 0 -23"><span class='ocrx_word' id='word_1_108' title='bbox 172 1857 184 1872; x_wconf 78' lang='grc'><strong><em>,</em></strong></span> <span class='ocrx_word' id='word_1_109' title='bbox 289 1823 458 1872; x_wconf 89' lang='lat' dir='ltr'><strong>momento</strong></span> <span class='ocrx_word' id='word_1_110' title='bbox 474 1806 687 1895; x_wconf 79' lang='lat' dir='ltr'><strong>disparentes,</strong></span> <span class='ocrx_word' id='word_1_111' title='bbox 706 1822 739 1870; x_wconf 91' lang='lat' dir='ltr'><strong>et</strong></span> <span class='ocrx_word' id='word_1_112' title='bbox 756 1806 790 1870; x_wconf 91' lang='lat' dir='ltr'><strong>in</strong></span> <span class='ocrx_word' id='word_1_113' title='bbox 807 1806 943 1872; x_wconf 87' lang='lat' dir='ltr'><strong>latebras</strong></span> <span class='ocrx_word' id='word_1_114' title='bbox 959 1829 1027 1870; x_wconf 92' lang='lat' dir='ltr'><strong>non</strong></span> <span class='ocrx_word' id='word_1_115' title='bbox 1043 1807 1217 1872; x_wconf 84' lang='lat' dir='ltr'><strong>inaccessas</strong></span> <span class='ocrx_word' id='word_1_116' title='bbox 1235 1808 1348 1888; x_wconf 87' lang='lat' dir='ltr'><strong>modo,</strong></span> 
     </span>
    </p>
   </div>
   <div class='ocr_carea' id='block_1_4' title="bbox 242 1907 1353 3210">
    <p class='ocr_par' dir='ltr' id='par_1_5' title="bbox 242 1907 1351 2595">
     <span class='ocr_line' id='line_1_16' title="bbox 287 1907 1351 2000; baseline 0.002 -26"><span class='ocrx_word' id='word_1_117' title='bbox 287 1909 346 1975; x_wconf 87' lang='lat' dir='ltr'><strong>sed</strong></span> <span class='ocrx_word' id='word_1_118' title='bbox 368 1910 465 1974; x_wconf 87' lang='lat' dir='ltr'><strong>etiam</strong></span> <span class='ocrx_word' id='word_1_119' title='bbox 481 1909 661 1997; x_wconf 83' lang='lat' dir='ltr'><strong>incognitas</strong></span> <span class='ocrx_word' id='word_1_120' title='bbox 681 1907 765 1990; x_wconf 85' lang='lat' dir='ltr'><strong>aliis,</strong></span> <span class='ocrx_word' id='word_1_121' title='bbox 785 1907 935 1996; x_wconf 86' lang='lat' dir='ltr'><strong>dilapsos.</strong></span> <span class='ocrx_word' id='word_1_122' title='bbox 956 1908 1072 1996; x_wconf 89' lang='lat' dir='ltr'><strong>Neque</strong></span> <span class='ocrx_word' id='word_1_123' title='bbox 1090 1909 1236 1974; x_wconf 72' lang='lat' dir='ltr'><strong>Muraena</strong></span> <span class='ocrx_word' id='word_1_124' title='bbox 1255 1911 1351 2000; x_wconf 86' lang='lat' dir='ltr'><strong>igitur</strong></span> 
     </span>
     <span class='ocr_line' id='line_1_17' title="bbox 287 2008 1349 2100; baseline -0.002 -24"><span class='ocrx_word' id='word_1_125' title='bbox 287 2033 451 2093; x_wconf 88' lang='lat' dir='ltr'><strong>coercere,</strong></span> <span class='ocrx_word' id='word_1_126' title='bbox 465 2011 540 2075; x_wconf 88' lang='lat' dir='ltr'><strong>licet</strong></span> <span class='ocrx_word' id='word_1_127' title='bbox 547 2011 665 2089; x_wconf 85' lang='lat' dir='ltr'><strong>victos,</strong></span> <span class='ocrx_word' id='word_1_128' title='bbox 676 2024 846 2096; x_wconf 80' lang='lat' dir='ltr'><strong>pomerat3</strong></span> <span class='ocrx_word' id='word_1_129' title='bbox 860 2031 967 2096; x_wconf 90' lang='lat' dir='ltr'><strong>neque</strong></span> <span class='ocrx_word' id='word_1_130' title='bbox 979 2010 1092 2090; x_wconf 87' lang='lat' dir='ltr'><strong>majori</strong></span> <span class='ocrx_word' id='word_1_131' title='bbox 1103 2008 1256 2100; x_wconf 82' lang='lat' dir='ltr'><strong>deinceps</strong></span> <span class='ocrx_word' id='word_1_132' title='bbox 1268 2013 1349 2076; x_wconf 89' lang='lat' dir='ltr'><strong>mole</strong></span> 
     </span>
     <span class='ocr_line' id='line_1_18' title="bbox 286 2109 1351 2202; baseline 0.002 -28"><span class='ocrx_word' id='word_1_133' title='bbox 286 2135 345 2201; x_wconf 91' lang='lat' dir='ltr'><strong>per</strong></span> <span class='ocrx_word' id='word_1_134' title='bbox 365 2113 489 2199; x_wconf 88' lang='lat' dir='ltr'><strong>aliquot</strong></span> <span class='ocrx_word' id='word_1_135' title='bbox 512 2111 687 2175; x_wconf 85' lang='lat' dir='ltr'><strong>continuos</strong></span> <span class='ocrx_word' id='word_1_136' title='bbox 711 2131 815 2174; x_wconf 90' lang='lat' dir='ltr'><strong>annos</strong></span> <span class='ocrx_word' id='word_1_137' title='bbox 839 2109 1032 2177; x_wconf 87' lang='lat' dir='ltr'><strong>incumbens</strong></span> <span class='ocrx_word' id='word_1_138' title='bbox 1056 2111 1227 2176; x_wconf 83' lang='lat' dir='ltr'><strong>isauricus.</strong></span> <span class='ocrx_word' id='word_1_139' title='bbox 1249 2114 1351 2202; x_wconf 77' lang='lat' dir='ltr'><strong>Igitur</strong></span> 
     </span>
     <span class='ocr_line' id='line_1_19' title="bbox 242 2209 1351 2301; baseline 0.001 -24"><span class='ocrx_word' id='word_1_140' title='bbox 242 2210 246 2219; x_wconf 74' lang='grc'><em>’</em></span> <span class='ocrx_word' id='word_1_141' title='bbox 285 2235 405 2300; x_wconf 85' lang='lat' dir='ltr'><strong>magno</strong></span> <span class='ocrx_word' id='word_1_142' title='bbox 419 2212 522 2300; x_wconf 89' lang='lat' dir='ltr'><strong>plebis</strong></span> <span class='ocrx_word' id='word_1_143' title='bbox 535 2212 692 2300; x_wconf 88' lang='lat' dir='ltr'><strong>applausu</strong></span> <span class='ocrx_word' id='word_1_144' title='bbox 709 2211 814 2300; x_wconf 87' lang='lat' dir='ltr'><strong>legem</strong></span> <span class='ocrx_word' id='word_1_145' title='bbox 824 2209 982 2276; x_wconf 88' lang='lat' dir='ltr'><strong>Gabinius</strong></span> <span class='ocrx_word' id='word_1_146' title='bbox 995 2213 1229 2301; x_wconf 82' lang='lat' dir='ltr'><strong>promulgavit,</strong></span> <span class='ocrx_word' id='word_1_147' title='bbox 1248 2216 1298 2278; x_wconf 83' lang='lat' dir='ltr'><strong>uti</strong></span> <span class='ocrx_word' id='word_1_148' title='bbox 1309 2238 1351 2278; x_wconf 78' lang='lat' dir='ltr'><strong>cu</strong></span> 
     </span>
     <span class='ocr_line' id='line_1_20' title="bbox 285 2311 1349 2403; baseline 0.003 -28"><span class='ocrx_word' id='word_1_149' title='bbox 285 2315 374 2377; x_wconf 78' lang='lat' dir='ltr'><strong>omru‘</strong></span> <span class='ocrx_word' id='word_1_150' title='bbox 383 2311 598 2376; x_wconf 76' lang='lat' dir='ltr'><strong>consularium</strong></span> <span class='ocrx_word' id='word_1_151' title='bbox 609 2334 738 2375; x_wconf 82' lang='lat' dir='ltr'><strong>numero</strong></span> <span class='ocrx_word' id='word_1_152' title='bbox 752 2333 834 2376; x_wconf 86' lang='lat' dir='ltr'><strong>uuus</strong></span> <span class='ocrx_word' id='word_1_153' title='bbox 852 2311 1058 2399; x_wconf 69' lang='lat' dir='ltr'><strong>deligeretur,</strong></span> <span class='ocrx_word' id='word_1_154' title='bbox 1072 2315 1126 2378; x_wconf 87' lang='lat' dir='ltr'><strong>cui</strong></span> <span class='ocrx_word' id='word_1_155' title='bbox 1139 2316 1303 2403; x_wconf 82' lang='lat' dir='ltr'><strong>imperium</strong></span> <span class='ocrx_word' id='word_1_156' title='bbox 1319 2317 1349 2378; x_wconf 87' lang='lat' dir='ltr'><strong>in</strong></span> 
     </span>
     <span class='ocr_line' id='line_1_21' title="bbox 286 2410 1349 2507; baseline 0.002 -28"><span class='ocrx_word' id='word_1_157' title='bbox 286 2415 459 2479; x_wconf 77' lang='lat' dir='ltr'><strong>triennium</strong></span> <span class='ocrx_word' id='word_1_158' title='bbox 476 2425 553 2478; x_wconf 82' lang='lat' dir='ltr'><strong>essct</strong></span> <span class='ocrx_word' id='word_1_159' title='bbox 560 2438 573 2494; x_wconf 90' lang='lat'><em>;</em></span> <span class='ocrx_word' id='word_1_160' title='bbox 592 2413 737 2503; x_wconf 66' lang='lat' dir='ltr'><strong>Memquc</strong></span> <span class='ocrx_word' id='word_1_161' title='bbox 752 2410 887 2500; x_wconf 78' lang='lat' dir='ltr'><strong>legatos,</strong></span> <span class='ocrx_word' id='word_1_162' title='bbox 906 2425 1059 2503; x_wconf 82' lang='lat' dir='ltr'><strong>quotquot</strong></span> <span class='ocrx_word' id='word_1_163' title='bbox 1074 2437 1118 2479; x_wconf 78' lang='lat' dir='ltr'><strong>ex</strong></span> <span class='ocrx_word' id='word_1_164' title='bbox 1134 2437 1192 2481; x_wconf 86' lang='lat' dir='ltr'><strong>usu</strong></span> <span class='ocrx_word' id='word_1_165' title='bbox 1195 2415 1279 2503; x_wconf 77' lang='lat' dir='ltr'><strong>sore</strong></span> <span class='ocrx_word' id='word_1_166' title='bbox 1288 2439 1349 2507; x_wconf 85' lang='lat' dir='ltr'><strong>pu·</strong></span> 
     </span>
     <span class='ocr_line' id='line_1_22' title="bbox 286 2516 594 2595; baseline -0.006 -15"><span class='ocrx_word' id='word_1_167' title='bbox 286 2530 384 2595; x_wconf 81' lang='lat' dir='ltr'><strong>taret,</strong></span> <span class='ocrx_word' id='word_1_168' title='bbox 401 2516 594 2579; x_wconf 67' lang='lat' dir='ltr'><strong>adscisceret.</strong></span> 
     </span>
    </p>

    <p class='ocr_par' dir='ltr' id='par_1_6' title="bbox 283 2614 1353 3210">
     <span class='ocr_line' id='line_1_23' title="bbox 329 2614 1349 2703; baseline 0.001 -21"><span class='ocrx_word' id='word_1_169' title='bbox 329 2618 387 2682; x_wconf 83' lang='lat' dir='ltr'><strong>lx.</strong></span> <span class='ocrx_word' id='word_1_170' title='bbox 404 2614 486 2679; x_wconf 93' lang='lat' dir='ltr'><strong>Idne</strong></span> <span class='ocrx_word' id='word_1_171' title='bbox 504 2616 654 2703; x_wconf 90' lang='lat' dir='ltr'><strong>Pompeii</strong></span> <span class='ocrx_word' id='word_1_172' title='bbox 668 2615 836 2681; x_wconf 86' lang='lat' dir='ltr'><strong>voluntate</strong></span> <span class='ocrx_word' id='word_1_173' title='bbox 855 2615 1032 2698; x_wconf 86' lang='lat' dir='ltr'><strong>Gabinius,</strong></span> <span class='ocrx_word' id='word_1_174' title='bbox 1053 2638 1093 2681; x_wconf 86' lang='lat' dir='ltr'><strong>an</strong></span> <span class='ocrx_word' id='word_1_175' title='bbox 1115 2617 1201 2681; x_wconf 88' lang='lat' dir='ltr'><strong>ultro</strong></span> <span class='ocrx_word' id='word_1_176' title='bbox 1218 2618 1349 2701; x_wconf 87' lang='lat' dir='ltr'><strong>fecerit,</strong></span> 
     </span>
     <span class='ocr_line' id='line_1_24' title="bbox 286 2717 1353 2806; baseline 0.002 -25"><span class='ocrx_word' id='word_1_177' title='bbox 286 2735 325 2782; x_wconf 92' lang='lat' dir='ltr'><strong>ut</strong></span> <span class='ocrx_word' id='word_1_178' title='bbox 339 2717 421 2783; x_wconf 84' lang='lat' dir='ltr'><strong>tanti</strong></span> <span class='ocrx_word' id='word_1_179' title='bbox 434 2718 494 2781; x_wconf 85' lang='lat' dir='ltr'><strong>viri</strong></span> <span class='ocrx_word' id='word_1_180' title='bbox 506 2732 725 2805; x_wconf 85' lang='lat' dir='ltr'><strong>aucuparetur</strong></span> <span class='ocrx_word' id='word_1_181' title='bbox 734 2718 882 2806; x_wconf 78' lang='lat' dir='ltr'><strong>gratiam,</strong></span> <span class='ocrx_word' id='word_1_182' title='bbox 895 2718 1056 2783; x_wconf 87' lang='lat' dir='ltr'><strong>incertum</strong></span> <span class='ocrx_word' id='word_1_183' title='bbox 1070 2736 1136 2801; x_wconf 88' lang='lat' dir='ltr'><strong>est;</strong></span> <span class='ocrx_word' id='word_1_184' title='bbox 1151 2718 1232 2783; x_wconf 91' lang='lat' dir='ltr'><strong>illud</strong></span> <span class='ocrx_word' id='word_1_185' title='bbox 1244 2721 1353 2785; x_wconf 87' lang='lat' dir='ltr'><strong>certis·</strong></span> 
     </span>
     <span class='ocr_line' id='line_1_25' title="bbox 284 2818 1349 2907; baseline 0.002 -23"><span class='ocrx_word' id='word_1_186' title='bbox 284 2821 422 2900; x_wconf 86' lang='lat' dir='ltr'><strong>simum,</strong></span> <span class='ocrx_word' id='word_1_187' title='bbox 439 2840 507 2881; x_wconf 94' lang='lat' dir='ltr'><strong>non</strong></span> <span class='ocrx_word' id='word_1_188' title='bbox 520 2840 590 2884; x_wconf 83' lang='lat' dir='ltr'><strong>esse</strong></span> <span class='ocrx_word' id='word_1_189' title='bbox 602 2818 775 2883; x_wconf 91' lang='lat' dir='ltr'><strong>inductum</strong></span> <span class='ocrx_word' id='word_1_190' title='bbox 793 2840 904 2883; x_wconf 87' lang='lat' dir='ltr'><strong>amore</strong></span> <span class='ocrx_word' id='word_1_191' title='bbox 915 2818 1117 2907; x_wconf 72' lang='lat' dir='ltr'><strong>reipublice,</strong></span> <span class='ocrx_word' id='word_1_192' title='bbox 1134 2840 1232 2907; x_wconf 86' lang='lat' dir='ltr'><strong>qutun</strong></span> <span class='ocrx_word' id='word_1_193' title='bbox 1250 2820 1349 2885; x_wconf 93' lang='lat' dir='ltr'><strong>homo</strong></span> 
     </span>
     <span class='ocr_line' id='line_1_26' title="bbox 283 2918 1350 3011; baseline -0.004 -24"><span class='ocrx_word' id='word_1_194' title='bbox 283 2924 442 3011; x_wconf 85' lang='lat' dir='ltr'><strong>pessimus</strong></span> <span class='ocrx_word' id='word_1_195' title='bbox 454 2921 488 2985; x_wconf 91' lang='lat' dir='ltr'><strong>in</strong></span> <span class='ocrx_word' id='word_1_196' title='bbox 501 2921 593 2984; x_wconf 89' lang='lat' dir='ltr'><strong>nullo</strong></span> <span class='ocrx_word' id='word_1_197' title='bbox 609 2942 747 2985; x_wconf 86' lang='lat' dir='ltr'><strong>numero</strong></span> <span class='ocrx_word' id='word_1_198' title='bbox 763 2918 913 2983; x_wconf 87' lang='lat' dir='ltr'><strong>ducebat.</strong></span> <span class='ocrx_word' id='word_1_199' title='bbox 931 2919 1020 2983; x_wconf 89' lang='lat' dir='ltr'><strong>Licet</strong></span> <span class='ocrx_word' id='word_1_200' title='bbox 1035 2936 1144 2983; x_wconf 83' lang='lat' dir='ltr'><strong>nutem</strong></span> <span class='ocrx_word' id='word_1_201' title='bbox 1160 2920 1350 2985; x_wconf 90' lang='lat' dir='ltr'><strong>nominatus</strong></span> 
     </span>
     <span class='ocr_line' id='line_1_27' title="bbox 283 3019 1349 3113; baseline 0 -26"><span class='ocrx_word' id='word_1_202' title='bbox 283 3025 317 3087; x_wconf 92' lang='lat' dir='ltr'><strong>in</strong></span> <span class='ocrx_word' id='word_1_203' title='bbox 332 3026 403 3113; x_wconf 92' lang='lat' dir='ltr'><strong>lege</strong></span> <span class='ocrx_word' id='word_1_204' title='bbox 418 3023 592 3112; x_wconf 89' lang='lat' dir='ltr'><strong>Pompeius</strong></span> <span class='ocrx_word' id='word_1_205' title='bbox 609 3044 677 3087; x_wconf 92' lang='lat' dir='ltr'><strong>non</strong></span> <span class='ocrx_word' id='word_1_206' title='bbox 695 3036 780 3102; x_wconf 87' lang='lat' dir='ltr'><strong>erat,</strong></span> <span class='ocrx_word' id='word_1_207' title='bbox 797 3019 938 3085; x_wconf 84' lang='lat' dir='ltr'><strong>dubitari</strong></span> <span class='ocrx_word' id='word_1_208' title='bbox 955 3036 1063 3085; x_wconf 88' lang='lat' dir='ltr'><strong>tamen</strong></span> <span class='ocrx_word' id='word_1_209' title='bbox 1079 3020 1251 3107; x_wconf 87' lang='lat' dir='ltr'><strong>nequibat,</strong></span> <span class='ocrx_word' id='word_1_210' title='bbox 1269 3022 1349 3109; x_wconf 91' lang='lat' dir='ltr'><strong>quin</strong></span> 
     </span>
     <span class='ocr_line' id='line_1_28' title="bbox 284 3120 1349 3210; baseline -0.004 -21"><span class='ocrx_word' id='word_1_211' title='bbox 284 3143 359 3190; x_wconf 89' lang='lat' dir='ltr'><strong>ante</strong></span> <span class='ocrx_word' id='word_1_212' title='bbox 381 3148 496 3190; x_wconf 87' lang='lat' dir='ltr'><strong>omnes</strong></span> <span class='ocrx_word' id='word_1_213' title='bbox 521 3125 614 3189; x_wconf 90' lang='lat' dir='ltr'><strong>illum</strong></span> <span class='ocrx_word' id='word_1_214' title='bbox 636 3122 798 3187; x_wconf 87' lang='lat' dir='ltr'><strong>electurus</strong></span> <span class='ocrx_word' id='word_1_215' title='bbox 824 3123 965 3210; x_wconf 89' lang='lat' dir='ltr'><strong>populus</strong></span> <span class='ocrx_word' id='word_1_216' title='bbox 988 3137 1099 3185; x_wconf 88' lang='lat' dir='ltr'><strong>esset:</strong></span> <span class='ocrx_word' id='word_1_217' title='bbox 1122 3120 1222 3207; x_wconf 89' lang='lat' dir='ltr'><strong>idque</strong></span> <span class='ocrx_word' id='word_1_218' title='bbox 1252 3123 1349 3185; x_wconf 87' lang='lat' dir='ltr'><strong>simul</strong></span> 
     </span>
    </p>
   </div>
   <div class='ocr_carea' id='block_1_5' title="bbox 278 3212 1352 3917">
    <p class='ocr_par' dir='ltr' id='par_1_7' title="bbox 278 3212 1352 3917">
     <span class='ocr_line' id='line_1_29' title="bbox 282 3212 1350 3312; baseline -0.002 -23"><span class='ocrx_word' id='word_1_219' title='bbox 282 3242 379 3312; x_wconf 82' lang='lat' dir='ltr'><strong>atquo</strong></span> <span class='ocrx_word' id='word_1_220' title='bbox 393 3225 524 3289; x_wconf 87' lang='lat' dir='ltr'><strong>recitata</strong></span> <span class='ocrx_word' id='word_1_221' title='bbox 537 3225 588 3288; x_wconf 82' lang='lat' dir='ltr'><strong>lex</strong></span> <span class='ocrx_word' id='word_1_222' title='bbox 598 3241 682 3306; x_wconf 89' lang='lat' dir='ltr'><strong>erat,</strong></span> <span class='ocrx_word' id='word_1_223' title='bbox 695 3212 870 3312; x_wconf 86' lang='lat' dir='ltr'><strong>apparebat</strong></span> <span class='ocrx_word' id='word_1_224' title='bbox 881 3222 1028 3287; x_wconf 82' lang='lat' dir='ltr'><strong>futurum</strong></span> <span class='ocrx_word' id='word_1_225' title='bbox 1045 3244 1131 3304; x_wconf 90' lang='lat' dir='ltr'><strong>esse,</strong></span> <span class='ocrx_word' id='word_1_226' title='bbox 1148 3223 1276 3287; x_wconf 86' lang='lat' dir='ltr'><strong>cunctis</strong></span> <span class='ocrx_word' id='word_1_227' title='bbox 1288 3240 1350 3287; x_wconf 90' lang='lat' dir='ltr'><strong>sta·</strong></span> 
     </span>
     <span class='ocr_line' id='line_1_30' title="bbox 282 3321 1349 3414; baseline -0.002 -25"><span class='ocrx_word' id='word_1_228' title='bbox 282 3326 340 3391; x_wconf 86' lang='lat' dir='ltr'><strong>tim</strong></span> <span class='ocrx_word' id='word_1_229' title='bbox 352 3325 394 3389; x_wconf 90' lang='lat' dir='ltr'><strong>ad</strong></span> <span class='ocrx_word' id='word_1_230' title='bbox 406 3326 599 3414; x_wconf 90' lang='lat' dir='ltr'><strong>Pompeium</strong></span> <span class='ocrx_word' id='word_1_231' title='bbox 614 3323 871 3412; x_wconf 84' lang='lat' dir='ltr'><strong>respicientibus.</strong></span> <span class='ocrx_word' id='word_1_232' title='bbox 889 3321 952 3387; x_wconf 89' lang='lat' dir='ltr'><strong>Sed</strong></span> <span class='ocrx_word' id='word_1_233' title='bbox 967 3323 1094 3405; x_wconf 91' lang='lat' dir='ltr'><strong>Patres,</strong></span> <span class='ocrx_word' id='word_1_234' title='bbox 1112 3344 1302 3410; x_wconf 84' lang='lat' dir='ltr'><strong>quanquam</strong></span> <span class='ocrx_word' id='word_1_235' title='bbox 1317 3324 1349 3388; x_wconf 89' lang='lat' dir='ltr'><strong>in</strong></span> 
     </span>
     <span class='ocr_line' id='line_1_31' title="bbox 281 3424 1352 3513; baseline -0.002 -22"><span class='ocrx_word' id='word_1_236' title='bbox 281 3426 328 3491; x_wconf 89' lang='lat' dir='ltr'><strong>M.</strong></span> <span class='ocrx_word' id='word_1_237' title='bbox 340 3426 483 3489; x_wconf 82' lang='lat' dir='ltr'><strong>Antonio</strong></span> <span class='ocrx_word' id='word_1_238' title='bbox 497 3426 636 3489; x_wconf 88' lang='lat' dir='ltr'><strong>similem</strong></span> <span class='ocrx_word' id='word_1_239' title='bbox 650 3442 725 3489; x_wconf 87' lang='lat' dir='ltr'><strong>ante</strong></span> <span class='ocrx_word' id='word_1_240' title='bbox 739 3440 933 3513; x_wconf 78' lang='lat' dir='ltr'><strong>potestatem</strong></span> <span class='ocrx_word' id='word_1_241' title='bbox 948 3424 1106 3505; x_wconf 87' lang='lat' dir='ltr'><strong>tulerant,</strong></span> <span class='ocrx_word' id='word_1_242' title='bbox 1121 3424 1238 3512; x_wconf 87' lang='lat' dir='ltr'><strong>partim</strong></span> <span class='ocrx_word' id='word_1_243' title='bbox 1253 3448 1352 3489; x_wconf 79' lang='lat' dir='ltr'><strong>mmu-</strong></span> 
     </span>
     <span class='ocr_line' id='line_1_32' title="bbox 280 3526 1349 3622; baseline 0.001 -32"><span class='ocrx_word' id='word_1_244' title='bbox 280 3526 414 3605; x_wconf 86' lang='lat' dir='ltr'><strong>latioue‚</strong></span> <span class='ocrx_word' id='word_1_245' title='bbox 436 3526 545 3612; x_wconf 86' lang='lat' dir='ltr'><strong>plures</strong></span> <span class='ocrx_word' id='word_1_246' title='bbox 567 3542 659 3591; x_wconf 87' lang='lat' dir='ltr'><strong>metu</strong></span> <span class='ocrx_word' id='word_1_247' title='bbox 681 3526 838 3613; x_wconf 88' lang='lat' dir='ltr'><strong>correpti,</strong></span> <span class='ocrx_word' id='word_1_248' title='bbox 862 3548 904 3589; x_wconf 89' lang='lat' dir='ltr'><strong>ne</strong></span> <span class='ocrx_word' id='word_1_249' title='bbox 926 3542 1095 3622; x_wconf 81' lang='lat' dir='ltr'><strong>acceptum</strong></span> <span class='ocrx_word' id='word_1_250' title='bbox 1119 3526 1218 3589; x_wconf 88' lang='lat' dir='ltr'><strong>semel</strong></span> <span class='ocrx_word' id='word_1_251' title='bbox 1243 3526 1349 3614; x_wconf 89' lang='lat' dir='ltr'><strong>impe·</strong></span> 
     </span>
     <span class='ocr_line' id='line_1_33' title="bbox 280 3625 1350 3713; baseline 0.002 -24"><span class='ocrx_word' id='word_1_252' title='bbox 280 3627 366 3689; x_wconf 89' lang='lat' dir='ltr'><strong>rium</strong></span> <span class='ocrx_word' id='word_1_253' title='bbox 384 3628 445 3687; x_wconf 88' lang='lat' dir='ltr'><strong>Cn.</strong></span> <span class='ocrx_word' id='word_1_254' title='bbox 457 3626 649 3713; x_wconf 89' lang='lat' dir='ltr'><strong>Pompeius,</strong></span> <span class='ocrx_word' id='word_1_255' title='bbox 669 3626 827 3713; x_wconf 89' lang='lat' dir='ltr'><strong>quamdiu</strong></span> <span class='ocrx_word' id='word_1_256' title='bbox 843 3627 952 3709; x_wconf 86' lang='lat' dir='ltr'><strong>vellet,</strong></span> <span class='ocrx_word' id='word_1_257' title='bbox 970 3625 1138 3709; x_wconf 70' lang='lat' dir='ltr'><strong>tetineret,</strong></span> <span class='ocrx_word' id='word_1_258' title='bbox 1157 3626 1200 3689; x_wconf 89' lang='lat' dir='ltr'><strong>ita</strong></span> <span class='ocrx_word' id='word_1_259' title='bbox 1218 3629 1350 3693; x_wconf 87' lang='lat' dir='ltr'><strong>resiste·</strong></span> 
     </span>
     <span class='ocr_line' id='line_1_34' title="bbox 278 3726 1347 3816; baseline -0.001 -26"><span class='ocrx_word' id='word_1_260' title='bbox 278 3728 372 3807; x_wconf 87' lang='lat' dir='ltr'><strong>bant,</strong></span> <span class='ocrx_word' id='word_1_261' title='bbox 396 3741 435 3788; x_wconf 93' lang='lat' dir='ltr'><strong>ut</strong></span> <span class='ocrx_word' id='word_1_262' title='bbox 456 3726 565 3813; x_wconf 91' lang='lat' dir='ltr'><strong>potius</strong></span> <span class='ocrx_word' id='word_1_263' title='bbox 586 3727 697 3789; x_wconf 89' lang='lat' dir='ltr'><strong>omnia</strong></span> <span class='ocrx_word' id='word_1_264' title='bbox 714 3727 839 3816; x_wconf 89' lang='lat' dir='ltr'><strong>piratici</strong></span> <span class='ocrx_word' id='word_1_265' title='bbox 861 3727 980 3791; x_wconf 86' lang='lat' dir='ltr'><strong>furoris</strong></span> <span class='ocrx_word' id='word_1_266' title='bbox 1002 3726 1229 3808; x_wconf 84' lang='lat' dir='ltr'><strong>incommoda,</strong></span> <span class='ocrx_word' id='word_1_267' title='bbox 1248 3751 1347 3816; x_wconf 87' lang='lat' dir='ltr'><strong>quarn</strong></span> 
     </span>
     <span class='ocr_line' id='line_1_35' title="bbox 279 3826 868 3917; baseline -0.007 -23"><span class='ocrx_word' id='word_1_268' title='bbox 279 3832 373 3894; x_wconf 87' lang='lat' dir='ltr'><strong>istam</strong></span> <span class='ocrx_word' id='word_1_269' title='bbox 392 3828 511 3917; x_wconf 86' lang='lat' dir='ltr'><strong>legem,</strong></span> <span class='ocrx_word' id='word_1_270' title='bbox 527 3827 651 3915; x_wconf 85' lang='lat' dir='ltr'><strong>passuri</strong></span> <span class='ocrx_word' id='word_1_271' title='bbox 668 3826 868 3891; x_wconf 80' lang='lat' dir='ltr'><strong>viderentur.</strong></span> 
     </span>
    </p>
   </div>
   <div class='ocr_carea' id='block_1_6' title="bbox 278 4050 1345 4201">
    <p class='ocr_par' dir='ltr' id='par_1_8' title="bbox 278 4050 1345 4201">
     <span class='ocr_line' id='line_1_36' title="bbox 313 4050 1345 4119; baseline -0.006 -17"><span class='ocrx_word' id='word_1_272' title='bbox 313 4054 329 4119; x_wconf 69' lang='lat' dir='ltr'>s</span> <span class='ocrx_word' id='word_1_273' title='bbox 343 4056 398 4102; x_wconf 82' lang='lat' dir='ltr'><strong>vtt.</strong></span> <span class='ocrx_word' id='word_1_274' title='bbox 413 4054 521 4118; x_wconf 80' lang='lat' dir='ltr'><strong>Appian.</strong></span> <span class='ocrx_word' id='word_1_275' title='bbox 533 4078 568 4091; x_wconf 89' lang='lat'>-</span> <span class='ocrx_word' id='word_1_276' title='bbox 581 4052 646 4101; x_wconf 84' lang='lat' dir='ltr'><strong>Plut.</strong></span> <span class='ocrx_word' id='word_1_277' title='bbox 656 4080 688 4088; x_wconf 93' lang='lat'><em>-</em></span> <span class='ocrx_word' id='word_1_278' title='bbox 702 4051 719 4115; x_wconf 71' lang='lat' dir='ltr'>s</span> <span class='ocrx_word' id='word_1_279' title='bbox 731 4052 802 4099; x_wconf 83' lang='lat' dir='ltr'><strong>vlu.</strong></span> <span class='ocrx_word' id='word_1_280' title='bbox 813 4050 921 4114; x_wconf 71' lang='lat' dir='ltr'><strong>Appian-</strong></span> <span class='ocrx_word' id='word_1_281' title='bbox 930 4051 1035 4100; x_wconf 74' lang='lat' dir='ltr'><strong>-rtue</strong></span> <span class='ocrx_word' id='word_1_282' title='bbox 1045 4078 1079 4089; x_wconf 86' lang='lat'><strong>--</strong></span> <span class='ocrx_word' id='word_1_283' title='bbox 1090 4052 1154 4106; x_wconf 86' lang='lat' dir='ltr'><strong>Dio,</strong></span> <span class='ocrx_word' id='word_1_284' title='bbox 1168 4052 1213 4100; x_wconf 86' lang='lat' dir='ltr'><strong>lib.</strong></span> <span class='ocrx_word' id='word_1_285' title='bbox 1221 4053 1345 4101; x_wconf 77' lang='lat' dir='ltr'><strong>xxxvl.</strong></span> 
     </span>
     <span class='ocr_line' id='line_1_37' title="bbox 278 4134 955 4201; baseline -0.004 -16"><span class='ocrx_word' id='word_1_286' title='bbox 278 4164 314 4175; x_wconf 92' lang='lat'><strong>-·</strong></span> <span class='ocrx_word' id='word_1_287' title='bbox 325 4137 342 4201; x_wconf 70' lang='grc'>5</span> <span class='ocrx_word' id='word_1_288' title='bbox 353 4139 399 4186; x_wconf 88' lang='lat' dir='ltr'><strong>IX.</strong></span> <span class='ocrx_word' id='word_1_289' title='bbox 413 4136 477 4184; x_wconf 87' lang='lat' dir='ltr'><strong>Plot.</strong></span> <span class='ocrx_word' id='word_1_290' title='bbox 486 4162 522 4173; x_wconf 89' lang='lat'>-</span> <span class='ocrx_word' id='word_1_291' title='bbox 533 4138 621 4184; x_wconf 81' lang='lat' dir='ltr'><strong>Zonar.</strong></span> <span class='ocrx_word' id='word_1_292' title='bbox 632 4134 733 4182; x_wconf 82' lang='lat' dir='ltr'><strong>-Vcll</strong></span> <span class='ocrx_word' id='word_1_293' title='bbox 749 4136 787 4194; x_wconf 88' lang='lat'><strong>11,</strong></span> <span class='ocrx_word' id='word_1_294' title='bbox 803 4134 844 4180; x_wconf 76' lang='lat'><strong>31.</strong></span> <span class='ocrx_word' id='word_1_295' title='bbox 853 4160 887 4171; x_wconf 87' lang='lat'><em>-</em></span> <span class='ocrx_word' id='word_1_296' title='bbox 898 4134 955 4182; x_wconf 88' lang='lat' dir='ltr'><strong>Dio.</strong></span> 
     </span>
    </p>
   </div>
   <div class='ocr_carea' id='block_1_7' title="bbox 0 0 1442 4900">
    <p class='ocr_par' dir='ltr' id='par_1_9' title="bbox 0 0 1442 4900">
     <span class='ocr_line' id='line_1_38' title="bbox 0 0 1442 4900; baseline 0 4"><span class='ocrx_word' id='word_1_297' title='bbox 0 0 1442 4900; x_wconf 95' lang='lat' dir='ltr'><strong> </strong></span> 
     </span>
    </p>
   </div>
  </div>
 </body>
</html>
