2875 4900
301 422 355 491 IN
385 422 498 491 LOC.
523 420 619 519 ml·
646 420 712 487 CV
742 418 957 489 LlVIANl.
1094 417 1158 517 571

95 545 156 607 iter
167 543 392 622 confecerant,
408 565 475 606 una
493 555 588 605 nocte
604 561 681 603 cum
695 537 861 626 equitibus
873 540 1165 627 remensi,que1n·

95 642 272 707 admodum
289 649 512 733 speraverant,
529 641 699 729 Menapios
719 639 760 704 ad
776 641 927 729 pristinas
945 640 1038 706 sedes
1053 665 1164 707 rerer·

95 764 145 809 sos
162 760 404 831 oppresserunt.
419 742 563 811 Naribus
574 740 693 807 deinde
709 742 842 831 captivis
855 743 1042 826 transvecti,
1060 766 1164 831 quum

94 846 235 909 colentes
255 846 288 909 in
310 845 408 909 altera
430 845 498 932 ripa
517 843 611 907 inscii
628 832 779 907 omnium
797 860 922 924 essent,
942 858 1012 907 tota
1031 844 1164 933 regione

94 962 270 1035 occupata,
300 968 359 1034 per
385 945 543 1033 reliquam
567 944 685 1008 hiemis
714 960 840 1031 partem
864 943 912 1007 ibi
937 944 1164 1010 substiterunt.

94 1049 170 1113 lllox
194 1070 212 1111 a
238 1044 434 1135 quibusdam
462 1046 573 1112 Galliae
596 1045 781 1127 civitatibus
808 1044 1015 1112 clandestinis
1039 1047 1164 1111 nuntiis

95 1148 208 1229 exciti,
231 1148 265 1211 in
286 1146 367 1211 lines
391 1147 585 1211 Eburonum
607 1160 640 1211 et
665 1145 936 1227 Condrusorum,
958 1148 1016 1235 qni
1038 1164 1108 1213 tum
1129 1149 1164 1212 in

94 1250 240 1314 clientela
250 1248 459 1313 'herirornm
472 1264 584 1330 erant,
599 1264 840 1335 processerunt.
855 1251 979 1332 Caesar,
990 1264 1164 1337 postquam

93 1351 133 1416 de
152 1352 204 1415 his
219 1352 316 1415 rebus
334 1351 453 1415 certior
468 1350 571 1414 factus
587 1364 653 1431 est,
671 1349 808 1432 timens,
825 1372 868 1413 ne
885 1350 994 1415 Gallos
1010 1374 1071 1439 pro
1089 1374 1164 1414 mu-

95 1452 248 1517 tabilitate
275 1454 460 1520 animorum
486 1452 556 1515 haec
582 1451 710 1516 occasio
731 1452 770 1515 in
796 1452 1006 1517 rebellionem
1032 1468 1163 1543 ageret,

94 1556 236 1619 exercitu
253 1570 384 1636 coacto,
402 1554 464 1618 iter
476 1552 518 1617 ad
532 1575 570 1617 ea
584 1552 654 1617 loca
671 1544 897 1641 lacere'coepit.
954 1583 962 1598 .

134 1658 170 1721 L.
187 1656 226 1719 ln
244 1678 284 1720 eo
303 1655 420 1720 itinere
436 1654 533 1743 legati
549 1654 788 1720 Germanorum
804 1670 1035 1736 occurrerunt,
1055 1675 1163 1743 neque

93 1754 301 1844 deprecantes
317 1756 456 1837 bellum,
470 1772 505 1819 et
516 1757 693 1819 amr'citianr
708 1754 806 1819 malle
823 1755 978 1843 professi,
993 1756 1088 1819 modo
1102 1756 1165 1821 da·

94 1872 140 1921 ret
153 1880 270 1946 agrum
288 1856 409 1939 Caesar,
430 1871 491 1921 aut
504 1871 620 1938 tenere,
638 1880 732 1946 quem
743 1870 964 1947 occupassent,
983 1870 1164 1946 pateretur:
1272 1912 1279 1923 .

93 1956 306 2039 addiderunt,
320 1959 467 2023 sessionis
481 1958 587 2022 Sacris
602 1958 786 2039 sarcerdote,
804 1960 914 2047 quihus
928 1982 967 2022 ne
978 1959 1028 2021 dii
1038 1958 1165 2047 quidem

93 2056 283 2121 inmortales
292 2081 389 2146 pares
403 2080 465 2123 esse
477 2062 617 2147 possint‚·
633 2060 790 2148 relt'apuurn
803 2061 930 2149 quadem
947 2062 979 2123 in
999 2062 1088 2124 terris
1103 2082 1165 2124 esse

92 2164 262 2238 neminem,
278 2182 371 2250 quern
382 2182 447 2223 non
462 2182 608 2251 superare
614 2164 748 2249 possint.
762 2164 868 2226 Caesar
880 2159 923 2225 ad
935 2161 1006 2225 haec
1018 2160 1162 2249 negarit,

84 2284 200 2349 pacem
215 2262 275 2325 sibi
287 2284 358 2324 cnm
373 2260 421 2324 ltis
434 2283 592 2349 esseposse
599 2309 610 2342 ,
628 2262 728 2326 donec
743 2264 808 2327 sint
820 2264 854 2325 in
870 2260 983 2327 Gallia
991 2285 1005 2341 ‚·
1020 2264 1049 2324 si
1061 2260 1166 2325 velint

91 2366 123 2427 r'n
136 2358 229 2448 fines
249 2363 397 2429 Ubiorum
418 2362 601 2443 concedere,
622 2376 768 2429 acturum
787 2388 819 2428 se
834 2386 907 2427 curn
928 2363 1014 2429 Ubiis
1020 2412 1030 2444 ,
1056 2376 1093 2425 ut
1112 2384 1165 2426 eos

91 2467 260 2555 mephat,
273 2487 442 2556 eorumque
452 2487 546 2554 opera
557 2478 671 2548 contro
683 2489 878 2556 aggressores
884 2467 1000 2531 Sacros
1010 2477 1164 2531 aarum

93 2566 160 2658 ipse
177 2589 258 2631 cnm
274 2567 419 2632 exmdtu
432 2565 649 2656 progreditur.

134 2667 188 2733 bl.
200 2667 313 2750 Quum
326 2665 392 2746 jam
406 2665 496 2732 haud
506 2668 644 2756 amplius
659 2689 817 2756 passuum
825 2667 1001 2732 duodecim
1011 2666 1109 2730 millia
1118 2666 1167 2728 in·

92 2782 140 2832 ter
154 2783 316 2856 utrosque
333 2767 543 2850 interessent,
561 2768 657 2858 legati
677 2769 1038 2834 marcomannorum
1058 2767 1164 2832 oratio

91 2887 128 2932 eo
138 2865 342 2956 pertinebat,
356 2867 504 2932 uttn‘siui
511 2868 571 2932 sibi
579 2871 716 2958 spatium
729 2869 878 2949 daretur,
894 2867 1078 2958 intr-aquosi
1088 2880 1164 2930 tern-

83 2989 145 3058 pus
161 2969 207 3034 de
223 2965 390 3032 oolurstate
409 2968 561 3035 Ubiorum
578 2982 802 3058 cognoscerent.
826 2971 912 3036 Ubiis
933 2968 1161 3046 aromatibus,

90 3067 201 3134 oblata
218 3093 241 3132 a
255 3068 381 3135 Caesare
398 3069 576 3134 conditione
593 3093 709 3136 usuros.
730 3071 813 3154 Quae
828 3070 948 3135 deinde
961 3083 1162 3158 sequuntur,

89 3169 133 3233 sic
154 3169 281 3234 babent
305 3169 492 3260 ambiguam
516 3173 763 3236 estimationem
788 3174 909 3261 culpae,
933 3189 972 3236 ut
993 3170 1164 3260 perfidiam

90 3271 201 3355 potins
210 3271 340 3334 Caesaris
349 3317 361 3366 ,
371 3293 469 3358 quam
482 3272 739 3356 Germanorum,
755 3275 872 3356 fuisse,
884 3275 926 3338 sit
936 3272 1163 3339 verosimilius.

90 3369 191 3453 Nam,
211 3372 296 3436 sicut
321 3373 389 3460 ipse
412 3373 548 3455 fatetur,
571 3397 766 3464 responsum
784 3375 876 3440 dedit
897 3361 1026 3465 legatis,
1051 3398 1082 3438 se
1100 3397 1164 3439 non
1212 3401 1219 3414 .

92 3473 230 3563 amplius
243 3473 348 3537 millio
359 3489 498 3564 quotuor
511 3499 547 3540 eo
560 3477 612 3540 die
618 3499 838 3566 processuram
848 3502 860 3541 .·
867 3491 989 3566 petere,
1005 3489 1042 3540 ut
1049 3478 1165 3565 postri-

90 3573 142 3637 die
154 3575 268 3638 adsint
279 3599 377 3664 quarn
381 3575 650 3666 frequentissimi,
669 3602 733 3668 quo
751 3579 792 3642 de
803 3580 974 3669 postulatis
991 3601 1099 3643 eorum
1114 3601 1165 3643 eo·

87 3689 251 3763 gnosceret
263 3701 274 3740 :
288 3680 454 3742 missurum
472 3679 521 3742 ad
532 3678 718 3768 praefectos,
745 3685 893 3768 quicum
912 3683 1055 3768 equitatu
1076 3679 1165 3742 omni

83 3793 322 3865 processerant,
349 3803 388 3843 ne
411 3781 529 3845 interea
544 3781 695 3870 pralium
718 3785 896 3871 inciperent.
920 3783 1106 3860 Miseritne,
1129 3795 1164 3842 et

46 3887 49 3895 ‘
92 3875 185 3943 dicto·
203 3877 373 3944 audientes
394 3883 538 3968 proelecti
558 3885 773 3967 fiacrint,=ant
789 3901 938 3949 utrorum
960 3883 1054 3970 culpa
1071 3903 1164 3946 com·

91 3980 227 4044 missum
238 3980 280 4045 sit
289 3981 452 4068 praelium,
462 4005 566 4072 quum
576 3986 711 4050 minime
723 3986 862 4073 liqueat,
872 3984 925 4048 rix
936 3999 985 4048 est
994 3981 1165 4060 credibile,

125 4166 141 4231 s
151 4171 179 4216 1..
190 4169 296 4233 Appian.
307 4171 374 4236 apud
386 4169 454 4218 suti.
467 4169 550 4220 Ursin.
562 4198 596 4208 -
611 4172 673 4222 Ces.
