2875 4900
297 331 352 399 IN
380 331 493 398 LOC.
518 331 613 398 LIB.
639 333 766 402 XCVI
795 333 1011 404 LIVIANI.
1121 336 1189 430 293

123 450 286 513 ebrietatis
302 449 500 539 strepebant.
520 451 634 531 Quum
649 449 691 514 ad
708 450 777 514 hec
795 449 866 531 ille,
884 451 950 514 sive
968 451 1112 516 offensus
1129 454 1189 518 hac

122 551 268 632 licentia,
284 553 353 615 sive
372 561 518 616 mentem
535 574 651 616 eorum
668 550 833 632 divinans,
852 553 941 615 velut
958 553 1103 616 animum
1121 577 1190 618 non

120 652 319 733 adverteret,
336 653 371 716 in
383 653 466 717 lecto
474 653 596 732 jaceret
606 653 761 740 supinns3
774 652 937 740 Perperna
948 675 1074 716 merum
1087 676 1190 742 popo·

119 754 202 835 scit,
225 769 260 817 et
279 755 367 817 inter
388 752 570 818 bibendum
593 751 716 817 dimisit
738 775 755 816 e
778 752 929 816 manibus
952 752 1108 840 phialam,
1132 757 1188 840 qui

119 877 223 918 sonus
236 854 461 943 perpetrandae
477 853 573 918 mdis
584 853 715 940 signnm
732 851 907 933 conjuratis
924 867 991 916 erat
1006 876 1014 916 :
1027 875 1064 916 ac
1080 854 1186 916 statim

118 957 305 1037 Antonius,
324 956 383 1044 qui
400 956 436 1019 in
451 977 583 1020 summo
602 955 688 1018 lecto
705 953 932 1036 accumbebat,
955 952 1101 1018 districto
1124 977 1187 1042 pu-

118 1058 220 1145 gione
231 1058 414 1122 Sertorium
424 1056 578 1122 sauciavit
587 1080 598 1137 3
608 1054 727 1120 deinde
740 1056 958 1120 convertentis
971 1077 1006 1118 se
1020 1052 1060 1118 ad
1069 1055 1186 1138 ictum,

117 1173 152 1220 et
173 1179 310 1246 surgere
330 1158 495 1239 conantis,
513 1176 649 1222 manum
672 1173 846 1244 utramque
868 1156 1049 1237 continuit,
1072 1155 1186 1222 duma

116 1256 254 1343 reliquis
270 1256 496 1323 conficeretur.
976 1315 980 1320 .

162 1358 223 1422 xl.
240 1357 400 1442 Custodes
415 1359 563 1446 corporis
582 1358 670 1438 ejus,
687 1379 771 1444 quos
790 1378 919 1444 semper
934 1358 1018 1422 circa
1036 1381 1070 1421 se
1087 1357 1189 1422 habe·

116 1457 192 1540 bat,
207 1458 323 1524 eodem
338 1476 506 1524 momento
518 1482 537 1522 a
548 1459 733 1547 preparatis
746 1457 788 1524 ad
802 1457 926 1522 lacinus
938 1459 1086 1546 occupati
1100 1473 1186 1522 sunt.

116 1561 167 1623 lta
182 1562 349 1626 Sertorius
362 1562 451 1627 exuit
463 1561 581 1641 vitam,
597 1575 750 1625 octavum
762 1575 838 1647 post
852 1580 991 1642 annum,
1008 1582 1105 1646 quam
1118 1560 1188 1623 llis·

115 1662 211 1746 panis
232 1683 269 1726 se
285 1663 403 1728 ducem
423 1662 568 1751 praebere
588 1677 746 1749 coeperat3
767 1682 904 1748 magnus
922 1659 1007 1742 dux,
1026 1678 1059 1724 et
1074 1660 1187 1724 adver·
1269 1745 1270 1749 Ἰ

115 1783 172 1825 sus
193 1760 280 1826 duos
294 1763 523 1851 imperatores,
540 1760 735 1849 Pompeium
753 1777 787 1826 et
801 1761 989 1843 Metellum,
1011 1783 1095 1850 saepe
1111 1785 1185 1850 par,

114 1860 168 1924 v'el
190 1863 397 1949 frequentius
416 1862 543 1943 victor,
566 1861 607 1926 ad
627 1863 780 1929 ultimum
801 1861 949 1926 desertus
973 1878 1006 1926 et
1026 1862 1185 1950 proditus.

115 1963 299 2051 Imperium
312 1965 454 2054 partium
471 1964 514 2028 ad
525 1964 573 2029 M.
588 1965 785 2052 Perpernam
806 1963 997 2028 translatum
1017 1981 1083 2044 est,
1097 1964 1186 2050 quod

114 2061 223 2128 bomo
239 2087 343 2130 vanus
359 2080 393 2130 et
405 2066 538 2153 ineptus
556 2065 636 2130 olim
652 2065 898 2153 concupiverat,
920 2063 1000 2128 nihil
1017 2065 1045 2128 ei
1063 2066 1186 2153 praesti-

114 2177 248 2249 turum,
263 2165 339 2242 nisi,
352 2183 389 2230 ut
402 2182 563 2254 quantum
572 2165 702 2247 ducem,
714 2183 839 2255 quanto
850 2165 985 2232 inferior
993 2167 1072 2258 ipse,
1084 2182 1187 2234 sustu·

115 2265 225 2346 lisset,
241 2266 488 2356 intelligeretur·

158 2368 238 2431 XII.
255 2368 324 2432 Nec
338 2383 446 2432 tamen
462 2368 544 2432 illud
562 2385 628 2434 tam
645 2369 758 2450 infelix
778 2370 947 2457 premium
965 2371 1035 2434 sine
1049 2385 1185 2436 conten-

115 2469 207 2532 tione
228 2470 394 2535 retulerat.
413 2470 584 2535 Exercitus
605 2486 681 2557 post
705 2469 874 2561 indignam
895 2472 1029 2537 Sertorii
1047 2472 1185 2555 cedem,

113 2570 159 2633 ira
183 2571 222 2634 in
248 2573 563 2636 commiserationem
587 2594 699 2653 versa,
724 2574 1005 2655 tumultuabatur,
1031 2575 1184 2639 virtutem

114 2674 232 2755 occisi,
249 2689 283 2739 et
300 2696 359 2739 sua
370 2675 514 2761 pericula
526 2672 722 2763 reputando.
740 2706 753 2731 ι
763 2674 852 2739 Mille
868 2676 1095 2763 experimentis
1111 2697 1188 2739 con·

113 2774 274 2855 «stitisse,
292 2776 534 2862 quantumlibet
553 2776 721 2865 egregium
743 2776 938 2856 exercitum,
955 2791 1065 2839 amoto
1082 2775 1187 2856 duce„

113 2876 227 2939 -selut
243 2877 420 2963 pulchrum
438 2899 559 2965 corpus
577 2876 730 2964 adempto
747 2878 881 2964 spiritu,
902 2899 1054 2942 marcere.
1073 2878 1183 2942 Unum

115 2975 188 3039 ·l1is
205 2978 408 3064 temporibus
422 2977 522 3041 fixisse
539 2979 580 3058 Q.
591 2976 788 3059 Sertorium,
806 2978 865 3064 qui
878 2977 949 3041 sine
961 2978 1101 3065 opibus,
1115 2978 1185 3043 sinc

114 3077 293 3163 «pecunia,
316 3078 385 3142 sola
400 3077 522 3143 virtute
539 3078 711 3156 subnisus,
731 3076 908 3141 terribilem
927 3077 1040 3167 populi
1059 3078 1185 3145 romani

114 3176 318 3264 «potentiam
334 3200 394 3267 per
405 3193 456 3242 tot
468 3200 574 3242 annos
589 3177 804 3243 sustinuisset.

157 3279 251 3343 x111.
272 3279 494 3367 «Pauperem,
517 3279 681 3360 exsulem,
701 3278 901 3359 desolatum,
927 3302 966 3345 cx
987 3279 1078 3349 omni
1102 3298 1184 3347 tem·

115 3401 234 3466 «pore,
253 3402 293 3443 ex
309 3382 401 3444 omni
418 3381 571 3469 regione,
590 3395 747 3467 tanquam
768 3380 925 3449 miraculo
944 3379 1087 3469 quodam
1105 3405 1183 3469 pro-

114 3479 251 3545 ·dnctas
268 3480 311 3545 de
326 3482 431 3547 nihilo
451 3484 563 3570 copias
577 3483 715 3549 excitare
734 3483 891 3570 potuisse.
907 3482 993 3547 Huic
1016 3497 1065 3546 tot
1085 3481 1185 3549 duces

114 3602 309 3663 «romanos,
319 3598 371 3647 tot
383 3583 527 3672 legiones
541 3583 774 3671 procubuisse,
789 3600 1005 3672 coactumque
1017 3600 1184 3666 senatum,

115 3699 174 3746 «ut
196 3682 266 3770 ipsa
288 3683 475 3771 reipublicae
494 3682 817 3772 linamentumque
840 3684 1005 3752 columina
1029 3684 1183 3749 mitteret.

115 3782 252 3871 «Neque
272 3797 382 3848 tamen
404 3801 462 3849 aut
480 3801 625 3851 veterem
649 3785 773 3851 militiae
796 3786 970 3874 gloriaeque
994 3785 1181 3865 Metellum,

117 3900 194 3948 mut
210 3885 440 3974 triumphalem
455 3886 725 3969 adolescentiam,
743 3908 930 3974 quanquam
941 3886 1062 3966 junctis
1076 3886 1193 3953 conti-2

150 4082 222 4146 §XL
235 4085 291 4133 Liv.
302 4085 367 4150 Epit.
380 4113 414 4124 —
427 4086 534 4153 Appias.
549 4113 583 4124 —
595 4047 669 4136 oros.
683 4111 717 4123 -
732 4084 796 4135 Plut.
808 4082 869 4147 —S
885 4084 943 4133 ΠΙ.
956 4080 1067 4163 Appium.
