2875 4900
286 363 352 459 732
458 369 528 433 10.
556 365 895 435 rumusunun
924 368 1174 456 spernent.

284 484 371 549 trubi
396 506 578 549 successere
599 501 745 551 conatus.
770 488 929 552 Lentulus
955 486 1156 572 dubitando,
1182 493 1296 578 quanti
1314 516 1348 557 se
1406 514 1407 519 ¹

284 586 458 668 venderet,
475 608 621 675 eousque
638 610 708 651 rem
726 590 878 670 extraxit,
899 588 1006 653 donec
1022 591 1089 655 acie
1105 590 1272 657 decretum
1290 610 1348 657 est

284 689 413 775 Scipio,
435 710 539 776 quum
562 690 603 752 ab
627 690 721 754 initio
745 690 934 777 praebuisset
961 714 1074 773 aures,
1099 715 1118 755 a
1138 694 1186 757 Μ.
1204 694 1347 757 Favonio

284 790 470 878 castigatus,
487 789 637 855 Clodium
655 791 739 853 ultra
755 790 796 855 ad
814 792 1015 879 colloquium
1029 815 1097 856 non
1111 792 1252 857 admisit.

328 889 426 956 XLV.
449 891 583 956 Interim
605 890 646 954 ad
667 890 907 979 Dyrrhachium
930 892 971 957 ab
995 908 1136 981 utroque
1154 894 1347 981 imperatore

285 991 431 1077 quotidie
442 991 706 1079 producebantur
721 992 871 1057 instructi
887 995 1045 1059 exercitus
1058 1018 1066 1059 t
1081 1018 1100 1058 a
1116 997 1258 1077 Caesare,
1274 998 1346 1083 quia

284 1114 429 1180 pugnare
453 1114 660 1179 summopere
682 1093 854 1179 cupiebat3
878 1117 898 1159 a
921 1095 1100 1183 Pompeio,
1122 1097 1200 1185 quia
1218 1098 1346 1161 nolebat

285 1213 355 1254 eant
376 1191 418 1255 de
437 1214 472 1255 se
492 1192 611 1256 samam
634 1193 760 1283 spargi,
779 1194 870 1281 qttasi
886 1196 1001 1261 Caesari
1018 1196 1186 1261 lacessenti
1205 1220 1275 1261 non
1291 1222 1347 1261 au·

285 1291 376 1355 deret
394 1291 551 1357 resistere.
576 1292 641 1357 Sed
658 1308 698 1359 ut
716 1295 938 1361 necessitatem
954 1296 1122 1385 pugnandi
1135 1298 1271 1373 vitaret,
1288 1323 1346 1386 pro

284 1393 393 1457 castris
415 1393 584 1458 constituit
600 1394 724 1477 aciem,
741 1418 807 1459 non
825 1396 955 1487 longius
972 1398 1082 1485 primis
1099 1399 1347 1463 excurrentibus

282 1492 472 1576 ordinibus,
499 1516 685 1582 quamquo
709 1495 751 1560 de
774 1496 857 1560 vallo
882 1495 983 1561 telum
1008 1512 1172 1563 tormento
1192 1498 1346 1563 emissum

282 1593 466 1685 pertingere
483 1612 603 1683 posset.
621 1597 735 1678 Qumn
752 1596 813 1661 hac
829 1597 955 1661 ratione
973 1597 1066 1663 multi
1080 1600 1270 1689 consumpti
1284 1599 1348 1663 dies
1406 1670 1407 1689 ,

283 1711 410 1777 essent,
428 1696 621 1784 Pompeius,
643 1698 752 1785 pabtdi
772 1697 910 1761 maxime
932 1698 1042 1785 inopia
1067 1714 1216 1779 coactus,
1238 1721 1346 1763 erum·

283 1820 359 1883 pere
376 1797 450 1862 totis
466 1798 589 1863 viribus
604 1800 726 1864 statuit.
741 1798 813 1863 Hoc
827 1799 999 1863 consilium
1017 1799 1150 1887 agitanti
1162 1816 1348 1887 oppornme

281 1895 440 1961 Roscillus
455 1913 489 1961 et
506 1896 610 1987 AEgus
627 1899 817 1988 Allobroges
834 1898 933 1963 oblati
949 1915 1042 1981 sunt,
1065 1900 1122 1986 qui
1142 1916 1278 1988 propter
1298 1902 1345 1963 in·

284 2015 421 2063 terrersa
443 2000 591 2087 equiturn
614 2000 774 2089 stipendia
793 2000 954 2089 objurgati
975 2024 994 2064 a
1012 2002 1136 2065 Caesare
1156 2003 1348 2091 transfugie-

282 2099 372 2164 bant.
401 2100 470 2165 Hos
493 2101 592 2189 igitur
620 2125 680 2190 per
706 2102 816 2165 omnia
844 2100 991 2190 praesidia
1017 2100 1285 2183 circumductos,
1315 2120 1348 2165 nt
1406 2162 1407 2165 ,

282 2224 418 2266 suorum
437 2203 563 2266 animos
580 2220 731 2293 augeret,
750 2202 860 2267 multis
881 2203 1008 2268 ornavit
1029 2201 1202 2283 laudibus,
1221 2204 1348 2268 civitate

281 2324 415 2390 quoque
434 2304 611 2393 promissa:
632 2302 724 2392 quod
743 2303 878 2369 irrisisse
895 2304 1008 2369 Cicero
1025 2302 1160 2385 dicitur,
1183 2320 1285 2393 atque
1303 2305 1348 2368 di·

282 2425 383 2485 ause,
409 2405 608 2495 «Egregium
634 2426 713 2470 vero
739 2405 985 2493 imperatorem,
1013 2404 1071 2493 qui
1094 2406 1191 2472 Gallis
1211 2408 1345 2472 alienam
1406 2432 1407 2460 ι

284 2504 469 2570 «civitatem
484 2507 672 2593 pollicetur,
689 2505 784 2572 nobis
799 2522 943 2570 nostram
960 2529 1027 2570 non
1043 2522 1152 2594 potest
1166 2506 1323 2572 reddere!
1336 2539 1346 2560 ι

325 2606 440 2671 XLVI.
457 2608 499 2670 At
516 2607 709 2694 Pompeius,
728 2607 769 2670 ab
788 2606 839 2671 his
861 2605 996 2670 edoctus
1017 2607 1146 2686 omnia,
1169 2629 1246 2694 quae
1269 2607 1347 2670 ratic

281 2705 518 2787 munitionum,
530 2729 601 2794 quae
615 2708 824 2772 excubiarum
835 2721 932 2794 atque
947 2707 1125 2772 stationum
1137 2707 1225 2796 apud
1240 2709 1348 2772 hostes

281 2823 383 2887 esset,
395 2807 484 2895 quod
498 2830 633 2889 munus,
648 2832 715 2896 quo
734 2825 899 2897 ternpore,
919 2824 952 2872 et
969 2809 1087 2897 quibus
1105 2810 1348 2886 accurantibus,

282 2908 392 2988 fieret,
410 2909 548 2996 imperat
561 2908 737 2986 militibus,
755 2927 793 2974 ut
809 2908 871 2973 sibi
890 2909 1029 2997 quisque
1048 2925 1177 2998 tegmen
1195 2909 1294 2976 faciat
1313 2929 1348 2971 ex

281 3010 417 3092 vimine,
429 3009 471 3087 ad
483 3011 605 3098 galeam
618 3010 869 3100 contegendam,
888 3027 920 3074 et
935 3027 974 3074 ut
985 3032 1136 3102 aggerem
1154 3024 1345 3098 comportet

282 3113 353 3176 Hoc
368 3111 425 3176 ubi
442 3102 563 3176 factum
576 3127 642 3193 est,
660 3129 762 3176 noctu
774 3134 890 3202 aggere
906 3128 938 3176 et
951 3112 1065 3175 leviter
1075 3111 1208 3175 armatis
1220 3111 1347 3200 sagitta·
1406 3199 1407 3204 η

281 3210 400 3298 riisque
411 3212 521 3276 multis
533 3211 568 3275 in
583 3212 715 3300 scaphas
728 3229 761 3276 et
771 3212 927 3276 actuarias
940 3212 1111 3300 impositis,
1125 3213 1344 3276 munitionum

276 3313 413 3378 ‚cesaris
432 3336 503 3377 earn
520 3328 661 3400 partem,
681 3335 753 3400 quae
774 3312 815 3378 ad
835 3335 927 3376 mare·
941 3313 1143 3400 pertinebat,
1165 3327 1198 3376 et
1213 3335 1232 3375 a
1248 3311 1345 3374 maxi·
1406 3383 1407 3396 χ

281 3411 343 3475 mis
360 3411 429 3492 ejus
445 3415 555 3478 castris
569 3430 637 3478 erat
652 3414 883 3496 remotissima,
900 3414 967 3501 peti
980 3412 1091 3494 jubet3
1107 3411 1221 3484 eodem
1234 3437 1255 3476 a
1268 3416 1346 3500 Dyr-

281 3513 415 3578 rhachio
429 3535 526 3578 nares
540 3515 652 3604 longas
663 3514 769 3604 subigi
781 3539 789 3579 :
803 3513 917 3580 eodem
929 3515 998 3603 ipse
1009 3537 1086 3579 cum
1098 3536 1152 3576 sex
1166 3511 1344 3601 legionibus

281 3614 459 3697 contendit.
488 3617 565 3679 Duo
589 3614 714 3680 diversa
738 3617 863 3680 castella
886 3638 926 3680 eo
953 3615 1025 3680 loeo
1051 3617 1155 3678 Caesar
1178 3613 1343 3688 effecerat,

281 3733 509 3780 sexcentorum
529 3739 685 3805 passuum
704 3717 890 3797 intervallo,
910 3738 1052 3804 quorum
1073 3715 1209 3778 alterum
1230 3713 1266 3778 iu
1287 3713 1343 3776 ho·

279 3833 362 3882 stem
374 3835 443 3881 erat
456 3839 672 3897 conversum,
692 3817 827 3881 interius
842 3817 1001 3881 diversam
1022 3831 1145 3904 partem
1163 3815 1341 3901 spectabat:

316 4037 806 4102 §xLIV.Caes.-t¹ett.=11‚51.-t
823 4040 898 4086 XLV,
912 4039 1002 4086 Lucan.
1015 4039 1067 4095 Vl,
1081 4040 1109 4084 81
1125 4047 1149 4082 et
1164 4037 1222 4082 ut.
1236 4062 1270 4072 -
1285 4037 1340 4083 thra-

282 4147 316 4157 -
329 4121 441 4168 Macrob.
454 4125 553 4171 Saturn.
567 4125 605 4181 tl,
618 4123 642 4169 3.
