2875 4900
286 386 485 491 ru‘roc.
511 420 606 487 nra.
635 420 744 489 cvrr
777 388 992 490 rrvrsur.
1108 422 1179 493 623

108 541 199 631 gredi
216 540 453 629 periculosum,
470 536 659 627 relinquere*
672 555 768 628 turpe
785 554 853 604 erat
870 539 1039 623 futurum3
1055 562 1179 631 quanto

108 644 249 731 quisque
262 640 457 731 prudentior
465 642 515 705 vir
526 656 611 722 erat,
623 655 716 704 tanto
731 640 831 730 magis
843 664 861 703 a
876 642 1032 728 petitione
1043 642 1179 709 honoris

108 746 178 825 ejus
200 743 406 808 abhorrebat.
429 742 492 806 Sed
515 758 547 806 et
567 756 681 805 auctor
707 740 915 806 restituendae
939 767 1083 809 censurae
1108 747 1179 811 talis

108 863 195 927 erat,
218 844 327 908 utrix
346 843 497 907 exsistere
517 858 627 931 posset
647 842 728 905 alius
751 858 828 906 nota
846 840 985 931 dignior.
1005 845 1075 909 Sub
1091 846 1178 910 idem

108 948 197 1012 enirn
217 962 346 1036 tempus
365 944 406 1009 ad
428 944 613 1009 Gemellum
638 942 845 1008 tribunitium
868 944 1022 1009 viatorem
1043 947 1077 1010 in
1098 970 1179 1011 con·

107 1049 232 1113 virium
252 1048 358 1129 venit,
376 1070 395 1109 a
421 1069 488 1134 quo
508 1060 541 1109 et
564 1043 688 1109 tribuni
712 1043 845 1131 quidam
866 1042 974 1131 (haud
1000 1044 1099 1111 dubie
1116 1048 1179 1128 illi,

107 1172 193 1237 quos
209 1148 352 1237 Scipioni
369 1146 483 1210 favisse
495 1168 593 1234 supra
610 1142 834 1233 ostendimus)
852 1145 978 1209 inritati
994 1145 1133 1213 fuerant.

153 1250 205 1314 Ll.
227 1250 266 1313 In
292 1272 331 1313 eo
356 1248 506 1312 convivio
528 1246 695 1312 Gemellus*
714 1245 859 1335 Scipioni
881 1262 914 1310 et
938 1248 1076 1313 tribunis
1099 1250 1179 1314 duas

108 1351 248 1415 illustres
274 1367 456 1431 matronas,
477 1371 495 1411 a
518 1348 662 1437 patribus
686 1363 718 1411 et
741 1347 816 1410 viris
837 1346 1013 1431 abductas,
1036 1350 1180 1439 itemque

109 1447 254 1517 nobilem
268 1474 407 1541 puerum
421 1453 482 1515 Cn.
498 1450 711 1515 Saturninum
728 1450 848 1513 nefarie
861 1450 1037 1538 prostituit.
1054 1453 1180 1517 Interea

108 1554 233 1635 Caesar,
250 1577 353 1643 quum
370 1570 403 1619 et
420 1568 529 1616 motus
544 1551 687 1641 urbanos
701 1550 776 1614 satis
788 1572 828 1614 ex
844 1552 1004 1614 sententia
1020 1575 1078 1616 sua
1091 1575 1180 1617 com·

108 1655 233 1741 positos
255 1654 444 1743 accepisset,
468 1668 501 1717 et
523 1652 643 1717 crebris
663 1674 800 1715 suorum
822 1651 945 1715 nuntiis
969 1653 1179 1737 excitaretur,

109 1754 145 1817 in
159 1754 401 1844 Transalpinam
419 1752 555 1820 Galliam
570 1776 610 1817 ex
628 1753 719 1817 Italia
736 1754 901 1842 profectus
918 1769 978 1817 est.
996 1752 1095 1835 Galli,
1111 1758 1181 1820 Cae-

108 1876 215 1919 sarem
238 1853 572 1920 civilibusdiscordiis
590 1852 737 1918 distineri
750 1870 920 1944 putantes,
939 1856 1179 1942 propemodum

108 1958 252 2022 universi
268 1956 516 2036 rebellaverant,
535 1956 733 2020 Carnutibus
747 1956 964 2044 Arvernisque
980 1958 1179 2022 auctoribus.

107 2058 235 2123 Genabi
250 2056 360 2145 (nunc
373 2057 583 2121 Aurelianum
603 2054 801 2145 appellant),
818 2056 942 2120 romani
960 2058 1178 2147 negotiatores

105 2183 126 2223 a
144 2159 341 2224 Carnutibus
359 2158 520 2222 interfecti
539 2176 625 2221 sunt.
642 2161 823 2239 Arvernos,
845 2158 963 2223 deinde
979 2159 1098 2223 horum
1116 2162 1179 2249 ope
1228 2184 1244 2203 ⁸

106 2262 273 2342 Senones,
295 2260 450 2341 Parisios,
474 2260 641 2340 Pictones,
668 2260 813 2349 aliosque
836 2261 1019 2351 complures
1039 2261 1180 2350 populos

105 2362 354 2454 Vercingetorix
367 2362 554 2426 commovit.

153 2463 222 2528 Lll.
240 2465 299 2528 His
315 2462 434 2529 deinde
456 2463 615 2527 continuo
635 2461 794 2552 Bituriges
812 2462 977 2544 adjunxit,
994 2487 1070 2529 cum
1089 2481 1179 2554 parte

105 2564 267 2629 exercitus
289 2565 323 2627 in
347 2563 427 2628 fines
449 2563 580 2627 illorum
602 2562 779 2652 profectus.
802 2565 922 2628 Nama
943 2565 1099 2630 Romanis
1122 2566 1179 2632 de·

105 2665 198 2729 feudi
216 2665 450 2752 nequiverant3
464 2680 497 2727 et
511 2665 553 2728 ab
565 2663 698 2746 AEduis,
717 2667 773 2752 qui
788 2689 864 2728 cum
877 2668 1021 2731 exercitu
1033 2691 1072 2731 eo
1082 2692 1179 2735 vene·

104 2783 199 2847 rant,
216 2784 307 2831 metu
325 2790 367 2830 an
386 2765 519 2855 perfidia
540 2767 722 2846 incertum,
746 2766 864 2830 omissa
881 2789 949 2847 res,
971 2767 1178 2858 reductaeque

104 2868 245 2932 domurn
260 2868 360 2957 copiae
382 2869 520 2931 fuerant.
543 2867 647 2931 Etiam
668 2867 838 2931 Lucterius
858 2867 1044 2951 Cadurcus,
1062 2895 1081 2932 a
1099 2871 1179 2936 Ver·

105 2968 306 3058 cingetorige
320 2969 437 3033 missus
449 2969 483 3032 in
495 2969 678 3049 Ruthenos,
691 2991 762 3031 eam
775 2967 948 3048 civitatem,
959 2987 1178 3060 praetereaque

106 3069 307 3158 Nitiobriges
327 3085 359 3134 et
377 3069 515 3134 Gabalos
534 3069 779 3150 conciliaverat3
799 3085 831 3132 et
853 3093 1023 3159 erumpere
1044 3074 1078 3136 in
1098 3097 1178 3162 pro-

104 3170 247 3234 vinciam
264 3193 430 3234 romanam
454 3170 624 3260 cogitabat.
646 3169 773 3234 Idcirco
791 3171 896 3234 Caesar
912 3171 993 3235 nihil
1012 3174 1177 3262 antiquius

106 3271 241 3352 habuit,
259 3294 356 3359 quam
377 3287 415 3335 ut
433 3271 639 3352 Narbonem,
657 3271 877 3358 Tolosamque
892 3288 925 3335 et
941 3274 1079 3362 reliquas
1094 3276 1177 3341 circa

105 3372 206 3437 urbes
225 3371 447 3453 confirmaret,
473 3371 694 3463 praesidiisque
719 3389 905 3461 opportune
930 3371 1092 3464 dispositis
1116 3378 1178 3443 ho·

104 3491 190 3538 stem
208 3474 426 3538 submoveret.

152 3575 236 3638 Llll.
254 3573 292 3638 ld
306 3573 364 3638 ubi
376 3573 512 3638 feliciter
526 3589 558 3638 et
569 3573 634 3636 cito
649 3573 802 3638 effectum
818 3591 881 3655 est,
899 3577 1051 3641 Cebenna
1065 3597 1177 3644 monte

105 3677 263 3756 transito,
279 3677 311 3738 in
330 3673 409 3740 fines
426 3677 647 3739 Arvernorum
664 3675 830 3764 pervenit,
848 3675 970 3756 majore
984 3695 1108 3742 terrore
1120 3679 1178 3742 bo-

104 3778 226 3857 stium,
245 3793 369 3864 quanto
388 3775 596 3864 improvisior
613 3775 771 3840 adventus
789 3775 915 3841 fuerat:
934 3779 1056 3868 quippe
1070 3779 1177 3844 duris·

143 4005 200 4069 st.
215 4004 271 4052 oro.
289 3976 323 4041 ὲ
334 4005 391 4052 vu.
404 4005 472 4054 aru.
485 4005 538 4062 rx,
555 4021 575 4051 ι.
590 4031 625 4041 -
638 4003 654 4070 s
666 4005 779 4054 trost
792 4003 861 4051 on
873 4004 938 4052 otu.
950 4005 993 4055 ro.
1004 4008 1061 4055 vn.
1072 4010 1179 4066 -oro,

104 4091 150 4137 lib.
163 4089 216 4135 XL.
228 4116 260 4124 -
275 4087 340 4136 l‘ltrt.
354 4090 380 4135 in
395 4089 455 4137 Cau.
470 4115 505 4123 —-
518 4087 588 4135 Oros.
597 4089 648 4146 Vl,
667 4105 706 4136 rr.
718 4087 823 4134 --Flor¹
835 4089 885 4137 111.
902 4103 940 4134 ro.
953 4116 988 4125 -
997 4091 1049 4138 Lis.
1060 4093 1124 4154 Epir.
1149 4121 1176 4130 -

104 4172 195 4224 Cellar.
206 4174 297 4234 Geogr.
313 4172 397 4233 Antio.
412 4171 455 4218 ttb.
468 4173 505 4229 ll,
525 4187 578 4234 cap.
594 4185 614 4217 r.
