2875 4900
264 407 316 478 IN
345 407 456 476 LOC.
483 404 728 475 tnunctx
758 407 974 476 LlVlllNl.
1084 401 1153 479 365

107 545 157 616 per
176 531 268 594 maria
292 528 506 607 oberrabant,
529 547 596 588 non
624 523 731 588 solum
754 523 963 588 multitudine
985 542 1018 589 et
1038 527 1155 591 robore

107 633 254 696 sociorum
279 631 458 709 navalium,
482 642 514 692 et
537 627 794 716 gubernatonrm
816 641 883 690 arte
899 627 1074 710 terribiles,
1098 627 1156 692 sed

106 733 189 796 etiam
210 729 379 822 magnilica
398 745 667 793 ornamentorum
690 728 797 815 specie
820 727 892 815 plus
917 729 1155 816 propemodum

106 831 213 896 doloris
223 833 396 896 offerentes
411 829 614 894 intuentibus
628 851 636 892 :
650 829 755 893 aureis
769 829 966 910 columellis,
983 833 1156 920 purpureis

106 933 224 996 cortinis
245 933 408 996 adornatae
429 952 546 1012 naves,
568 931 775 1019 inargentatis
795 930 892 994 remis
916 932 1154 996 movebantur:

105 1033 179 1097 tibia
200 1051 378 1121 cantusque
396 1047 429 1096 et
449 1032 706 1120 compotationes
732 1033 854 1096 circum
876 1033 970 1098 litora
990 1051 1100 1116 erant,
1124 1053 1157 1100 et

105 1135 179 1198 inter
192 1135 259 1199 haee
274 1134 459 1224 principum
474 1133 637 1214 virorum,
655 1131 820 1196 interdum
838 1150 1058 1198 matronarum
1074 1159 1156 1224 quo·

104 1257 160 1321 que
170 1259 205 1300 ac
216 1237 397 1325 virginum,
414 1233 629 1322 captivitates,
643 1233 777 1296 urbium
790 1254 1016 1321 oppressarum
1030 1235 1157 1298 redent-

103 1338 232 1424 ptiones,
251 1338 389 1426 insignia
404 1335 532 1424 imperii
548 1336 673 1398 romani
687 1335 807 1424 probra
824 1335 1122 1422 frequentabantur.

140 1437 174 1502 V.
189 1439 300 1527 Usque
311 1436 352 1501 ad
363 1437 450 1500 mille
462 1459 559 1500 naves
571 1436 806 1517 nurnerahant3
824 1437 942 1524 oppida
959 1438 1032 1525 plus
1047 1439 1155 1502 minus

104 1539 326 1630 quadringenta
341 1554 502 1627 ceperant.
519 1539 605 1602 Tum
624 1552 657 1602 et
668 1539 709 1602 ab
725 1538 818 1602 omni
831 1537 1021 1624 antiquitate
1038 1556 1155 1604 sanctae

102 1640 314 1730 inviolataeque
329 1640 412 1705 aedes
424 1655 458 1704 et
472 1639 600 1703 oracula
615 1639 781 1729 profanata
796 1661 833 1702 ac
847 1638 971 1726 direpta
984 1657 1080 1705 sunt:
1097 1643 1157 1706 Co-

103 1741 232 1829 lophone
250 1758 359 1831 capta,
377 1743 534 1824 Clarium,
551 1741 757 1828 Didymeum
779 1739 866 1827 apud
887 1740 1045 1822 Milesios,
1067 1757 1099 1805 et
1121 1743 1154 1806 in

101 1841 296 1908 Samothrace
310 1846 501 1922 Castorum,
515 1856 548 1906 et
557 1840 648 1920 juxta
658 1841 869 1906 Hermionem
884 1841 917 1902 in
930 1841 1157 1929 Peloponneso

101 1943 260 2008 Chthoniae
284 1945 410 2010 Cereris
435 1944 564 2023 fanum,
588 1957 620 2006 et
638 1941 814 2028 AEsculapii
836 1941 993 2029 templum
1015 1941 1055 2005 ad
1078 1943 1155 2030 Epi-

100 2042 247 2127 daumm,
266 2046 329 2109 tria
348 2065 482 2132 quoque
500 2043 662 2131 Neptuni,
681 2041 889 2123 lsthmicnm,
908 2043 1107 2124 Taenarium,
1124 2061 1156 2108 et

101 2145 180 2230 quod
199 2163 265 2210 erat
286 2146 322 2208 in
339 2145 504 2224 Calauria3
521 2143 588 2207 duo
606 2143 782 2231 Apollinis,
805 2144 942 2207 alterum
957 2145 1059 2226 Aetli,
1077 2146 1156 2211 alte-

99 2245 355 2326 rnm'Leucade3
381 2247 440 2310 tria
464 2245 621 2326 lunonis,
645 2245 805 2326 Samium,
827 2245 895 2333 ipsa
919 2269 1052 2334 quoque
1076 2249 1156 2312 urbe

99 2363 199 2436 capta,
215 2350 391 2438 Argivum,
409 2347 587 2412 Lacinium.

134 2450 186 2516 Vl.
206 2454 292 2517 Nam
314 2473 382 2514 non
403 2450 582 2538 longinqua
603 2450 721 2532 modo,
741 2448 799 2513 sed
819 2450 912 2515 etiarn
932 2451 1030 2515 Italiae
1052 2453 1156 2518 intuta

98 2572 146 2614 ora
163 2570 250 2636 erat3
267 2568 300 2619 et
315 2574 416 2640 saepe,
437 2552 648 2617 exscensione
667 2552 765 2632 facta,
784 2552 934 2616 militares
948 2554 1007 2616 viae
1026 2555 1156 2619 latroci-

98 2652 151 2716 niis
164 2655 415 2733 infestabantur,
428 2653 595 2740 assitaeque
608 2651 746 2715 divitum
758 2652 839 2715 villae
852 2651 1025 2740 direptioni
1038 2671 1071 2718 et
1079 2678 1157 2742 prae·

98 2752 139 2817 da
161 2774 270 2837 erant3
294 2770 471 2843 tantusque
492 2754 557 2834 jam
584 2770 653 2817 erat
673 2768 796 2835 metus,
818 2770 856 2817 ut
876 2756 973 2817 etiam
996 2757 1154 2821 exercitus

98 2860 211 2923 romani
230 2857 408 2923 Brundisio
424 2878 611 2944 nunquam,
631 2856 692 2919 nisi
710 2878 839 2919 summa
853 2855 979 2937 hieme,
997 2858 1156 2921 transmit-

98 2972 209 3043 terent3
223 2960 322 3051 legati
335 2959 447 3049 populi
459 2958 586 3022 romani
601 2957 739 3044 pecunia
757 2956 1012 3039 redimerentur;
1030 2956 1154 3022 duode-

96 3059 151 3123 cim
167 3085 317 3143 secures,
334 3084 410 3124 cum
426 3059 618 3149 praetoribus
635 3058 768 3121 Sextilio
790 3072 823 3120 et
840 3056 1000 3137 Bellieno,
1017 3056 1051 3119 in
1071 3080 1154 3145 prae-

95 3158 211 3227 donum
223 3178 418 3251 potestatem
434 3160 657 3248 pervenirent3
672 3176 787 3248 portus
798 3158 913 3221 Caietae
927 3158 1154 3225 celeberrimus

96 3277 183 3349 atque
197 3264 407 3354 plenissimus
430 3262 578 3342 navium,
601 3262 804 3349 inspectante
823 3276 978 3346 praetore,
997 3258 1154 3350 diripere-

96 3376 159 3447 tur;
178 3364 219 3429 ad
237 3365 365 3429 Ostiam
383 3364 490 3427 classis
505 3386 560 3444 ea,
584 3363 637 3425 cui
662 3362 778 3426 consul
797 3362 1053 3453 populiromani
1070 3386 1153 3452 prte-

95 3464 209 3547 positus
225 3451 328 3546 esset,
345 3465 602 3552 opprimeretur,
620 3488 659 3528 ex
674 3464 801 3527 Miseno
815 3463 1017 3551 abriperetur
1033 3464 1077 3529 Μ.
1092 3470 1155 3531 An·

95 3566 167 3629 tonii
184 3565 266 3648 filia,
290 3566 359 3646 ejus
378 3565 493 3652 ipsius,
510 3565 568 3652 qni
591 3587 667 3628 cum
691 3562 901 3653 praedonibus
921 3582 1014 3630 antea
1033 3566 1153 3631 bellum

94 3682 242 3749 gesserat,
258 3690 317 3732 rus
331 3667 415 3730 forte
431 3666 614 3753 exspatiata.

122 3901 137 3967 s
150 3906 194 3955 tv.
204 3906 259 3954 Cic.
275 3917 334 3969 post
347 3904 409 3953 net.
421 3905 447 3953 in
461 3907 542 3953 Sonat.
558 3920 614 3969 cup.
628 3903 653 3963 5,
666 3914 691 3951 et
702 3920 748 3968 pro
760 3904 813 3969 lege
824 3904 910 3952 Manli.
925 3921 980 3969 cap.
994 3920 1033 3964 ¹7·
1044 3934 1078 3942 —
1089 3910 1153 3961 Plut.

92 3984 207 4054 inPornp.
219 4006 278 4055 cap.
292 3989 334 4049 ³7·
352 4016 389 4027 -
402 3987 418 4054 s
431 3989 463 4037 V.
479 3990 532 4039 Cic.
546 3988 659 4052 prolege
671 3987 759 4034 Manil.
773 4001 827 4051 cap.
844 4002 883 4033 ra.
902 4014 937 4023 -
953 3986 1018 4036 Plut.
1032 3988 1057 4035 in
1072 3992 1154 4041 AEmil.

93 4082 140 4132 etp·
152 4072 193 4134 39.
201 4100 238 4109 -
247 4074 352 4121 Peuma.
366 4071 410 4120 lib.
422 4074 455 4120 11.
467 4098 504 4109 -
514 4070 611 4119 Arnolt.
621 4070 716 4127 navt,
727 4068 771 4117 lin.
785 4096 818 4106 -
834 4069 850 4133 5
864 4071 909 4116 vl.
925 4069 976 4117 Cic.
991 4098 1025 4107 -
1043 4073 1104 4121 Plut.
1119 4104 1154 4113 -

93 4154 193 4218 Appiae.
206 4155 324 4204 Mithrid.
