2875 4900
258 339 306 448 '40
331 360 826 432 Jo.rnn1ns.sner.1u
846 358 1304 428 messuimus.

257 481 395 563 batttur',
408 482 607 570 inspectante
619 481 852 570 Metrophanes,
867 478 1034 546 concidit:
1049 501 1148 568 quem
1159 479 1322 544 contentis

256 583 336 646 telis
359 582 540 672 fugientem
563 583 801 672 negotiatores,
826 584 884 672 qui
908 580 1132 648 crudelitatem
1156 579 1322 670 regiorum

258 683 329 750 Deli
346 684 544 774 effirgerant,
564 707 604 748 ex
625 684 751 750 insidiis
773 685 897 768 adorti,
912 704 997 748 nova
1019 675 1110 747 clade
1131 681 1322 748 affecerunt.

257 786 401 851 Bruttius
422 784 463 850 ad
479 785 646 852 Sciathum
669 786 808 852 insulam
826 784 970 875 appulsis
990 783 1145 863 navibus,
1163 782 1222 847 ubi
1239 805 1323 871 prae-

258 889 373 954 darum
391 890 631 978 receptaculum
654 889 800 954 Barbarie
821 904 907 971 erat,
930 884 1088 976 oppidum
1109 884 1325 976 expugnarit,

258 1011 367 1054 servos
381 989 415 1052 in
433 1012 563 1054 crucem
580 991 662 1081 egit,
678 991 857 1055 liberorum
873 987 1052 1078 amputavit
1067 1009 1195 1050 manus.

266 1115 269 1120 ’
302 1089 388 1156 LIII.
408 1090 491 1158 Inde
512 1092 676 1180 profectus
695 1093 728 1157 in
746 1092 917 1174 Boeotiam,
936 1113 1040 1178 quum
1055 1089 1151 1154 vmille
1171 1103 1325 1178 praeterea

258 1190 432 1254 hominurn
450 1191 575 1282 equites
590 1193 782 1284 peditesque
799 1215 840 1257 ex
854 1191 1045 1256 Macedonia
1060 1189 1195 1254 adeum
1211 1212 1327 1277 perve-

255 1291 398 1373 nissent,
411 1294 520 1358 ruenti
533 1295 687 1360 torrentis
700 1296 804 1360 instar
815 1294 993 1376 Archelao,
1007 1293 1114 1382 parvis
1130 1291 1249 1381 copiis,
1265 1289 1326 1356 sed

257 1391 423 1458 excellenti
450 1394 560 1462 animo
587 1394 825 1484 prudentiaque
849 1395 952 1460 fretus
978 1416 1015 1460 sc
1041 1393 1205 1482 opposuit.
1226 1391 1327 1482 Apud

257 1493 468 1574 ¹Charoneam
487 1519 564 1562 cum
577 1499 739 1564 Archelao
751 1515 786 1564 et
797 1497 961 1564 Aristioue
976 1495 1087 1560 triduo
1104 1495 1261 1558 contiuuo
1276 1511 1328 1558 est

261 1593 449 1660 dimicatum
465 1614 521 1662 :et
536 1615 649 1663 contra
665 1600 787 1665 horum
806 1598 871 1663 vim
892 1613 991 1685 atque
1010 1595 1191 1684 potentiam
1207 1595 1327 1658 Bruttii

260 1693 363 1760 virtus
380 1695 499 1762 invicta
514 1699 612 1766 stetit.
628 1700 745 1782 Quum
759 1721 855 1786 tequo
870 1709 973 1764 marte
985 1711 1142 1760 certatum
1156 1711 1255 1777 esset,
1266 1697 1329 1759 Au

260 1795 408 1880 chelaus,
423 1820 463 1863 eo
476 1799 548 1887 ipso
561 1821 596 1864 se
612 1800 800 1866 inferiorem
810 1799 978 1881 judicans,
989 1797 1082 1886 quod
1094 1797 1243 1886 superior
1256 1819 1328 1860 esse

260 1918 328 1960 non
344 1899 521 1986 potuisset,
539 1901 657 1966 omissa
671 1901 793 1966 Boeotia
809 1899 851 1965 ad
868 1922 956 1968 mare
972 1900 1086 1981 cessit,
1104 1897 1211 1962 donec
1225 1896 1328 1960 Lace·

261 1996 497 2064 demoniorum
509 2001 768 2089 Achaeorumque
779 2002 904 2066 auxiliis
915 2018 1066 2082 auctum,
1080 2001 1247 2063 Romanus
1256 2021 1329 2065 am·

243 2105 248 2122 “
259 2099 345 2188 plius
355 2100 509 2166 lacessere
522 2124 589 2166 non
602 2124 717 2183 ausus,
731 2101 843 2184 Riraeei
853 2101 1092 2168 munitionibus
1101 2122 1136 2164 se
1147 2098 1328 2180 continuit,

261 2199 303 2266 ad
327 2201 361 2266 id
385 2224 490 2291 usque
513 2217 660 2290 tempus,
682 2224 750 2290 quo
768 2202 953 2290 praemissus
976 2225 995 2266 a
1019 2200 1107 2265 Sulla
1124 2201 1161 2266 L.
1171 2197 1328 2263 Lumttus

261 2315 417 2388 quaestor,
440 2301 601 2368 abstinere
625 2303 790 2368 Bruttium
811 2302 915 2367 aliena
936 2302 1103 2391 provincia
1117 2300 1223 2380 jussit.
1239 2300 1329 2366 Tum

261 2401 349 2469 enim
371 2403 421 2467 vir
443 2403 537 2470 laude
554 2395 780 2493 dignissimus,
802 2405 948 2494 quamvis
969 2403 1080 2473 omnIa
1097 2425 1196 2492 supra
1213 2417 1328 2467 votum

260 2523 502 2593 processerant,
527 2522 561 2570 et
581 2506 766 2595 integritate
786 2506 856 2587 ejus
877 2508 990 2573 allecta
1012 2506 1137 2573 Gracia
1157 2526 1330 2569 romanam

240 2653 243 2663 .
259 2604 433 2669 amicitiam
446 2607 654 2695 respiciebat,
671 2631 714 2673 ne
731 2607 812 2696 quid
829 2624 945 2697 praeter
961 2609 1048 2698 leges
1063 2607 1197 2688 Iaceret,
1210 2607 1246 2669 in
1257 2606 1331 2671 Ma-

261 2704 431 2771 cedoniam
448 2730 595 2777 reversus
612 2726 671 2775 est.
683 2710 876 2792 Archelaus,
892 2710 1037 2774 discessu
1045 2709 1161 2775 Bruttii
1176 2708 1330 2803 cognito,

260 2806 419 2873 Piraeum
435 2809 564 2875 admota
580 2810 678 2875 classe
693 2811 802 2875 statim
817 2812 949 2901 recepit.
1333 2833 1337 2837 “

296 3005 312 3075 S
325 3008 389 3062 utt.
403 3008 435 3062 tt.
447 3008 476 3063 C,
488 3008 540 3058 tot
548 3026 555 3071 ;
571 3011 603 3059 A.
614 3010 643 3060 C.
657 3013 700 3073 87.
712 3039 748 3050 -
759 3010 884 3063 Plutarch.
896 3036 933 3051 -
944 3008 1054 3076 Appiam
