2875 4900
247 409 303 478 IN
335 409 447 478 LOC·
473 406 567 476 LIB.
594 405 721 476 XCVI
753 406 966 476 LIVIANI.
1067 407 1137 478 303

112 527 217 592 XLII.
234 529 322 592 Tum
340 527 514 615 Spartacum
532 547 592 614 per
607 525 783 590 Lucaniam
803 525 844 590 ad
859 525 981 590 lretum
1001 545 1140 593 eonten-

79 629 139 712 dit,
155 631 191 694 in
207 630 347 696 Siciliam
364 629 578 709 transimrus3
595 649 668 714 qute
683 627 789 692 insula
805 649 844 692 ex
862 629 1024 694 bellorum
1044 631 1140 694 servi-
1177 655 1181 664 ·

77 733 153 797 lium
162 732 334 813 inccndio,
343 753 411 818 quo
422 745 549 818 soepeet
560 750 666 816 nuper
675 744 745 792 crat
753 728 887 817 agitata,
901 729 1018 794 multas
1032 728 1140 794 adhuc

76 835 225 898 scintillas
240 833 331 898 velut
342 833 405 898 sub
421 831 586 896 cineribus
601 829 724 910 alebat,
743 829 883 894 exituras
904 830 938 894 in
954 828 1137 914 flammam,

79 936 100 998 si
126 935 285 1000 mediocri
309 948 403 998 motu
427 949 582 1020 tauquam
607 929 740 996 flabellis
766 930 994 995 excitarentur.
1017 930 1138 1020 Igitur,

79 1059 180 1124 quum
201 1036 286 1100 forte
307 1033 498 1122 pradatmia
522 1033 647 1121 navigia
668 1031 833 1096 venissent
852 1031 894 1102 ad
912 1031 1052 1113 fretum,
1073 1035 1139 1122 egit

78 1137 331 1220 cnmCilicilrus,
344 1152 384 1201 ut
393 1152 479 1200 certa
492 1132 641 1200 mercede
652 1149 778 1221 partem
791 1139 946 1214 suorum,
960 1132 1028 1198 duo
1041 1135 1140 1200 millia

79 1254 142 1302 erat
155 1238 332 1319 missums,
351 1238 384 1300 in
400 1235 506 1300 insula
520 1251 731 1322 exponerent.
748 1230 812 1298 Sed
828 1233 1015 1322 deceptusu
1031 1235 1139 1300 Cilici·

79 1337 151 1420 lrus,
166 1339 336 1428 proposito
353 1336 491 1419 excidit3
508 1335 599 1426 quod
617 1335 664 1400 illi
680 1351 757 1424 post
773 1351 902 1422 accepta
919 1359 1071 1418 munera,
1087 1360 1140 1402 so·

80 1439 150 1504 lutis
172 1439 324 1529 navigiis,
347 1439 435 1504 taciti
452 1439 682 1503 abscesserant.
703 1436 876 1524 Spartacus
892 1435 1082 1525 (postquam
1098 1437 1139 1502 ad

80 1539 300 1621 rejiciendum
313 1557 397 1604 rates
417 1561 458 1604 ex
473 1533 614 1604 cratibus
633 1535 702 1602 lieri
714 1537 825 1618 jussit,
843 1552 876 1600 et
892 1536 980 1602 dolia
992 1539 1139 1627 virgultis

79 1642 245 1722 connecti;
263 1639 321 1704 sed
338 1641 372 1703 in
390 1639 594 1729 rapidissimo
607 1640 692 1704 freto
708 1639 821 1726 fragile
840 1639 1137 1705 machinamentum

80 1743 141 1804 cito
164 1741 358 1806 dissolutum
377 1740 463 1828 est),
486 1741 601 1805 relicto
623 1740 735 1822 litore,
753 1739 883 1804 reduxit
901 1742 1024 1830 copias,
1051 1757 1084 1805 et
1103 1743 1136 1804 in

80 1842 299 1932 llheginorum
316 1842 485 1930 peninsula
499 1840 660 1906 consedit.

118 1943 237 2008 XLIII.
258 1945 376 2031 Neque
391 1945 526 2007 Crassus
545 1956 737 2007 cunctanter
752 1944 961 2028 insequutus,
976 1941 1034 2005 ubi
1048 1941 1138 2005 loco-

80 2067 149 2108 mm
170 2043 387 2108 consideravit
407 2042 597 2132 ingenium,
618 2043 760 2106 maximo
784 2042 874 2130 operi
894 2041 1068 2107 admolitus
1089 2059 1137 2106 est

81 2167 225 2225 manum,
242 2144 392 2231 fossaque
410 2142 508 2232 pedes
525 2142 713 2230 quindecim
732 2142 812 2223 alta,
831 2141 1000 2206 latitudine
1017 2144 1100 2233 pari,
1120 2167 1136 2206 a

81 2247 155 2310 mari
170 2245 213 2310 ad
228 2267 317 2309 mare
333 2268 392 2333 per
410 2245 566 2310 cervicem
586 2243 703 2325 ducta,
726 2267 857 2308 murum
877 2244 1011 2331 insuper
1033 2245 1137 2308 excel·

82 2367 149 2408 snm
165 2345 453 2432 firmissimumque
467 2344 636 2410 adstruxit.
653 2346 825 2434 Ingentem
840 2344 984 2408 laborem
1000 2345 1138 2433 (quippe

82 2444 158 2510 circa
175 2445 338 2511 Bruttium
352 2444 508 2535 angulum
524 2444 666 2509 millibus
686 2445 832 2533 quinque
851 2462 884 2509 et
902 2445 1032 2535 triginta
1047 2448 1137 2511 Italia

34 2559 35 2564 ’
81 2547 196 2634 patet),
212 2547 303 2610 brevi
323 2562 429 2610 tamen
449 2561 612 2635 tempore,
635 2545 785 2609 severitas
810 2560 842 2607 et
861 2545 1020 2611 industria
1045 2545 1136 2612 ducis

82 2649 218 2734 perfecit.
239 2648 305 2711 Eos
324 2663 459 2711 conatus
475 2670 494 2710 a
513 2646 673 2735 principio
692 2645 863 2732 Spartacus
884 2644 1058 2729 deriserat;
1078 2646 1136 2710 sed

84 2747 147 2829 nbi,
167 2762 360 2835 consumpta
378 2748 603 2835 proximorum
621 2747 770 2811 locorum
790 2745 916 2834 prada,
940 2769 981 2808 ne
1004 2745 1134 2809 aliunde

85 2864 184 2933 petere
204 2864 422 2913 commeatum
444 2864 578 2935 posset,
604 2847 817 2911 interclusum
843 2870 877 2911 se
902 2847 1135 2932 obsessumque

85 2950 261 3039 conspexit,
275 2949 326 3014 bis
339 2965 475 3013 conatus
488 2970 672 3037 erumpere,
686 2964 725 3011 ut
737 2948 904 3011 Samnium
918 2960 1059 3035 peteret,
1074 2966 1137 3007 ma·

85 3071 140 3136 gua
155 3073 232 3115 cum
249 3048 339 3116 clade
356 3064 406 3113 est
418 3048 577 3137 repulsus.
598 3047 668 3112 Sub
685 3048 824 3135 primam
838 3047 944 3111 lucem
959 3070 1014 3111 sex
1032 3046 1138 3108 amisit

87 3150 189 3233 millia,
209 3150 346 3217 totidem
364 3150 433 3215 lere
454 3150 559 3213 noctis
579 3149 690 3229 initio;
707 3170 812 3235 quum
833 3146 915 3212 adeo
935 3148 1035 3212 facilis
1054 3164 1136 3212 esset

86 3250 228 3316 Romanis
245 3251 318 3315 loco
334 3250 451 3331 adjutis
468 3272 591 3340 pugna,
610 3266 649 3313 ut
665 3266 791 3336 septem
805 3262 933 3311 tantum
949 3246 1080 3335 gemino
1096 3270 1136 3312 eo

86 3352 183 3435 praelio
193 3352 372 3432 vulnerati,
388 3366 453 3416 tres
469 3349 655 3438 interempti
672 3348 850 3413 tradantur.
1244 3426 1247 3435 ,

121 3452 230 3517 XLIV.
244 3452 329 3516 Nam
343 3450 462 3515 virtute
476 3473 550 3539 par,
573 3467 629 3514 aut
646 3452 731 3514 forte
747 3448 896 3537 superior
913 3447 1055 3535 Spartaci
1074 3452 1137 3513 mi-

87 3548 123 3613 les
138 3554 255 3633 literat,
272 3552 354 3617 adeo
370 3552 507 3633 nullius,
520 3564 620 3639 quam
633 3573 768 3639 pugnae,
792 3572 934 3629 memor,
954 3566 992 3612 ut
1012 3572 1030 3613 e
1051 3550 1136 3614 duo·
1192 3554 1196 3561 '

87 3648 179 3717 decim
201 3654 343 3719 millibus
367 3653 517 3717 trecentis
539 3674 714 3733 caesorum,
738 3667 858 3741 negent
883 3652 955 3738 plus
979 3674 1076 3739 quam
1103 3654 1134 3715 in

88 3746 203 3817 dnobus
215 3775 326 3819 aversa
341 3752 475 3841 reperiri
486 3752 621 3817 vulnera
636 3753 792 3841 potuisse.
810 3752 935 3817 Idcirco
954 3775 1020 3816 non
1039 3775 1136 3815 ausus

89 3848 161 3915 ultra
172 3854 237 3919 rim
251 3854 435 3919 universam
452 3853 603 3943 experiri,
618 3850 750 3917 diversis
767 3853 912 3941 partibus
931 3853 1135 3941 eruptionem

118 4074 133 4137 S
144 4077 216 4127 XLII.
228 4081 293 4128 Flos.
307 4082 357 4135 III.
369 4098 410 4130 ao.
426 4108 460 4119 -·
476 4081 541 4129 l’lut·
551 4108 586 4117 -
596 4078 614 4145 5
624 4083 715 4129 XLIII.
726 4081 790 4129 Iler.
803 4107 837 4117 —
856 4079 952 4127 Sallust.
963 4080 1026 4127 ltin.
1041 4081 1085 4135 IV,
1097 4080 1136 4125 13.

92 4178 121 4189 -
134 4161 233 4223 Appia.
