2875 4900
279 323 361 450 640'
457 366 525 432 10.
553 347 895 431 raurusauuu‘
924 359 1173 428 surarum.

280 486 321 550 tis
340 484 438 550 rebus
460 485 574 547 contra
590 483 724 546 Caesaris
739 481 882 546 rationes
901 480 1031 563 retulit3
1049 479 1193 544 maxime
1213 479 1256 544 de
1271 502 1339 569 pro·

280 585 401 668 vincia,
416 607 514 672 quam
530 581 607 646 ad.
624 581 752 647 kalend.
775 582 906 646 martias
923 583 1059 661 jubebat
1077 583 1265 664 terminari,
1279 585 1340 645 Ca-

280 708 450 775 saremque
472 685 512 750 ad
538 685 730 774 petitionem
757 684 946 748 consulatus
968 688 1091 753 venire.
1105 689 1199 754 Nam
1219 699 1251 749 et
1270 683 1341 748 bello

280 788 424 878 confecto
431 836 442 869 ‚
459 786 578 852 amati
588 785 743 850 vibrarem
757 788 930 850 exerceam
946 785 1057 853 debere
1065 813 1079 869 ,·
1095 802 1129 853 et
1145 787 1282 852 absentis
1295 807 1341 846 m·

282 893 396 956 nonem
409 888 543 952 comdiis
560 909 624 950 noa
638 886 835 966 habendam,
854 890 932 976 qaia
947 886 1013 978 lege
1028 892 1184 979 Pompeiis
1192 935 1203 967 ‚
1221 909 1282 976 qao
1293 911 1341 949 aa·

274 995 344 1082 pite
366 991 503 1054 assatas
526 989 681 1052 tonorum
701 990 853 1077 perdione
875 989 1159 1072 submovebaamr,
1183 1013 1224 1055 ne
1248 989 1344 1054 Cesar

281 1095 406 1183 quidem
420 1103 568 1177 exceptus
582 1102 667 1154 esset.

325 1195 448 1260 XXXI.
465 1192 616 1280 Namque
632 1191 823 1280 Pompeius,
838 1213 942 1278 quum
959 1195 1119 1259 Caesarem
1133 1194 1282 1281 excipere
1294 1214 1343 1254 no·

282 1297 428 1360 minatim
443 1293 626 1376 debuisset,
640 1294 709 1358 sive
718 1316 780 1381 per
792 1293 1007 1377 oblivionem,
1021 1317 1079 1360 seu
1094 1295 1268 1376 consulto,
1282 1295 1342 1357 Ca·

219 1482 221 1489 Α
281 1397 359 1462 saris
377 1397 579 1462 mentionem
602 1395 725 1460 nullam
745 1395 884 1476 fecerat5
902 1412 935 1460 et
959 1396 1111 1479 demum,
1132 1399 1208 1486 lege
1226 1396 1291 1476 jam
1312 1398 1340 1456 iu

281 1521 324 1564 aas
341 1498 460 1580 incisa,
475 1511 509 1560 et
521 1498 556 1560 in
570 1491 718 1560 aerarium
732 1495 883 1577 condita,
900 1515 1082 1562 correxerat
1093 1521 1255 1564 errorem.
1269 1499 1340 1561 Item

227 1675 229 1684 Ι
280 1598 452 1662 Marcellus
478 1595 519 1660 de
544 1597 672 1661 civitate
694 1595 998 1663 Novocomensibus
1024 1591 1202 1665 adimen'da
1225 1600 1339 1677 retulit,

282 1721 380 1786 quarn
404 1689 567 1762 coloniam
594 1698 764 1788 rogatione
786 1697 915 1764 Vatinia
937 1702 1044 1765 Caesar
1068 1701 1269 1782 deduxerat,
1292 1723 1340 1788 per

280 1800 491 1864 ambitionem
515 1817 548 1864 et
568 1800 651 1864 ultra
674 1801 899 1888 praescriptum
918 1801 1026 1866 datam
1048 1819 1213 1867 causatus.
1229 1804 1338 1865 Doara

279 1913 388 1967 autern
403 1901 476 1981 jure
490 1901 571 1966 Latii
587 1902 719 1966 Novum
739 1903 884 1966 Comum
902 1903 1032 1967 colonia
1046 1903 1177 1968 luerat:
1196 1925 1263 1990 quo
1279 1902 1339 1980 jure

280 2026 352 2092 quae
367 2009 459 2068 erant
473 2003 608 2068 colonia
617 2001 674 2084 ,in
691 2002 749 2084 iis,
766 2003 824 2090 qui
837 2004 1060 2094 magistratum
1073 2026 1226 2068 aunuum
1240 2001 1338 2092 gessit·

278 2122 346 2188 set,
376 2127 415 2169 eu
442 2105 513 2193 ipso
544 2105 705 2168 civitatem
734 2103 872 2192 adeptus
900 2126 1068 2168 romanam
1096 2103 1336 2194 intelligebatur.

277 2207 388 2272 Talem
410 2207 551 2293 aliquem
577 2205 749 2269 Marcellus
771 2221 886 2269 nactus
903 2206 1001 2294 virgis
1018 2203 1155 2287 cecidit,
1174 2227 1239 2294 qua
1255 2225 1336 2292 poena

278 2313 390 2374 Roma
408 2309 487 2373 ciris
509 2329 666 2374 romanus
690 2307 799 2371 nullus
823 2306 1041 2390 afficiebatur3
1056 2307 1223 2396 jussitque
1238 2303 1336 2370 catari

279 2411 403 2477 vibices
420 2408 602 2475 ostendere.

321 2512 461 2575 XXXII.
483 2512 559 2574 llaec
571 2510 679 2600 agenti
694 2510 867 2591 Marcello,
885 2532 1014 2573 summa
1026 2532 1089 2598 ope
1099 2513 1211 2574 Caesar
1222 2532 1279 2597 per
1292 2504 1338 2569 ad·

279 2610 385 2679 dictos
403 2613 465 2677 sibi
481 2612 632 2676 tribunos
646 2611 750 2701 plebis
765 2626 800 2675 et
814 2611 882 2675 Ser.
893 2612 1073 2700 Sulpicium
1087 2612 1246 2702 collegam
1260 2610 1335 2673 lilar-

279 2713 350 2777 celli
376 2712 543 2777 resistebat
567 2734 574 2776 :
597 2734 704 2799 neque
727 2710 890 2800 plerisque
913 2728 1104 2777 caeterorum
1128 2712 1335 2801 probabatur,

278 2815 396 2896 alicui,
410 2815 600 2902 priusquam
620 2828 748 2901 tempus
767 2814 840 2903 lege
857 2811 970 2878 datum
990 2815 1125 2898 exisset,
1148 2813 1334 2903 provinciam

277 2916 407 2979 auferri.
423 2913 535 2979 Sedet
551 2914 619 3002 ipse
634 2914 827 3002 Pompeius,
841 2915 916 3001 quI,
931 2916 1083 2980 simulato
1099 2915 1143 2980 ad
1160 2914 1335 3004 hispanien-

276 3040 326 3082 ses
345 3016 503 3089 exercitus
517 3016 657 3097 itinere,
676 3030 784 3080 tamen
802 3016 836 3079 in
851 3017 943 3081 ltalia
959 3017 1167 3100 substiterat,
1184 3020 1225 3091 in.
1236 3014 1332 3081 eaden

278 3119 438 3183 sententia
455 3118 528 3181 fuit.
542 3118 634 3181 Clam
649 3134 758 3182 tamen
777 3117 919 3183 intendit
936 3119 1102 3202 animum,
1119 3135 1157 3183 ut
1172 3128 1334 3183 exarmant

279 3224 455 3299 Coesarem,
476 3234 508 3281 et
526 3218 652 3299 statim,
669 3235 768 3305 atque
790 3220 934 3307 elapsum
955 3221 1081 3308 Imperii
1097 3236 1229 3309 tempus
1244 3218 1331 3285 toret.

278 3322 440 3409 privatum
459 3321 493 3383 in
506 3320 629 3383 Urbem
644 3318 751 3384 redire
762 3336 902 3409 cogeret.
915 3321 987 3383 Hoc
1003 3338 1042 3384 ut
1054 3322 1179 3386 facilius
1197 3338 1333 3405 asseque-

279 3436 387 3502 retur,
406 3424 443 3485 C.
460 3420 649 3485 Marcellum
672 3422 805 3485 fratrem
821 3423 1001 3510 patruelem
1018 3413 1137 3505 Marci,
1159 3424 1218 3511 qui
1234 3416 1332 3485 simul·

224 3556 225 3561 ¹
283 3540 382 3587 tatem
411 3523 542 3611 gerebat
569 3544 644 3586 curn
675 3525 818 3603 Caesare,
846 3523 1013 3587 consulem
1041 3523 1139 3605 fecit3
1168 3524 1332 3605 Gaiumque

279 3625 474 3706 Curionem,
489 3624 523 3687 in
538 3624 647 3687 locum
664 3624 783 3704 Servii,
797 3624 854 3711 qui
871 3624 1042 3688 damnatus
1058 3640 1135 3713 post
1150 3620 1331 3712 designatio·

314 3804 329 3869 5
342 3806 427 3851 XXX.
437 3803 535 3851 Sallust.
547 3804 611 3850 illst.
625 3805 650 3859 1,
666 3818 693 3852 a.
711 3828 748 3839 —·
764 3804 865 3852 Sueten.
876 3803 903 3850 in
917 3805 979 3853 Ces.
991 3820 1046 3868 cap.
1059 3806 1103 3852 aa.
1120 3830 1157 3840 -
1172 3802 1273 3867 sppin·
1284 3796 1330 3843 0¹*-

279 3889 322 3937 lib.
338 3890 370 3937 Il.
386 3916 421 3925 -
437 3888 496 3936 Dio.
510 3914 545 3923 -
559 3886 623 3935 Ilirt.
636 3913 670 3924 -
683 3888 736 3935 Cic.
749 3888 782 3935 ad
795 3888 954 3943 arcemn.
968 3890 993 3936 3.
1010 3915 1046 3925 -
1060 3889 1113 3937 Liv.
1125 3889 1191 3953 Epir.
1202 3914 1234 3924 -
1244 3890 1330 3935 suueu-

279 3998 314 4010 -
325 3971 341 4037 S
355 3974 453 4019 XXXI.
465 3970 544 4037 Strab.
556 3970 638 4027 liat,
651 3988 676 4035 p.
689 3973 750 4018 ari.
758 3999 793 4007 -
804 3974 906 4020 Sueton.
914 3998 948 4008 -
956 3973 1065 4037 Appian.
1075 4000 1110 4009 -
1120 3972 1184 4021 Plut.
1197 3972 1221 4018 in
1233 3971 1288 4018 (32³-
1299 3989 1328 4000 ν

280 4055 296 4119 5
310 4056 418 4105 XXXII.
431 4058 533 4104 Sueten.
546 4054 572 4103 in
587 4056 649 4104 Cas.
666 4070 719 4121 cap.
734 4072 777 4119 29.
797 4084 832 4093 -
847 4057 906 4105 uio.
925 4084 961 4094 -
977 4057 1085 4121 Appiae.
1107 4085 1141 4095 —
1157 4058 1209 4106 Cic.
1220 4054 1248 4103 ad
1258 4046 1326 4100 Fani.

281 4140 357 4197 vm,
372 4148 395 4194 4.
