2875 4900
298 399 367 474 550
403 404 470 471 JO.
488 402 680 472 FREINS.
702 402 838 470 SUPP.
857 402 912 471 IN
937 402 1052 470 LOC.
1072 402 1167 470 LIB.
1186 401 1276 471 CIV.

294 537 513 610 amputarunt.
527 521 566 586 ld
582 545 687 610 quum
704 538 788 587 esset
804 523 924 586 factum
935 532 952 603 ,¹
964 538 997 588 et
1012 522 1082 588 vela
1099 536 1340 608 armamentaque

293 624 479 713 gallicarum
501 623 653 705 navium,
675 625 709 687 in
731 623 850 711 quibus
872 623 979 687 omnis
1003 646 1075 714 spes
1095 624 1216 705 luerat,
1232 622 1342 687 inutilia

294 726 427 807 fierent3
446 724 593 813 plurimae
610 746 707 789 naves
725 740 932 815 expugnatas,
949 723 1040 813 qnod
1057 725 1163 789 subita
1178 723 1300 788 malacia
1315 738 1342 786 et
1390 710 1391 735 ¹

294 826 507 915 tranquillitas
526 827 621 891 maris
639 826 737 890 etiam
755 826 840 914 firgae
855 825 1039 890 facultatem
1053 822 1248 915 praeciderat.
1264 824 1343 889 Hanc

295 948 439 1016 pugnam
451 925 575 991 deditio
586 928 690 1017 gentis
705 942 853 1015 sequuta.
868 928 1004 1002 Senatus
1019 927 1125 993 omnis
1142 942 1285 1007 necatus3
1297 946 1343 988 oe·
1391 971 1392 1017 ,

295 1028 357 1093 ten'
379 1028 441 1091 sub
466 1048 587 1094 corona
608 1026 732 1092 venditi
750 1043 838 1092 sunt.
860 1028 923 1092 Per
945 1026 1057 1093 eadem
1077 1042 1225 1116 tempora
1244 1046 1291 1090 res
1310 1024 1344 1088 ab
1391 1020 1392 1039 ¹

295 1130 407 1219 legatis
421 1129 553 1193 Caesaris
566 1129 635 1217 pari
646 1127 777 1193 fortuna
787 1130 821 1193 in
835 1128 903 1193 aliis
915 1128 1089 1194 Galliarum
1098 1128 1242 1217 partibus
1251 1142 1343 1217 gestae.
1391 1138 1392 1145 ’

294 1230 331 1296 P.
339 1233 492 1295 Crassum
501 1252 578 1293 cum
593 1229 767 1295 duodecim
783 1229 965 1320 legionariis
976 1230 1185 1313 cohortibus,
1199 1244 1231 1293 et
1241 1250 1345 1317 magno

296 1354 434 1395 numero
454 1332 617 1419 equitatus
632 1332 667 1395 in
683 1332 891 1420 Aquitaniam
913 1332 1058 1415 miserat,
1077 1354 1119 1397 ne
1133 1354 1172 1397 ex
1187 1332 1237 1397 his
1254 1331 1345 1395 natio·
1392 1337 1393 1411 l

297 1422 393 1497 nibus
409 1433 526 1497 auxilia
541 1432 582 1497 ad
597 1432 733 1497 rebelles
751 1432 858 1498 Gallos
875 1433 1034 1498 venhent.

338 1534 489 1600 XCVIII.
512 1536 544 1599 Is
563 1558 670 1624 pugna
690 1556 766 1598 cum
784 1534 985 1599 Sontiatibus
997 1535 1118 1615 victor,
1134 1533 1289 1623 oppidum
1305 1553 1347 1595 eo·

296 1657 370 1698 rum
388 1652 556 1725 totamque
572 1652 703 1725 gentem
725 1636 760 1699 iu
781 1634 979 1701 deditionem
1002 1636 1143 1723 accepit;
1161 1634 1239 1700 inde
1258 1632 1346 1697 maxi·

297 1758 365 1800 mas
383 1738 622 1825 Aquitanorum
643 1736 946 1823 Cantabrorumque
968 1736 1094 1824 copias,
1111 1736 1258 1823 quamvis
1278 1732 1347 1796 mili·
1393 1744 1394 1773 ³

296 1837 348 1901 tiae
362 1838 462 1903 duces
477 1839 637 1903 haberent
651 1838 881 1927 peritissimos,
903 1837 961 1925 qui
978 1836 1040 1902 suh
1056 1836 1202 1902 Sertorio
1219 1836 1274 1901 diu
1292 1856 1348 1897 me·

296 1956 446 2017 ruerant,
468 1940 512 2018 ita
535 1938 670 2023 cecidit,
692 1955 731 2004 ut
754 1962 794 2004 ex
817 1939 1050 2029 quinquaginta
1067 1938 1206 2002 millium
1225 1954 1348 2001 numero

295 2040 349 2103 vix
369 2056 483 2129 quarta
502 2063 576 2129 pars
598 2056 790 2129 superesset.
810 2041 858 2106 Ea
877 2039 1010 2105 victoria
1028 2041 1218 2128 pleramque
1236 2035 1349 2125 Aquita·
1394 2071 1395 2090 r

298 2142 384 2207 niam
400 2142 524 2233 redegit
547 2141 587 2206 ad
609 2141 741 2207 Caesaris
758 2141 978 2228 obsequium:
994 2162 1103 2229 paueoe
1119 2138 1264 2203 civitates
1278 2153 1348 2200 tern-

296 2266 377 2331 pore
396 2245 493 2326 anni,
516 2242 606 2333 quod
627 2244 733 2309 hiems
757 2243 915 2325 instabat,
936 2259 969 2307 et
992 2243 1069 2330 quia
1089 2256 1182 2306 erant
1207 2242 1248 2305 ab
1270 2240 1350 2303 hoste

297 2344 536 2428 remotissimae,
556 2344 677 2434 legatos
701 2342 896 2432 obsidesque
919 2344 1046 2407 mittere
1069 2343 1292 2432 neglexerunt.
1310 2336 1349 2401 st

298 2442 358 2507 alia
374 2460 465 2531 parte
487 2446 523 2510 C.
539 2444 687 2510 Titurius
702 2444 859 2527 Sabinus,
878 2467 976 2533 quem
994 2445 1116 2524 Caesar,
1140 2442 1247 2508 tribus
1263 2440 1350 2531 legio·
1395 2459 1396 2462 ’

297 2544 394 2609 nibus
417 2545 520 2626 datis,
539 2546 574 2608 in
597 2547 750 2627 Unellos,
766 2545 993 2626 Curiosolitas,
1016 2543 1245 2632 Lexobiosque
1264 2537 1351 2631 proli·

297 2646 374 2710 cisci
388 2647 543 2727 jusserat,
562 2661 600 2710 ut
619 2647 687 2711 illas
701 2664 814 2737 gentes
827 2645 1019 2728 destinaret,
1038 2667 1142 2733 quum
1157 2644 1351 2711 simulatione

297 2745 424 2812 timorit
450 2769 489 2811 eo
513 2746 699 2812 adduxisset
719 2749 868 2828 hostem,
893 2763 932 2834 ut
952 2747 994 2812 ad
1019 2763 1120 2812 castra
1144 2743 1351 2837 oppugnanda

298 2847 505 2929 succederet,
528 2848 635 2912 subita
657 2847 828 2937 eruptione
852 2846 1057 2937 profligavit:
1081 2847 1229 2912 civitates
1251 2861 1352 2910 omnes

299 2951 407 3015 statIm
428 2972 463 3014 se
478 2949 606 3014 Titurio
622 2948 841 3014 dediderunt:
862 2971 900 3012 ea
920 2949 1088 3014 Gallorum
1106 2965 1200 3012 erant
1218 2945 1351 3038 ingenia,

300 3067 339 3114 ut
355 3050 397 3114 ad
412 3049 617 3139 suscipienda
632 3050 716 3114 bella
730 3049 890 3139 prompti,
901 3047 943 3112 ad
956 3046 1122 3113 toleranda
1138 3049 1254 3113 molles
1269 3049 1354 3132 impa-

299 3152 549 3240 tientissimique
564 3152 750 3217 mortalium
763 3169 880 3217 essent.
890 3151 948 3216 His
962 3151 1006 3217 ita
1017 3151 1133 3241 gestis,
1150 3173 1256 3238 quum
1270 3149 1353 3214 etiam

300 3252 506 3316 Morinorum
523 3252 817 3341 Menapiorumque
834 3253 868 3315 in
889 3252 982 3316 silvas
1002 3250 1225 3316 recedentium
1239 3249 1353 3340 agruim

299 3351 403 3415 Coesar
420 3353 630 3440 insequutus,
647 3353 891 3441 tempestatibus
905 3353 1039 3417 ulterius
1055 3351 1234 3440 procedere
1249 3367 1354 3416 vetare·

301 3466 372 3532 tur,
393 3453 552 3517 exercitus
574 3453 609 3516 in
632 3454 805 3536 Aulercos,
825 3454 1065 3543 Lexobiosque,
1085 3468 1119 3517 et
1133 3453 1275 3543 reliquas
1293 3449 1354 3516 civi·

301 3566 399 3635 tates,
417 3575 488 3641 quae
507 3576 611 3643 nuper
625 3555 660 3618 ln
676 3556 773 3620 armis
788 3556 935 3638 fuerant,
951 3555 992 3620 ad
1008 3555 1251 3624 hibernandum
1267 3551 1355 3620 dedu

302 3667 373 3718 clus
388 3669 447 3719 est.

334 3821 351 3892 s
368 3821 484 3873 xcvut.
496 3823 644 3874 niueos-
652 3827 714 3875 Cass.
726 3853 760 3865 -
769 3829 840 3878 Oros.
850 3853 884 3864 -
896 3827 961 3878 Flos.
973 3827 1024 3886 111,
1039 3841 1079 3878 to.

608 4035 1055 4074 -η--ι-ηειιμη--η
