2875 4900
296 343 352 411 IN
383 340 497 409 LOC.
525 341 618 408 LIB.
644 342 731 410 CIV
762 342 981 411 LIVIANI.
1091 341 1161 414 535

107 463 160 527 dio
182 464 325 543 ftrerent,
350 477 382 524 et
404 458 445 523 ab
467 458 628 542 Labieno,
653 461 710 547 qui
736 477 836 525 castra
858 462 988 527 interim
1018 464 1161 530 hostium

107 580 250 651 ceperat,
266 561 517 643 missaticum,
533 584 720 627 succurrere
739 562 959 627 laboredtibus
972 579 1161 651 potuerunt,

148 665 215 728 LX.
234 666 358 727 Herum
376 678 573 750 superventu
587 678 709 727 mutata
727 664 858 727 fortuna
871 682 936 746 est,
953 665 1163 754 hostiumque

107 781 192 833 totus
209 766 312 829 ferme
329 764 487 829 exercitus
504 762 680 852 pugnando
699 762 833 828 deletus
847 767 918 830 Hoc
932 766 1041 853 proelio
1059 768 1163 848 fecto,

108 866 239 944 majores
257 881 337 929 natu
352 865 566 944 Nerviorum,
585 886 667 952 quot
685 887 759 929 eum
780 865 888 953 pueris
904 884 1001 955 etque
1019 869 1163 933 mulieri·

107 966 209 1030 busin
222 968 293 1031 lom
304 966 477 1053 paludibus
491 966 576 1029 invia
589 965 761 1047 miserant,
773 968 888 1031 Caeseri
900 990 933 1031 se
947 968 1163 1035 dediderunt:
1218 999 1231 1037 ·,

108 1068 222 1132 horum
238 1068 333 1157 legati
346 1069 380 1131 iu
397 1067 586 1157 exponenda
601 1067 736 1131 civitatis
750 1069 926 1133 calamitate
944 1069 1111 1154 dixerunt,
1125 1073 1164 1135 de

105 1171 272 1257 sexaginta
292 1169 431 1234 millibus
445 1183 658 1247 armatorum,
682 1191 746 1231 non
764 1170 900 1257 amplius
913 1173 1096 1259 quingentos
1110 1196 1163 1236 su·

103 1295 235 1358 peterse,
251 1287 284 1336 et
297 1286 356 1335 tres
371 1271 544 1335 admodum
559 1282 714 1335 senatores
731 1270 770 1333 de
785 1272 1034 1359 quadringentis.
1060 1276 1163 1338 Caesar

105 1365 270 1454 misertus,
284 1374 350 1438 suis
363 1396 419 1437 eos
433 1372 552 1436 finibus
568 1370 760 1460 oppidisque
768 1372 863 1451 jussit
873 1373 940 1453 uti3
952 1372 1161 1462 finitimisque

108 1473 287 1561 imperavit,
305 1498 346 1539 ne
365 1497 462 1562 quam
479 1476 623 1537 facerent
642 1474 754 1561 populi
770 1475 894 1537 romani
910 1474 1062 1539 dedititiis
1076 1477 1162 1556 inju-

108 1574 193 1639 riam.
211 1576 370 1656 Atuutici,
387 1576 593 1639 Cimbrorum
611 1576 902 1661 Teutonorumque
918 1579 1105 1665 progenies,
1125 1602 1163 1642 ex

107 1675 143 1738 iis
159 1677 241 1758 orti,
260 1676 317 1762 qui
329 1698 349 1739 a
363 1675 611 1763 properantibus
626 1676 661 1737 in
676 1675 799 1739 ltaliam
816 1676 917 1739 relicti
936 1698 1010 1741 cum
1025 1678 1163 1765 impedi-

108 1778 220 1841 mentis
231 1777 264 1839 in
277 1776 378 1841 Gallia
386 1776 496 1839 fuemu
501 1791 524 1857 t,
536 1798 640 1863 quum
647 1774 685 1840 ad
697 1775 850 1839 auxilium
861 1776 1053 1839 Nerviorum
1064 1779 1165 1843 serius

108 1880 185 1944 moti
206 1894 333 1959 esseut,
356 1900 470 1941 eorum
491 1876 589 1941 cledis
614 1878 731 1940 nuntio
754 1893 904 1964 accepto,
927 1878 1108 1943 retulerunt
1131 1902 1164 1943 sc
1247 1886 1254 1909 '

109 1977 259 2060 domum,
278 1978 476 2066 desertisque
496 1978 617 2041 certeris
638 1976 765 2065 oppidis
786 1993 883 2065 atque
905 1979 1039 2041 castellis
1055 1982 1163 2044 omni·

108 2079 183 2161 bus,
199 2082 236 2145 iu
251 2104 374 2161 unum,
397 2079 649 2167 quodomnium
668 2095 783 2142 natura
803 2078 1055 2144 munitissimum
1077 2098 1163 2163 crat,

108 2203 140 2244 se
155 2182 376 2262 incluseruut3
391 2179 645 2267 accedentesque
655 2183 819 2243 Romanos
831 2180 950 2244 crebris
967 2183 1164 2246 excursioni-

109 2281 165 2347 bus
181 2285 315 2364 morati‚
332 2282 373 2347 ad
393 2282 511 2346 vebum
527 2276 699 2345 duodecim
717 2280 856 2369 pedum,
873 2282 1009 2346 circuitu
1024 2282 1162 2370 quinde-

109 2384 168 2448 eim
189 2385 349 2465 millium,
370 2383 545 2470 crebraque
564 2382 691 2446 castella
710 2382 877 2448 excitando
900 2386 1054 2449 Caesorem
1075 2408 1165 2450 com·

108 2487 269 2572 pulerunt.

147 2587 230 2652 LXI.
251 2587 427 2672 Postquam
446 2608 483 2648 ea
500 2586 584 2648 facta
598 2599 692 2664 suut,
711 2599 743 2647 et
756 2584 872 2673 procul
887 2583 1036 2649 aedificari
1050 2587 1164 2650 turrim

109 2686 268 2768 viderunt,
282 2685 480 2750 ridiculares
496 2685 614 2774 ignaris
628 2684 705 2765 visa,
718 2685 992 2774 increparuntque
1005 2685 1046 2750 de
1060 2709 1165 2768 muro,

108 2810 252 2874 quorsum
271 2788 408 2852 homones
426 2789 524 2875 inepti
544 2801 636 2850 tanta
655 2810 751 2875 opero
771 2787 981 2851 molirentur?
1001 2811 1085 2852 anne
1104 2813 1169 2878 spe·

110 2905 211 2954 rorent
226 2888 363 2954 camillis
373 2889 552 2978 corporibus
569 2889 582 2975 (
590 2911 664 2952 uam
681 2912 747 2977 prae
763 2889 985 2978 magnitudine
999 2913 1055 2954 sua
1070 2907 1170 2955 statu·

110 3013 173 3055 ram
202 2995 428 3056 Romanorum
456 2989 675 3078 despiciebant
701 2989 810 3076 Galli)
839 3003 961 3053 tantam
991 2990 1104 3054 molem
1134 2995 1168 3054 in

108 3114 208 3157 muros
229 3115 321 3182 posse
341 3090 509 3156 attollere?
533 3090 596 3156 Sed
618 3091 675 3154 ubi
699 3089 822 3160 moveri
848 3090 981 3172 turrim,
1006 3091 1168 3179 simulque

110 3210 245 3258 armatos
270 3195 306 3257 iu
331 3216 368 3258 ee
390 3209 511 3258 stantes
532 3192 700 3273 viderunt,
718 3191 860 3254 exterriti
881 3192 971 3255 velut
990 3193 1167 3274 miraculo,

111 3296 264 3361 miserunt
279 3296 418 3385 legatos,
432 3298 615 3360 aetimare
626 3319 676 3374 se,
690 3317 755 3358 non
770 3295 834 3358 nist'
846 3293 974 3358 deorum
988 3317 1044 3383 ope
1055 3293 1171 3358 bellare

110 3395 282 3477 domnos,
301 3399 473 3484 quitantur
488 3396 668 3460 altr'tudint‘s
685 3418 778 3483 opera
797 3409 864 3459 tam
883 3395 1023 3460 celeriter
1039 3420 1170 3485 promo·

111 3513 227 3562 veum:
248 3501 356 3586 itaque
372 3495 404 3562 ‘se
419 3521 537 3585 suoque
552 3495 777 3584 ildrntmfidei
785 3501 963 3587 pemu'ttere
978 3523 990 3562 .·
1007 3521 1103 3564 unum
1118 3499 1172 3563 de·

106 3603 246 3682 precari,
264 3623 303 3663 ne
322 3621 417 3663 amru
433 3600 557 3662 tradere
576 3613 747 3686 cogantur,
773 3601 837 3662 sinc
860 3599 907 3662 lu's
922 3601 1048 3688 praedoe
1063 3602 1175 3663 occinit

105 3701 226 3788 populis
231 3699 349 3788 fidurt
351 3748 362 3780 ‚
383 3701 493 3789 quibus
510 3701 657 3764 hactenus
673 3700 835 3764 dominari
845 3705 1077 3766 consuevissent.

152 3803 254 3868 LXII.
275 3804 380 3867 Caeser
405 3803 540 3867 omnino
564 3803 654 3866 tradi
672 3825 766 3866 erma
785 3801 945 3882 jubebat:
969 3827 1019 3882 se,
1040 3802 1126 3891 quod
1142 3804 1176 3864 in

112 3901 227 3967 Nerviis
233 3902 383 3991 fecisset,
399 3908 624 3992 imperaturum
634 3900 805 3989 finitumis,
827 3921 862 3968 ut
878 3906 1028 3993 enjurt'om
1048 3927 1087 3967 oc
1113 3905 1177 3990 uim

144 4097 235 4162 §HL
247 4100 310 4150 rtur,
324 4103 433 4152 -Flon
444 4105 494 4160 tu,
512 4119 552 4151 ro.
568 4129 601 4139 -—
613 4103 668 4149 Vel.
679 4104 748 4151 Mn.
760 4105 812 4160 111,
824 4119 857 4160 r,
880 4117 918 4162 ¹9·
