2875 4900
199 390 253 460 IN
280 390 392 458 LOC.
418 388 512 457 LIB.
539 390 739 459 LXXXIX
769 392 975 461 LIVIANI.
1046 420 1116 488 uoq

112 508 271 575 mvn.
289 508 382 573 Idem
403 528 510 573 annus
530 508 566 573 t.
580 508 701 573 Sullam
723 530 763 573 ex
782 524 938 598 perpetuo
961 508 1115 577 dictatore

76 610 218 695 privatum
228 611 329 692 vidit,
345 629 414 674 reru
429 610 646 697 inopinatam,
663 624 697 674 et
707 630 776 674 non
789 628 854 675 una
867 609 908 673 de
919 632 1013 675 causa
1026 634 1116 701 pror-

76 730 121 772 sus
133 710 360 775 admirabilem.
380 710 447 793 Qui
467 711 555 773 enim
575 726 730 798 tanquam
747 710 835 775 rabie
853 711 990 797 quadarn
1009 730 1117 796 actua,

78 809 146 873 uilril
161 833 294 899 usquam
310 812 437 900 sibique
453 827 487 875 et
501 811 569 875 aliis
583 812 751 899 quietum,
766 812 854 877 nulla
867 812 939 891 jura
951 814 1117 897 inviolata,

77 910 192 977 nihilad
201 934 362 977 summam
377 912 621 976 contentionem
635 912 782 976 laborum
793 960 803 991 ,
816 912 1051 999 periculorum,
1065 913 1119 979 de·

77 1010 162 1097 nique
175 1012 333 1077 scelerum
352 1028 387 1076 et
402 1013 609 1077 immanitatis
630 1014 792 1100 reliquum
817 1014 953 1095 fecerat,
975 1030 1013 1078 ut
1032 1034 1118 1081 unus

76 1113 171 1175 omnia
185 1129 314 1200 posset3
334 1114 433 1195 iaut,
451 1111 675 1201 interpellante
692 1114 840 1192 neruine,
857 1114 977 1177 summi
992 1115 1117 1202 imperii

76 1228 220 1297 putam,
239 1231 275 1279 et
294 1214 446 1301 patientia
465 1214 584 1277 civium
604 1212 842 1301 propemodum
854 1215 975 1293 justam
990 1236 1118 1302 posses-

77 1310 184 1375 sionem
202 1328 319 1401 sponte
335 1312 531 1401 deponeret,
550 1314 726 1401 exspectari
741 1314 888 1401 profecto
903 1334 970 1378 non
988 1316 1118 1401 debuit3

77 1412 235 1497 presertim
246 1434 351 1501 quum
361 1429 569 1501 acqueetate
581 1414 778 1493 etiamnum,
794 1436 901 1501 neque
916 1416 1061 1505 eorporis
1075 1441 1120 1481 rr·

76 1510 153 1575 ribus
165 1513 404 1580 destitueretur.
420 1517 469 1577 An
483 1515 591 1602 ipsum
604 1514 668 1593 jam
683 1512 812 1603 pigebat
824 1530 921 1602 raptae
936 1519 1119 1607 potestatis,

78 1628 211 1700 etquum
225 1613 408 1679 recordatio
423 1613 617 1679 delictorum
639 1634 718 1677 serre
739 1614 933 1701 pmnitentiae
960 1617 1119 1681 morsibus

77 1716 222 1780 murciam
242 1731 387 1779 mentem
410 1728 612 1797 cruentaret,
629 1731 765 1802 quantas
788 1714 930 1779 miserias
944 1735 1043 1803 quam
1059 1718 1121 1781 vile

77 1813 113 1877 ot
124 1817 286 1901 praemium
297 1816 471 1903 perferret,
487 1816 680 1903 experientia
692 1829 893 1879 monstrante
902 1818 1123 1901 persenserat?

112 1917 290 1981 XXXVIII.
307 1916 391 1981 Nam
407 1916 595 2004 priusquam
613 1915 730 2002 cupitis
745 1914 921 2002 potiretur,
933 1915 968 1977 in
985 1914 1036 1981 Itis
1052 1936 1122 1981 orn-

78 2035 140 2080 aern
159 2017 263 2083 inesse
283 2033 318 2081 et
344 2015 479 2082 solidam
508 2016 608 2079 animi
630 2015 815 2079 felicitatem
833 2011 1028 2097 crediderat3
1049 2016 1124 2081 ade·

77 2130 140 2198 ptus
149 2116 276 2200 deinde,
289 2138 393 2205 quum
406 2138 442 2179 se
453 2117 545 2203 pejus
555 2116 653 2180 etiarn
662 2114 839 2178 excruciari
853 2112 1120 2201 deprehenderet,

77 2214 168 2281 odirse
181 2234 280 2307 atque
296 2216 439 2281 fastidire
453 2217 566 2303 coepit,
580 2214 672 2303 quod
682 2229 777 2277 antea
789 2236 848 2301 per
862 2228 912 2275 tot
925 2212 1007 2277 bella
1020 2214 1122 2279 civilia

79 2312 304 2403 flagrantissime
324 2316 531 2420 appetiverat.
554 2316 632 2381 Hac
649 2314 796 2402 exempla
816 2312 932 2377 decere
949 2316 1124 2379 mortalita·

78 2429 132 2478 tem
143 2434 311 2504 poterant,
325 2437 365 2482 ur
376 2417 564 2506 priusquam
578 2436 649 2480 sere
658 2414 877 2503 precipitem,
893 2414 981 2480 unde
997 2415 1122 2504 regredi

79 2535 133 2578 uon
145 2517 255 2600 liceat,
268 2519 408 2582 consilio
420 2534 534 2605 regant
544 2517 700 2596 affectus,
713 2517 817 2604 iisque
832 2516 929 2580 rebus
942 2517 1122 2603 quoerenrlia
1250 2577 1262 2596 ,

42 2678 43 2683 ,
79 2611 251 2698 tdhibeant,
268 2640 350 2705 quas
364 2617 422 2680 ubi
434 2617 629 2704 consequuti
640 2606 778 2696 inerint,
795 2615 886 2680 nullo
897 2615 1048 2706 deinceps
1062 2639 1123 2705 pu·

81 2707 145 2777 dore
161 2719 389 2803 punitentiare
408 2731 645 2803 torqueantur:
662 2739 738 2780 nam
755 2715 840 2781 Sulla
857 2714 1006 2804 quidem,
1025 2739 1121 2804 quam

81 2813 185 2878 acerbis
200 2817 367 2906 suppliciis
382 2815 526 2880 domitus
539 2815 667 2905 pristini
680 2815 794 2897 judicii
812 2837 954 2880 errorem
969 2815 1123 2880 emenda·

82 2913 164 2995 terit,
178 2917 211 2980 iu
225 2918 400 3008 propatulo
409 2934 474 2999 est,
488 2939 592 3005 quum
607 2939 677 2980 rear
690 2931 784 2982 antea
796 2915 955 3002 prelatum
971 2914 1123 2979 omnibus

83 3007 117 3074 ita
127 3015 288 3082 festinaret
302 3017 457 3100 abjicere,
474 3032 569 3080 utne
583 3017 697 3081 mertia
710 3014 843 3103 quidem
858 3031 966 3096 metu,
985 3030 1034 3078 tot
1051 3015 1124 3078 mil·

84 3107 148 3176 lium
159 3116 193 3180 in
206 3139 241 3182 se
257 3117 391 3182 nritatis
409 3117 544 3198 animis,
557 3132 722 3196 retentus,
741 3115 804 3178 hoc
821 3113 938 3178 diserte
956 3113 1062 3198 dicere
1079 3113 1125 3178 vi·

85 3209 211 3299 (imur,
227 3219 336 3306 perire
349 3239 384 3281 se
399 3218 513 3299 malle,
530 3232 627 3305 quarn
645 3215 768 3280 diutius
787 3213 975 3280 dictatorem
993 3235 1097 3304 agere.

116 3315 261 3384 XXXIX.
278 3319 356 3384 Non
367 3318 500 3400 dubito,
515 3318 597 3406 quia
607 3316 755 3404 plerique
768 3337 867 3403 pravo
879 3312 1014 3379 consilio
1028 3337 1125 3380 usum

85 3411 165 3484 fnisse
193 3420 316 3484 Sullam
340 3417 514 3498 judicaturi
542 3417 628 3493 sint,
655 3413 931 3502 quemadmodum
959 3432 992 3480 et
1018 3418 1126 3482 atatim

86 3511 113 3574 C·
131 3519 225 3583 faeni·
243 3521 278 3583 in
307 3518 485 3606 depositam
508 3516 550 3581 ab
574 3538 614 3580 eo
632 3515 826 3580 dictaturam
844 3513 979 3598 ludens,
1002 3517 1128 3582 Sullam

86 3619 192 3680 reare
209 3620 317 3682 Ir'teras
335 3617 436 3699 dixit3
452 3616 509 3682 sed
528 3633 663 3682 eventus
683 3617 854 3704 utriusque
871 3616 949 3680 satis
969 3619 1128 3706 ostendit,

87 3707 244 3782 doctiorem
259 3720 295 3782 in
312 3717 363 3782 his
379 3718 517 3807 negotiis
533 3719 657 3782 Cerere
673 3716 795 3780 Sullam
811 3716 920 3780 fuisse.
938 3717 1127 3782 Proximum

89 3807 186 3880 deiude
198 3820 390 3884 miraculum
406 3819 487 3902 suit,
505 3817 596 3908 qnod
606 3818 731 3908 privato
748 3839 815 3883 non
834 3817 940 3884 solum
956 3821 1058 3896 salus,
1071 3818 1129 3882 sed

56 4068 57 4075 κ
116 4025 129 4087 S
142 4030 282 4087 mvm,
295 4031 418 4082 Plutarch.
432 4033 459 4080 iu
472 4031 553 4090 Sulla,
566 4048 620 4097 rap.
630 4031 673 4079 68.
687 4059 722 4069 -·
734 4033 836 4080 smrou.
850 4030 877 4078 itt
890 4031 952 4084 (kt-
967 4046 1023 4094 cap.
1041 4046 1081 4091 57.
1094 4056 1129 4068 ·-

93 4105 244 4171 irruunt.
256 4117 301 4166 ιιι.
313 4119 380 4164 r.-
394 4086 516 4172 cmv?
524 4131 567 4164 ιι.

67 4204 75 4231 “
190 4211 231 4278 Χ.
903 4207 942 4289 rt
