2875 4900
316 414 372 485 ΙΝ
401 414 514 484 LOG.
541 416 634 483 Ltlt.
662 416 728 485 CV
756 415 972 485 LIVIANI.
1106 412 1174 511 567

101 534 151 598 dis
167 558 176 597 ε
197 534 256 599 sed
269 536 347 622 quia
368 534 543 623 provincie
556 534 676 600 finibus
693 534 823 625 egredi,
845 536 1034 623 bellumque
1049 538 1175 616 injussu

101 636 218 724 populi
235 658 366 726 gerere,
388 636 515 724 legibus
537 636 723 719 vetabatur,
742 658 924 725 magnaque
941 639 1176 703 asseveratione

102 760 210 825 nuper
234 758 274 801 ert
300 736 463 825 Sibyllinis
484 738 575 802 libris
599 754 668 803 erat
691 736 881 816 decretum,
904 760 944 802 ne
965 742 1119 803 meterius
1140 743 1175 803 in

102 842 278 926 AEgyptum
292 838 471 920 ducemur,
489 839 678 929 trepidabat.

147 938 215 1003 xl..
233 940 280 1002 Re
293 939 328 1001 in
343 940 481 1005 consilio
495 940 678 1028 proposita,
693 964 797 1028 quum
810 942 958 1030 plerique
971 942 1090 1007 tutiora
1104 966 1177 1006 sua·

102 1040 239 1121 derent,
258 1040 304 1104 tt.
322 1041 484 1107 Antonius
500 1058 615 1107 auctor
630 1042 845 1130 suscipiende
863 1044 1078 1131 expeditionis
1096 1044 1195 1124 luit,

99 1142 236 1223 juvenili
263 1141 418 1224 andacia,
443 1158 476 1207 et
499 1143 591 1231 quod
615 1144 792 1209 Ptolemaeo
815 1144 969 1232 cupiebat
994 1143 1174 1234 gratificari.
1286 1197 1291 1230 ,

103 1242 264 1307 Gabinius
284 1243 400 1333 igitur,
418 1246 552 1333 negotio
572 1245 615 1308 ita
632 1244 785 1327 decreto,
802 1246 932 1325 urajoris
947 1245 1064 1334 prede
1084 1268 1175 1335 spem

102 1360 275 1431 sequutus,
286 1366 389 1431 quum
404 1361 436 1410 et
449 1346 511 1433 ipsi
521 1361 554 1410 et
563 1346 722 1411 militibus
734 1348 837 1411 multa
849 1348 958 1412 statim
973 1348 1176 1437 dilargiretur

102 1443 293 1533 AEgyptius,
307 1446 401 1533 plura
415 1446 640 1534 promitteret3
655 1447 753 1512 rebus
766 1448 964 1513 Mithridatis
977 1450 1111 1538 insuper
1124 1450 1177 1512 ha·

102 1546 195 1626 bitis,
219 1545 254 1609 in
274 1544 455 1636 AEgyptum
474 1549 675 1635 properavit,
700 1549 779 1614 dum
799 1548 908 1613 adbuc
926 1548 1047 1614 idoneo
1062 1547 1176 1614 delen-

102 1670 177 1711 sore
190 1668 329 1737 regnum
344 1665 476 1713 careret.
488 1650 572 1713 Nam
586 1650 695 1715 occiso
709 1649 910 1739 Cybiosacte,
921 1672 1025 1736 quum
1038 1650 1177 1714 Alexan·
1237 1698 1245 1720 ,

101 1749 189 1813 tlrini
204 1750 359 1813 maritum
376 1750 494 1840 reginae
512 1774 578 1815 suar
593 1752 804 1840 Philippum,
820 1752 922 1839 Grypi
939 1766 972 1815 et
986 1752 1177 1839 Tryphaenae

102 1848 225 1931 lilium,
245 1872 264 1913 e
282 1852 373 1939 Syria
395 1867 599 1935 evocassent3
621 1852 741 1917 deinde
762 1852 977 1933 Archelaum,
995 1851 1096 1916 lilium
1117 1856 1177 1917 Ar-

101 1952 224 2033 chelai,
244 1952 302 2017 sed
324 1952 433 2040 quise
454 1952 644 2017 Mithridate
663 1953 788 2017 serebat
802 1952 949 2041 genitum
970 1975 978 2016 ε
999 1952 1178 2032 Gabinius,

101 2053 184 2141 quid
204 2056 571 2143 ageretursuspicatus,
592 2056 780 2143 Philippum
798 2054 846 2117 ire
863 2053 1094 2141 prohibuerat,
1113 2055 1174 2117 Ar-

101 2156 275 2239 chelaum,
306 2154 520 2247 expeditionis
546 2156 699 2244 parthicas
722 2155 899 2235 comitem,
928 2155 961 2219 in
993 2153 1176 2219 custodiam

100 2256 247 2323 dederat.
870 2252 875 2259 ’

147 2360 232 2423 XLI.
247 2359 311 2424 Sed
325 2360 379 2424 ille
395 2360 492 2449 paulo
505 2374 580 2446 post
593 2358 739 2445 elapsus,
755 2347 870 2446 ignaro
884 2357 1044 2437 Gabinio,
1057 2378 1099 2419 an
1111 2355 1176 2418 dis·

99 2462 278 2526 simulante
288 2462 539 2537 conscientiam,
551 2462 730 2541 incertum3
741 2459 804 2524 nisi
815 2459 907 2546 quod
914 2448 1058 2524 hominis
1070 2483 1177 2524 mores

101 2561 202 2628 fidem
216 2563 391 2628 adstruunt
407 2563 626 2642 tradentibus,
642 2579 750 2643 metu,
765 2583 808 2624 ne
819 2560 972 2649 pauciora
984 2562 1179 2626 Ptolemaeus

100 2665 214 2744 darm,
230 2665 256 2728 si
279 2666 358 2730 citra
375 2665 545 2754 negotium
563 2679 646 2728 esset
662 2662 850 2742 restitutus,
866 2662 964 2725 simul
980 2661 1119 2748 acceptis
1135 2662 1178 2724 ab

100 2767 264 2831 Archelao
276 2767 402 2856 magnis
419 2767 629 2844 muneribus,
649 2763 827 2828 Gabinium
840 2777 959 2852 sponte
971 2783 1123 2850 passum,
1139 2780 1177 2824 ut

100 2869 136 2930 in
155 2865 339 2955 AEgyptum
352 2867 405 2930 ille
422 2867 615 2954 perveniret.
643 2864 801 2928 Archelao
822 2863 978 2942 dimisso,
997 2862 1177 2944 Gabinius,

100 2989 209 3055 quum
222 2967 342 3031 ludaris
356 2967 528 3054 pecunias,
545 2988 698 3052 armaque
711 2981 746 3029 et
757 2967 959 3028 frumentum
971 2965 1178 3050 imperasset,

99 3091 163 3157 per
180 3091 295 3132 eorum
313 3069 481 3156 regionem
500 3067 541 3132 ad
560 3068 728 3132 Pelusium
747 3080 781 3129 et
795 3065 928 3155 AEgypti
946 3066 1084 3129 claustra
1100 3088 1177 3153 pro-

97 3170 211 3234 cessit.
225 3171 346 3258 Magno
358 3169 405 3232 illi
422 3185 493 3233 turn
511 3169 585 3232 usui
601 3169 771 3255 Antipater
786 3168 886 3230 hrisse
903 3164 1058 3244 traditur,
1076 3167 1179 3228 Hero·

100 3273 155 3336 dis
176 3287 285 3360 pater,
304 3293 408 3359 quum
430 3269 472 3334 ad
492 3286 606 3334 cetera
629 3270 784 3358 pleraque
803 3285 958 3334 strenuus
971 3266 1179 3347 administer,

99 3390 176 3437 tum
192 3372 234 3437 ad
248 3372 438 3462 aperiendas
455 3371 580 3436 itineris
596 3369 804 3435 difficultates
820 3368 949 3433 unicus.

148 3471 251 3536 xtlt.
275 3474 388 3556 Quum
410 3473 498 3536 enirn
515 3471 604 3536 baud
621 3472 732 3536 minus
748 3472 874 3535 riuum
888 3469 1061 3558 impedita,
1080 3492 1180 3557 quam

100 3574 181 3640 belli
195 3573 345 3655 adversa,
361 3575 573 3654 timerentur3
590 3573 712 3660 quippe
730 3595 789 3660 per
802 3574 904 3636 altum
919 3573 1070 3636 sabulum
1090 3589 1123 3635 et
1138 3571 1181 3634 si-

100 3677 222 3740 tientes
239 3695 370 3755 arenas,
384 3673 446 3738 snb
465 3674 585 3762 quibus
606 3673 712 3738 crebri
726 3691 894 3762 serpentes
911 3674 1182 3752 occultabantur,

137 3916 156 3981 s
174 3910 298 3964 XXXIX.
312 3915 420 3981 Appiau.
440 3941 475 3954 -·
490 3915 592 3980 loseph.
613 3943 646 3954 -
664 3915 722 3964 Dio.
738 3942 772 3952 -
787 3915 851 3963 Plnt.
864 3917 890 3962 iu
905 3916 999 3963 Aaron.
1016 3941 1050 3950 -—
1069 3913 1121 3961 Cic.
1135 3929 1182 3977 pro

101 3998 191 4049 nahtr.
203 4010 228 4047 et
243 4000 269 4046 in
283 4001 331 4048 Pir.
342 4016 396 4064 cap.
407 4017 451 4049 ar.
467 4025 503 4038 -
521 3999 537 4065 s
555 3999 609 4048 XL.
625 3999 691 4048 rtur.
712 4025 746 4036 —
761 3999 870 4063 Appiae.
886 4026 922 4034 —
935 3998 1000 4044 Dio..
1010 4023 1046 4034 -
1058 3996 1182 4062 Porphyr.

102 4080 173 4144 apud
185 4080 274 4128 Euaeb.
287 4097 312 4147 p.
328 4097 387 4143 ²²7·
403 4109 437 4120 -
454 4083 533 4132 Strab.
547 4081 592 4130 lib.
605 4083 696 4139 svn,
715 4099 741 4145 p.
758 4083 825 4142 796,
845 4093 871 4130 et
888 4081 933 4128 lib.
951 4082 1014 4134 ΧΗ,
1033 4084 1058 4144 p.
1076 4080 1135 4128 558.
1148 4107 1183 4116 -

104 4163 121 4228 s
135 4165 205 4213 XLI.
217 4165 298 4214 Strtb.
313 4163 500 4216 tib.1v11.-
513 4166 572 4215 Dio.
590 4191 626 4202 --
637 4165 740 4228 loseph.
751 4191 786 4201 -
797 4164 930 4228 Hegeaipp.
942 4168 967 4222 1,
979 4179 1022 4211 at.
