2875 4900
280 362 348 460 ὅρα
453 368 521 434 JO.
550 363 889 436 FREINSHEMII
922 363 1173 432 SUPPLEM.

281 487 409 554 Groecos
425 485 545 552 incolas
559 486 653 551 haud
664 483 844 574 difficulter
856 506 1053 550 occasuram
1067 484 1118 548 od
1127 497 1242 572 partes
1249 510 1262 565 ,·
1282 487 1346 548 tilde

273 591 436 680 penetrari
454 588 502 654 ad
526 587 753 678 Clesiplwutem
770 586 827 673 (ea
848 601 918 650 tum
939 575 1140 652 Parthorum
1163 585 1251 673 regia
1267 587 1345 668 erat]

270 714 371 781 posse.

322 793 480 858 XXXIII.
494 791 638 856 Salutare
650 790 837 872 consilium,
848 812 954 878 quum
963 787 1157 876 imperatori
1169 808 1240 851 non
1252 785 1347 875 displi-

277 910 384 977 ceret,
409 893 505 958 dolus
530 915 567 956 ac
592 890 728 980 perfidia
752 891 916 956 Osrhoeni
947 889 1092 955 hominis
1114 888 1250 953 irritum
1273 887 1347 950 fecit.

277 995 369 1060 Sicut
390 996 476 1057 inter
498 1014 586 1056 arma
604 991 848 1081 potentiorum,
868 993 927 1081 qui
951 1007 1031 1056 sunt
1047 990 1249 1078 intercepti,
1271 989 1346 1053 solli·

220 1143 226 1156 .
278 1097 376 1162 citam
394 1115 523 1182 semper
538 1092 639 1157 vitam
657 1091 803 1184 degunt,
825 1109 879 1176 et,
904 1115 973 1180 quo
990 1114 1025 1156 se
1042 1092 1216 1161 continuis
1231 1091 1346 1179 pencu-

277 1199 317 1264 lis
328 1197 495 1277 evolvant,
506 1193 660 1259 eumdem
672 1209 835 1284 perpetuo
846 1215 981 1259 cursum
992 1194 1212 1259 consiliorum
1222 1193 1347 1258 retinere

242 1340 245 1349 ι
279 1324 345 1364 non
370 1312 528 1386 possunt,
551 1295 609 1360 sed
629 1297 721 1361 velut
741 1296 775 1361 iu
802 1296 967 1360 maritima
989 1311 1186 1385 tempestate
1208 1293 1346 1360 fluctibus

278 1401 448 1488 ventisque
461 1399 691 1487 obsequuntur
705 1421 713 1463 t
729 1420 906 1486 parvorum
920 1397 1144 1486 quorumdam
1158 1394 1345 1486 populomm

277 1502 457 1590 principes,
476 1501 562 1566 inter
577 1523 661 1588 quos
676 1501 833 1589 praecipui
848 1500 998 1590 Abgarus
1020 1499 1239 1579 Osrhoenus,
1254 1512 1287 1560 et
1301 1495 1345 1558 nl-

277 1601 482 1668 chaudonius
508 1601 635 1683 Arabs,
661 1601 859 1689 pompeiana
884 1601 1094 1691 expeditione
1119 1602 1156 1664 in
1186 1598 1343 1664 amicitiam

278 1704 418 1792 recepti,
437 1703 588 1794 digressis
604 1704 779 1785 Romanis,
796 1703 839 1768 ad
857 1704 996 1768 Parthos
1011 1701 1188 1767 redierant.
1207 1698 1271 1765 Sed
1280 1701 1344 1762 sn·

277 1805 344 1886 bis,
363 1804 438 1891 quia
454 1803 620 1892 professus
634 1804 765 1868 hostem
781 1821 871 1897 erat,
887 1805 990 1869 levior
1004 1804 1123 1884 injuria
1141 1803 1219 1867 fuit.

321 1905 475 1970 XXXIV.
497 1905 661 1993 Abgarus,
678 1906 821 1972 amicitia
837 1907 987 1970 simulata
1006 1905 1234 1995 pestilentior,
1254 1921 1342 1990 quum

277 2006 404 2084 Parthis
416 2004 580 2087 studeret,
597 2005 713 2071 Crasso
730 2006 869 2072 adduxit
881 2008 1017 2085 auxilia,
1033 2024 1067 2072 et
1082 2006 1275 2096 pecuniam,
1287 2021 1341 2088 quo

276 2110 330 2173 ille
348 2109 436 2172 visco
457 2107 608 2171 facillime
627 2109 834 2196 capiebatur,
850 2108 1026 2173 liberaliter
1038 2108 1153 2173 dedit:
1172 2106 1291 2194 quibus
1304 2124 1343 2164 re·

276 2207 339 2274 bus
358 2231 461 2298 quum
482 2208 527 2272 ita
545 2231 580 2272 se
601 2209 812 2293 insinuasset,
830 2228 870 2273 ut
887 2211 1022 2276 consilia
1037 2209 1079 2274 de
1099 2230 1232 2274 summa
1248 2223 1340 2269 mrum

278 2332 354 2373 cum
371 2333 410 2373 eo
424 2309 764 2394 communicarentur3
784 2311 887 2375 homo
900 2328 1045 2394 astutus,
1064 2332 1125 2376 nec
1140 2305 1340 2382 infacundus,

277 2441 290 2467 οι
300 2411 420 2494 Miror,
436 2411 562 2500 inquit,
579 2412 778 2501 imperator,
796 2411 907 2502 quod,
926 2413 991 2479 hoc
1007 2430 1075 2479 tam
1089 2429 1123 2480 et
1133 2421 1339 2479 numerosos!

277 2546 290 2571 ιι
301 2512 396 2579 firmo
411 2514 556 2577 exercitu
567 2514 760 2596 instructus,
774 2536 930 2604 apparare
942 2515 1051 2579 adhuc
1063 2516 1244 2595 victoriam,
1258 2528 1338 2599 ΨΜ

278 2638 412 2704 «rapere
428 2616 540 2679 mavis.
567 2616 685 2679 Hostes
707 2617 811 2706 l'ugae,
836 2640 935 2706 quam
955 2617 1066 2707 proelio
1082 2619 1275 2705 paratiores,
1290 2608 1338 2673 nisi

277 2734 458 2800 «maturas,
468 2719 536 2798 jam
550 2717 585 2780 iu
599 2716 771 2805 Hyrcanos
783 2730 842 2783 aut
853 2719 989 2808 Scythas
999 2719 1235 2808 pretiosissima
1246 2731 1337 2778 rerum

279 2820 433 2883 «suarum
457 2833 689 2907 etcorporum
715 2820 957 2902 transtulerint,
982 2821 1044 2885 tibi
1067 2820 1276 2885 solitudinem
1297 2834 1337 2876 re·

277 2952 290 2977 ι
300 2921 418 2985 licturi.
437 2918 538 3003 Quod
552 2920 579 2985 si
595 2921 754 2986 cessando
772 2923 915 3011 speciem
934 2922 1078 2988 timentis
1095 2919 1285 3011 praebueris,
1297 2936 1337 2977 rt·

278 3038 432 3088 «sument
441 3021 591 3117 ,animos3
607 3038 641 3087 et
658 3044 737 3087 mox
749 3046 826 3089 cnm
843 3039 913 3089 tota
929 3023 1015 3088 mole
1028 3024 1149 3088 virium
1162 3046 1221 3089 rex
1233 3016 1335 3092 aderit,

279 3156 292 3180 ι
303 3124 361 3213 qui
378 3145 467 3188 nunc
485 3124 601 3189 anxius
616 3140 729 3206 metu,
748 3148 817 3189 non
832 3125 925 3213 quasi
941 3147 1034 3213 pares
1048 3124 1141 3189 vobis
1152 3122 1301 3187 Surenam
1311 3128 1336 3175 et

278 3226 446 3292 ·Sillacem
466 3225 603 3309 objecit,
621 3226 681 3291 sed
703 3227 742 3293 ut
761 3228 803 3291 ab
825 3226 1030 3315 insequendo
1049 3246 1108 3289 vos
1128 3234 1335 3291 remorentur,

280 3326 408 3391 «donec
424 3326 477 3391 ille
490 3348 542 3391 res
559 3348 633 3391 suas
651 3328 685 3391 in
702 3329 859 3393 tutiorem
875 3327 1058 3419 reposuerit
1073 3342 1227 3391 statum».

323 3428 461 3492 XXXV.
480 3428 629 3494 Credidit
642 3426 772 3495 homini
784 3431 938 3512 Crassus,
952 3428 1043 3519 quod
1053 3428 1197 3493 amicum
1208 3442 1241 3492 et
1251 3420 1334 3489 fidum

280 3546 428 3619 putaret,
455 3530 737 3621 confirmatusque
764 3548 814 3597 est
841 3533 877 3597 in
903 3554 1033 3611 errore,
1059 3547 1233 3619 postquam
1255 3527 1334 3607 longe

279 3633 407 3719 lateque
422 3632 588 3696 neminem
606 3626 783 3699 'hominem
799 3656 958 3723 usquam,
976 3632 1032 3697 sed
1049 3648 1178 3697 tantum
1194 3640 1333 3719 ‹equorffll¹

279 3754 388 3798 aversa
404 3733 538 3821 vestigia
554 3756 709 3823 apparere
721 3736 941 3823 exploratores
958 3733 1153 3799 nuntiarunt
1167 3756 1176 3797 ε
1191 3748 1283 3818 eaque
1292 3740 1332 3784 ‘0⁵

281 3814 374 3898 miliii
389 3834 533 3899 restituit
550 3832 717 3915 animum,
737 3835 1029 3924 fidentioremque,
1050 3851 1205 3923 tanquam
1226 3827 1333 3916 fugien-

280 3938 368 4002 tibus
383 3936 529 4017 Parthis,
542 3936 629 4003 fecit.
646 3939 796 4003 Primum
808 3940 887 4021 iter,
901 3939 1013 4004 relicto
1027 3958 1140 4019 amne,
1152 3959 1211 4025 per
1224 3943 1330 4015 campos

316 4136 332 4203 S
345 4138 470 4187 XXXIII.
483 4139 547 4187 Plut.
558 4166 590 4177 —
606 4140 670 4190 Flor.
681 4170 715 4181 —
730 4144 785 4192 Sex.
798 4144 856 4194 Rus.
867 4170 901 4181 -
917 4143 975 4192 Dio.
989 4168 1025 4181 -
1040 4141 1057 4207 ς
1072 4142 1194 4189 XXXIV.
1204 4139 1261 4188 Plut.
