2875 4900
318 348 371 419 ΙΝ
401 348 515 417 LOC.
543 348 636 417 LIB.
663 347 714 415 CI
744 349 962 417 LlVlANI.
1105 356 1170 437 401

104 486 193 533 mato
206 468 305 557 patris
317 468 458 551 judicio,
470 466 720 556 honoribusque
734 488 821 531 noro
831 467 900 556 regi
912 467 1073 533 exhibitis.
1085 468 1178 535 Pom·

103 572 214 658 peius,
231 570 282 634 his
299 570 333 633 in
354 570 506 634 Armenia
529 568 646 657 gestis,
670 566 849 655 relictoque
870 568 914 633 ad
934 571 1068 635 tutelam
1086 594 1179 659 paca·

102 688 213 737 torum
233 672 387 753 Afranio,
408 670 560 759 persequi
578 668 801 734 Mithridatem
816 686 971 753 conatus,
988 694 1048 758 per
1062 689 1176 761 gentes

102 774 186 839 feras
209 775 402 863 ignotasque
426 776 605 837 Caucasum
627 772 809 835 accolentes
832 772 1010 837 exercitum
1035 774 1176 839 circum·

101 876 207 940 duxit.
231 876 432 963 Frequentes
455 874 509 937 ille
532 890 654 938 tractus
672 873 831 962 populos,
853 874 912 938 sed
934 876 1103 964 praecipuoe
1118 899 1177 965 po·

101 978 213 1041 tentiae
229 976 371 1042 Albanos
387 992 421 1040 et
439 976 551 1041 Iberos
567 976 705 1040 habuit:
727 975 774 1040 illi
787 974 830 1039 ad
846 975 1016 1043 Orientem
1036 994 1070 1044 et
1087 1001 1177 1043 mare

100 1078 264 1167 Caspium¹
277 1076 548 1167 porrigebantur3
574 1076 689 1140 Albani
712 1075 754 1140 ad
774 1076 920 1143 Pontum
940 1095 974 1143 et
992 1080 1176 1147 Moschicos

100 1196 233 1243 montes
250 1177 466 1266 pertinebant

145 1281 254 1345 xvll.
277 1283 353 1345 Haec
369 1281 535 1369 ingressus
552 1279 622 1344 loon
638 1279 833 1368 Pompeius,
856 1281 932 1366 quia
945 1282 1039 1369 petiti
1054 1280 1176 1371 fidique

98 1382 203 1447 duces
224 1380 375 1462 deerant,
399 1396 554 1468 tanquam
577 1382 610 1443 in
634 1381 735 1462 mari,
757 1382 851 1445 astris
867 1383 1065 1469 sequebatur
1079 1384 1174 1449 riam.

97 1484 183 1547 Satis
205 1498 352 1571 pacatum
373 1482 414 1545 ab
438 1481 532 1544 initio
558 1480 619 1543 iter
634 1481 715 1561 fuit,
738 1482 911 1545 transitum
930 1499 1059 1569 petente
1077 1484 1176 1550 Porn-

97 1586 193 1671 peio,
206 1584 256 1647 his
271 1581 527 1647 concedentibus
537 1604 546 1660 ;
562 1580 667 1645 donec
678 1582 712 1644 in
719 1582 917 1645 Tanaiticum
928 1585 1095 1672 regionem
1106 1610 1178 1674 per·

97 1700 258 1749 ventum:
275 1682 319 1747 ibi
333 1697 465 1770 propter
476 1682 603 1771 frigoris
617 1682 822 1770 asperitatem
831 1682 969 1747 hiberna
982 1686 1085 1751 tribus
1096 1688 1175 1753 locis

97 1802 181 1850 sunt
200 1784 314 1871 posita.
335 1785 420 1847 Turn
445 1784 571 1847 Oroeses
586 1784 790 1847 Albanorum
810 1806 884 1863 rex,
902 1787 1019 1872 partim
1034 1789 1175 1854 amicitia

96 1886 253 1975 Tigranis
269 1884 481 1949 adolescentis
496 1898 624 1966 motus,
640 1902 793 1949 caeterum
810 1886 873 1949 sibi
887 1886 1020 1968 timens,
1038 1912 1079 1953 ne
1094 1890 1174 1955 alio·

96 2010 176 2053 rum
199 2010 315 2076 regum
339 1986 486 2074 exemplo
505 1985 546 2049 ab
563 1985 614 2049 his
633 1986 818 2074 hospitibus
834 1988 1093 2075 opprimeretur,
1111 1994 1173 2057 sub

96 2090 169 2178 ipsa
188 2088 369 2153 Saturnalia
387 2086 428 2152 nd
447 2084 658 2177 quadraginta
673 2087 847 2151 hominurn
863 2089 962 2155 millia
980 2094 1103 2179 Cyrum
1117 2090 1175 2157 llu-

95 2191 190 2253 vium
206 2187 406 2270 transduxit,
421 2210 537 2276 magna
550 2210 623 2275 spe,
640 2189 730 2268 fore,
744 2205 781 2252 ut
796 2188 944 2254 incautos
959 2214 1018 2278 per
1030 2192 1172 2259 hiemem

95 2293 287 2370 Romanos,
307 2304 358 2370 et,
375 2288 479 2353 diviso
498 2288 658 2369 exercitu,
674 2289 937 2377 aggredientibus
952 2310 1172 2382 opportunos,

93 2390 197 2455 simul
214 2390 370 2454 omnibus
392 2390 472 2454 locis
495 2388 649 2472 adortus,
673 2412 714 2454 ne
739 2391 912 2458 subvenire
933 2394 1073 2461 invicem
1090 2420 1172 2489 pos·

94 2509 191 2572 sent,
208 2492 316 2579 aliqua
329 2509 415 2556 certe
431 2507 523 2580 parte
539 2513 645 2580 operae
662 2492 804 2578 pretium
819 2495 949 2560 faceret.

139 2593 265 2656 XVIII.
297 2592 373 2656 Non
399 2593 512 2657 fefellit
534 2592 665 2656 barbari
688 2592 784 2658 dolus
811 2595 1028 2685 Pompeium:
1051 2599 1171 2687 igitur,

93 2697 172 2760 licet
187 2693 364 2782 probibere
380 2693 592 2773 trajicientem
609 2710 736 2782 posset,
752 2712 956 2783 exspectare,
977 2697 1058 2762 dum
1079 2701 1169 2762 reni-

93 2816 144 2862 ret
160 2798 197 2860 in
215 2819 351 2879 manus,
368 2797 499 2877 maluit;
516 2796 705 2883 nuntiisque
722 2796 755 2860 in
769 2815 882 2862 caetora
894 2798 1029 2864 hiberna
1045 2801 1169 2882 missis,

91 2917 131 2965 ut
148 2901 272 2963 intenti
288 2901 455 2988 paratique
468 2921 582 2964 omnes
597 2915 722 2978 essent,
740 2897 1026 2964 monuit'Oroeses
1040 2900 1085 2966 ita
1100 2923 1171 2988 pan·

91 3002 174 3064 titus
194 3015 266 3064 erat
283 3000 391 3088 copias
409 3017 442 3064 et
459 3000 610 3088 negotia,
629 3015 666 3062 ut
687 2999 729 3064 ad
749 2999 953 3088 eripiendum
975 3002 1170 3090 Tigranem,

90 3125 194 3192 quem
211 3101 247 3164 in
265 3101 412 3166 custodia
428 3103 577 3168 Metellus
595 3102 689 3166 Celer
708 3102 867 3182 habebat,
892 3103 962 3190 ipse
983 3103 1167 3191 proficisce-

91 3221 205 3286 retur,
222 3203 303 3267 alios
320 3202 474 3268 adversus
496 3203 643 3290 Pompeii
669 3218 787 3285 rastra,
805 3203 968 3290 reliquum
991 3206 1167 3269 exercitum
1258 3249 1277 3280 -‚

89 3305 131 3370 ad
152 3304 408 3394 opprimendos,
431 3305 486 3392 qui
505 3327 578 3368 curn
600 3305 635 3367 L.
655 3305 771 3367 Flacco
785 3321 894 3385 erant,
911 3305 1063 3370 mitteret.
1081 3308 1169 3372 Nus·

89 3429 193 3496 quam
211 3407 281 3493 spei
294 3405 463 3493 respondit
476 3421 610 3470 eventus
625 3427 632 3468 :
649 3403 722 3494 ipse'
733 3405 919 3495 profligatus
930 3429 948 3470 a
961 3409 1110 3489 Metello,
1125 3433 1168 3472 ne

88 3509 238 3574 ducibus
257 3507 390 3595 quidem
410 3507 476 3571 suis
490 3508 606 3572 melius
619 3509 752 3572 cessisse
765 3523 888 3594 coepta,
906 3508 997 3573 triste
1013 3512 1167 3574 nuntium

87 3611 230 3698 accepit.
246 3609 395 3690 Flaccus,
410 3610 566 3688 majorem
581 3625 760 3672 castrorum
774 3609 934 3675 ambitum
949 3611 1087 3676 delensis
1102 3611 1167 3676 dif-

89 3710 213 3774 firilem
224 3725 331 3790 ratus,
342 3709 478 3774 interius
489 3709 731 3774 munimentum
746 3725 922 3793 struxerat3
937 3711 1055 3776 deinde
1065 3713 1168 3776 simu·

87 3814 157 3876 lato
173 3827 286 3892 metir,
304 3825 457 3876 attractos
470 3813 552 3876 intra
574 3813 663 3901 prius
676 3812 798 3876 vallum
814 3813 944 3892 hoster,
968 3814 1077 3878 subita
1097 3838 1169 3877 ern·

125 4021 142 4084 5
160 4021 247 4068 ΠΗ.
267 4020 391 4070 Plutarch.
406 4021 511 4068 -nin
536 4047 570 4058 -
592 4021 655 4068 Flor.
670 4023 720 4076 111.
741 4022 765 4067 5.
789 4048 823 4056 —
842 4021 859 4083 s
879 4024 976 4070 natu.
993 4023 1117 4072 Plutarch.
1132 4049 1167 4058 -

87 4107 148 4151 Dio.

215 4193 257 4260 X.
925 4188 971 4256 26
