2875 4900
291 404 356 503 372
456 408 525 475 JO.
551 406 893 475 FREINSHEMII
922 406 1168 477 SUPPLEM.

289 529 359 615 epit
374 542 587 616 perpetuum,
603 543 641 592 ut
652 527 754 617 magis
769 528 803 589 in
816 542 1011 615 perpetuum
1025 529 1178 593 aboleret.
1188 529 1255 594 Nec
1264 530 1343 593 eninr

288 630 380 716 «ipse
398 628 455 691 diu
471 628 627 692 sustinuit
642 627 818 708 invidiam,
837 649 899 691 nec
913 644 1002 691 tanta
1017 628 1219 694 laboraturos
1231 629 1344 694 insania

289 746 457 817 «posteros
471 728 683 809 crediderim,
699 744 754 808 ut,
768 726 874 792 donec
888 728 1090 793 sullauorum
1105 745 1288 817 temporum
1298 753 1346 793 ex·

289 830 409 899 *stabit
434 831 610 912 memoria,
639 852 748 895 creare
775 829 966 895 dictatorem
994 831 1235 919 concupiscent.
1260 814 1344 895 Marii

289 955 445 1020 equoque
463 954 583 1021 paucos
605 931 689 995 intra
707 953 812 997 annos
833 930 1038 1021 multiplicati
1054 933 1258 1013 consulatus,
1274 930 1345 1019 quid

290 1032 419 1114 «aliud,
447 1054 546 1119 quam
568 1032 733 1096 continua
756 1033 923 1120 potestatis
947 1054 1111 1115 amorem,
1133 1049 1167 1098 et
1187 1056 1244 1120 per
1264 1033 1345 1097 bunc

289 1135 532 1204 «acerbissimas
548 1134 735 1222 reipublicae
751 1134 945 1202 calamitates
960 1134 1183 1224 pepererunt?
1197 1136 1346 1201 Praetereo

290 1269 302 1293 .
311 1236 393 1317 jam,
419 1234 510 1321 quod
537 1234 698 1315 ejusmodi
723 1236 809 1325 leges
834 1252 955 1299 statum
985 1236 1174 1301 convellunt
1198 1237 1345 1302 civitatis:

290 1359 388 1401 «nam
409 1337 437 1403 si
456 1359 549 1423 aequa
571 1338 720 1401 libertate
743 1338 900 1417 fruimur,
924 1336 1074 1402 laborum
1098 1353 1186 1401 certe
1207 1337 1346 1426 praemio·

290 1460 452 1525 «rumque
466 1438 632 1504 nerninem
646 1438 759 1503 haberi
776 1452 938 1505 exsortem
951 1437 1116 1501 convenit.

334 1538 437 1603 XXV.
457 1540 522 1602 «At
539 1561 607 1602 non
623 1554 672 1606 est
687 1555 857 1626 preterea,
874 1539 931 1625 qui
952 1538 1090 1627 negotiis
1104 1536 1253 1602 sufficiat.
1268 1539 1345 1601 Dura

290 1641 460 1728 «prolecto
479 1661 560 1720 vox,
584 1657 618 1704 et
638 1638 792 1705 adversus
816 1655 866 1703 tot
888 1639 1079 1705 excellentes
1099 1640 1187 1703 viros
1205 1638 1347 1719 injuriose

291 1772 304 1797 a
314 1763 442 1829 procax.
462 1740 526 1804 Sed
541 1738 671 1822 demus,
689 1762 759 1805 esse
772 1763 893 1828 paucos
906 1764 915 1804 ι
926 1739 992 1819 jam
1009 1740 1110 1813 etiam
1123 1742 1291 1828 pauciores
1305 1736 1346 1801 el-

291 1841 470 1922 «feceritis,
485 1842 512 1907 si
524 1840 626 1905 adres
638 1841 795 1931 gerendas
806 1843 948 1924 nemini,
960 1858 1076 1930 praeter
1087 1865 1195 1907 unum
1205 1840 1346 1929 aliquem,

292 1944 518 2030 «relinquetur
538 1942 670 2007 aditus:
690 1965 787 2007 neruo
805 1943 894 2010 enim
913 1943 1091 2030 imperator
1109 1943 1271 2025 nascitur,
1288 1962 1347 2004 ma·

293 2068 381 2133 «gno
403 2046 529 2127 labore,
553 2044 664 2111 multis
681 2044 850 2131 periculis,
867 2045 968 2132 longo
986 2046 1083 2107 etiam
1102 2059 1267 2131 tempore,
1285 2058 1347 2105 ten·

290 2176 303 2201 «
314 2144 431 2226 tando,
451 2144 670 2233 experiundo,
690 2144 825 2212 facultas
846 2166 884 2209 ea
902 2143 1120 2232 comparanda
1137 2161 1200 2209 est.
1215 2142 1311 2226 Quod
1325 2140 1348 2203 si

292 2246 467 2314 «adversus
481 2246 659 2313 Sertorium
679 2245 747 2311 dux
760 2246 855 2309 nobis
869 2244 975 2314 defuit
985 2244 1194 2331 (quanquam
1210 2268 1277 2310 nou
1289 2266 1347 2331 poe·

292 2379 304 2402 a
317 2348 398 2411 nitet
413 2348 454 2428 Q.
465 2346 623 2434 Metelli),
638 2348 747 2411 minus
759 2345 911 2433 equidem
926 2346 1048 2416 mirum
1061 2360 1127 2425 est,
1139 2347 1218 2433 quia
1232 2364 1300 2411 tum
1311 2342 1349 2407 di·

293 2450 383 2514 ·visu
397 2449 558 2516 intestinis
579 2449 670 2515 bellis
688 2449 833 2530 civitate,
850 2448 946 2512 multi
964 2469 1101 2512 suorum
1117 2448 1218 2515 arnus
1232 2444 1349 2512 interie-

293 2566 389 2616 «rant
401 2572 409 2614 ε
423 2573 485 2616 nec
497 2550 651 2616 adversus
663 2551 853 2620 ,Sertorium
873 2549 958 2614 duce
975 2548 1203 2614 habuissemus
1221 2569 1316 2638 opus,
1326 2543 1349 2607 si

196 2637 199 2648 ¹
294 2650 456 2719 «retinere
472 2651 653 2716 Sertorium
667 2651 850 2740 respublica
866 2651 1036 2738 potuisset.

338 2754 459 2821 XXVI.
477 2755 624 2820 «Tamen
643 2755 828 2821 etiamtum
847 2753 986 2817 fuissent
1005 2750 1095 2816 haud
1115 2750 1217 2817 dubie
1236 2751 1349 2840 plures,

295 2855 381 2918 «nisi
403 2855 626 2944 superioribus
648 2855 743 2922 aunis
763 2853 880 2924 tradita
902 2853 1014 2940 paucis
1035 2852 1227 2918 hominibus
1246 2873 1350 2938 respu-

295 2957 419 3041 «blica,
441 2957 753 3024 caeterorum'virtus
775 2957 810 3020 in
830 2955 917 3037 otio,
942 2970 1098 3042 tanquam
1114 2955 1178 3018 sub
1200 2951 1350 3020 cineribus

295 3055 447 3126 «flamma
461 3059 689 3147 obtorpuisset.
707 3059 875 3140 Quorsum
894 3072 1005 3120 autem
1026 3055 1234 3144 magistratus
1250 3052 1351 3118 creatis

295 3183 466 3242 «annuos,
489 3161 516 3225 si
540 3160 662 3226 nullam
683 3158 725 3224 ad
748 3181 818 3224 rem
839 3157 1002 3246 insignem
1023 3179 1139 3225 eoruru
1162 3179 1263 3244 opera
1287 3151 1352 3218 estis

294 3259 434 3324 ausuri?
450 3261 650 3341 Mnjoremne
666 3260 760 3326 robis
778 3259 825 3324 illi
842 3259 978 3348 gratiam
993 3257 1162 3327 habebunt
1177 3258 1223 3323 ob
1239 3253 1352 3321 benefi-

296 3390 310 3416 ι
319 3359 427 3442 cium,
444 3361 535 3447 quod
548 3361 675 3426 honore
687 3359 803 3450 diguus
820 3359 996 3440 habuistis,
1009 3383 1050 3424 an
1068 3359 1307 3433 succensebunt
1315 3353 1353 3419 ob

287 3450 307 3514 ἀ
318 3460 486 3543 injuriam,
503 3465 595 3550 quasi
609 3463 644 3525 in
663 3462 728 3526 hoc
741 3485 797 3526 eos
814 3463 1012 3542 creaveritis,
1026 3476 1065 3524 ut
1076 3461 1190 3542 majori
1204 3459 1353 3526 dedecore

294 3561 445 3634 «homini
464 3565 592 3653 privato
608 3562 909 3652 postponerentur?
926 3561 991 3629 Sed
1005 3563 1055 3627 hae
1073 3561 1207 3650 quidem
1229 3557 1353 3626 civitatis

295 3661 403 3752 «leges
421 3679 519 3752 atque
533 3665 681 3730 instituta
693 3682 788 3745 sunt,
804 3685 875 3752 quae
889 3663 1042 3745 fortasse,
1059 3664 1086 3726 si
1100 3663 1238 3727 omnino
1250 3661 1353 3726 volue-

294 3764 404 3845 «ritis,
419 3767 541 3832 moveri
556 3781 713 3854 poterunt
728 3789 736 3831 ε
750 3784 784 3831 at
797 3782 919 3831 naturus
933 3767 1018 3855 leges
1032 3765 1090 3853 qui
1104 3763 1287 3842 mutabitis,
1302 3780 1352 3824 cu·

293 3865 367 3946 -jus
379 3866 584 3954 providentia
597 3866 644 3934 sic
659 3879 738 3932 sunt
750 3890 801 3932 res
815 3867 989 3948 ordinata,
1005 3883 1045 3933 ut
1059 3864 1095 3933 id
1113 3864 1294 3954 negotium,
1306 3855 1352 3922 cui

293 3988 372 4031 «ros
390 3989 495 4032 unum
512 3965 690 4056 praeficitis,
708 3969 829 4032 multos
845 3967 1011 4056 postulet?

328 4165 529 4232 samnio,
544 4169 589 4220 tn.
601 4172 725 4221 xxxvi.
