2875 4900
293 346 363 418 238
468 348 534 413 JO.
560 345 903 415 FREINSHEMII
930 346 1171 414 SUPPLEM.

334 470 500 533 XXVlll.·
510 471 613 557 Igitur
625 465 830 533 Mithridates
850 466 982 530 ultionis
999 466 1156 555 cupidus,
1171 482 1203 529 et
1220 466 1277 531 sibi
1288 464 1340 529 ad-

291 573 356 635 huc
366 569 508 650 diffisus,
520 569 692 657 Tigranem
704 567 878 649 subornat;
895 568 1018 632 facilius
1030 568 1269 647 conjicientibus
1279 590 1339 631 rem

289 670 463 750 Romanis,
478 692 576 756 quam
588 668 630 733 ad
641 668 883 757 prohibendum
896 670 1024 757 paratis.
1034 671 1092 735 llle
1103 668 1341 759 Cappadociam,

287 774 377 837 velut
391 771 542 859 indagine
555 770 713 849 cinctam,
732 770 915 851 evacuavit,
930 770 1051 835 abactis
1064 771 1234 835 hominum
1249 769 1341 831 ferme

289 873 441 939 trecentis
461 870 623 952 millibus,
642 886 675 935 et
689 870 827 933 urbibus
842 871 1024 959 graecanicis
1044 870 1214 935 duodecim
1229 884 1341 933 evasta-

290 975 340 1039 tis.
351 975 419 1037 Hos
426 973 462 1035 in
472 971 757 1059 Mesopotamiam,
768 972 852 1060 agris
860 971 952 1053 juxta
964 973 1241 1061 Trigranoccrtam
1250 970 1289 1033 ad
1295 970 1341 1035 in·

287 1073 462 1137 colendum
479 1073 663 1153 attributis,
679 1074 859 1156 transtulit,
879 1074 1098 1161 majoremque
1118 1092 1242 1162 partem
1261 1072 1341 1137 urbis

288 1197 328 1239 ex
342 1198 383 1239 eo
395 1196 514 1264 genere
526 1176 754 1262 frequentavit.
767 1176 958 1246 Curoe,enim
972 1176 1111 1240 habebat
1126 1200 1182 1241 rex
1195 1176 1288 1263 longe
1298 1196 1343 1237 su·

289 1274 518 1363 perbissimus,
536 1290 575 1339 ut
591 1275 687 1358 urbs,
703 1276 761 1339 ubi
780 1276 841 1340 sibi
857 1275 1002 1341 diadema
1016 1277 1175 1341 Armeniae
1193 1276 1343 1362 imposue

286 1392 354 1457 rat,
382 1398 548 1464 quamque
568 1374 610 1440 de
629 1398 690 1441 suo
710 1377 844 1441 nomine
868 1377 1013 1441 voluerat
1039 1376 1208 1465 appellari,
1227 1373 1342 1462 magni·

286 1478 493 1544 licentissime
523 1502 694 1543 murorum
721 1480 865 1561 ambitu,
891 1478 1092 1565 maximaque
1122 1478 1291 1543 homiuum
1314 1489 1342 1537 et

285 1579 496 1645 aedificiorum
510 1580 719 1646 multitudine
732 1596 913 1645 ornaretur.

329 1682 450 1745 XXIX.
474 1681 550 1745 Haec
568 1680 789 1761 dissimulare,
807 1683 971 1746 Romanos
990 1701 1058 1747 non
1075 1697 1207 1746 externa
1225 1692 1341 1743 tantum

285 1782 386 1862 bella,
408 1782 465 1846 sed
488 1782 584 1846 etiam
606 1782 722 1846 urbani
746 1798 854 1847 motus
877 1798 1064 1871 coegerunt.
1087 1784 1137 1846 De
1159 1782 1341 1855 tribunatu,

285 1883 378 1962 eujus
391 1906 524 1948 omnem
537 1884 605 1947 lere
618 1898 809 1971 potestatem
823 1884 910 1949 Sulla
921 1885 1133 1965 exstinxerat,
1145 1884 1340 1949 certabatur:

283 2006 359 2047 nam
375 1984 431 2047 illo
448 2000 598 2065 mortuo,
617 1984 848 2071 plerorumque
864 1986 960 2049 erecti
977 1986 1076 2049 animi
1094 1986 1245 2065 harant,
1259 1981 1343 2047 resti·

281 2099 390 2148 tutum
406 2085 445 2148 iri
457 2085 510 2164 jus
526 2084 638 2172 populi
654 2085 872 2171 spemntium,
890 2086 951 2148 nisi
967 2086 1007 2167 Q.
1018 2086 1150 2147 Catulus
1166 2098 1238 2147 acta
1254 2079 1341 2145 Sulla

282 2202 468 2253 constanter
482 2184 688 2254 defendisset.
703 2186 862 2251 Proximis
878 2186 995 2251 deinde
1011 2186 1219 2265 consulibus,
1236 2198 1342 2273 agente

281 2287 445 2351 L.Sicini0
456 2286 590 2351 tribuno
600 2286 720 2373 plebis,
735 2289 969 2353 tumultuatum
979 2312 987 2369 3
999 2289 1090 2375 isque
1104 2288 1229 2365 statim,
1245 2304 1340 2372 quum

192 2446 202 2455 .
281 2389 321 2451 Ι).
341 2389 442 2452 uruto
464 2402 498 2452 ct
514 2388 648 2452 AEmilio
671 2389 835 2454 Mamerco
858 2389 962 2478 impar
977 2389 1108 2469 fuisset,
1127 2410 1205 2452 curn
1228 2383 1343 2452 acriore

279 2488 370 2568 viro,
385 2489 545 2566 Curione,
563 2491 649 2553 malo
666 2513 727 2554 suo
743 2491 829 2572 fato,
847 2490 1038 2554 commissus
1053 2506 1109 2554 est.
1128 2489 1342 2554 Vehementer

279 2611 356 2653 eum
369 2590 541 2655 accusabat
554 2593 673 2673 Curio,
689 2609 727 2656 ut
742 2608 809 2657 erat
821 2594 851 2656 ei
867 2615 973 2656 sermo
986 2591 1174 2680 splendidus
1191 2606 1225 2654 et
1238 2586 1343 2674 copio-

279 2714 354 2772 sus,
367 2690 458 2779 quod
471 2721 483 2744 a
498 2693 699 2780 reipublicae,
714 2694 768 2757 vix
784 2717 801 2758 e
815 2695 911 2758 tantis
927 2693 1071 2757 cladibus
1087 2689 1276 2779 respiranti,
1289 2685 1341 2750 de·

278 2816 371 2857 «nuo
394 2793 536 2856 civilium
558 2793 716 2858 bellorum
739 2809 863 2858 metum
881 2793 1040 2858 intestinae
1056 2791 1227 2856 seditionis
1247 2790 1297 2852 fax
1314 2800 1343 2846 et

277 2910 415 2960 «auctor
427 2893 623 2958 admoveret.

322 2996 428 3059 XXX.
446 2996 572 3076 «Quasi
588 2995 674 3059 enim
691 3018 807 3082 parum
824 2997 949 3060 molesti
963 2997 1123 3082 Perperna
1134 3019 1171 3058 ac
1182 2991 1343 3058 Sertorius

277 3097 424 3177 aierent,
446 3097 537 3184 quasi
559 3097 757 3177 nesciretur,
779 3119 851 3184 quae
872 3095 1089 3176 Mithridatis,
1107 3119 1178 3182 quae
1197 3089 1342 3184 Tigranis

214 3209 217 3217 '
276 3214 405 3260 «essent
418 3199 568 3281 consilia,
583 3199 675 3286 quasi
687 3198 911 3262 Macedoniam
924 3215 956 3261 et
968 3198 1120 3262 Achaiam
1132 3219 1150 3260 a
1161 3194 1342 3260 Thracibus

274 3298 446 3377 «lacerari,
463 3299 545 3363 nihil
560 3299 602 3368 ad
617 3299 850 3388 rempublicam
870 3300 1063 3389 pertineret3
1080 3300 1123 3362 ita
1141 3321 1246 3362 novos
1266 3295 1342 3360 sub·

274 3396 373 3460 «inde
384 3399 417 3460 in
432 3399 500 3486 ipsa
510 3401 591 3464 urbe
600 3402 717 3464 exoriri
733 3403 850 3464 Cinnas
866 3417 962 3488 atque
980 3401 1115 3479 Marios,
1134 3400 1193 3486 qui
1211 3399 1342 3472 saevius,

274 3519 393 3584 uquam
419 3500 477 3562 ulli
499 3500 627 3581 hostes,
653 3502 813 3565 civitatens
833 3517 950 3566 vexent
970 3517 1195 3588 premantque.
1215 3499 1344 3564 Scilicet

273 3597 386 3660 «hunc
404 3598 559 3662 Sicinium
575 3601 663 3688 apud
678 3603 782 3666 levem
799 3617 831 3664 et
842 3603 1027 3667 seditiosam
1044 3603 1173 3666 turbam
1191 3603 1268 3690 ipso
1283 3623 1343 3664 no-

274 3732 287 3757 ·
298 3702 386 3764 mine
401 3700 628 3782 favorabilem,
644 3703 733 3767 haud
750 3704 856 3766 minus
875 3706 1045 3768 turbarum
1061 3704 1215 3769 daturum
1233 3701 1343 3778 credi,

306 3923 322 3986 ᾖ
342 3922 464 3969 xxvut.
479 3921 559 3971 strab.
573 3920 618 3969 lib,
633 3922 685 3979 x1‚
697 3937 753 3986 pag.
767 3923 830 3980 532,
844 3934 868 3971 ct
877 3923 920 3972 lib.
931 3926 996 3980 111,
1007 3939 1062 3988 pag.
1075 3925 1134 3986 539.
1151 3951 1185 3960 -
1203 3922 1221 3987 S
1243 3925 1343 3973 xutx.

272 4005 369 4054 Sallust
382 4003 446 4053 uin.
467 4008 517 4062 111,
538 4006 564 4053 ln
581 4016 642 4054 orat.
656 4005 742 4052 Macri.
761 4033 796 4042 —
817 4010 910 4057 Ancon.
929 4007 954 4055 in
976 4009 1059 4056 Diria.
1078 4035 1113 4045 -
1128 4009 1180 4058 (lic.
1200 4007 1227 4056 in
1250 4011 1343 4059 nmio,

271 4105 327 4151 cap.
342 4088 375 4148 59
388 4099 413 4135 et
428 4089 470 4139 fio.
