2875 4900
276 379 329 446 IN
357 376 471 444 LOC.
497 375 590 442 LIB.
618 375 768 443 XCVII
796 377 1012 446 LlVIANI.
1108 377 1174 476 317

122 515 253 563 morunt.
271 500 381 562 Castra
397 512 506 559 tamen
522 496 607 585 regis
625 495 740 583 diripi,
757 494 966 583 praedamque
983 497 1092 562 militis
1109 521 1179 564 esse

82 596 84 599 ’
120 623 223 690 passus
241 615 305 681 est,
321 620 390 686 quo
407 598 614 662 insolentiam
631 597 764 661 illorum
785 598 941 680 molliret,
959 619 1066 686 nuper
1081 601 1177 668 etiam

119 703 149 763 in
167 703 316 766 Amisena
332 697 505 764 obsidione
523 698 683 763 invidiose
703 698 930 786 querentium,
948 699 1036 787 quod
1053 701 1189 780 nullam,

119 803 265 866 sudarem
273 803 312 866 vi
325 815 463 890 caperet,
478 799 707 864 condt'ttonibus
719 823 826 864 omues
838 801 1035 888 recuperetur
1045 801 1180 868 deduio-

119 926 196 983 mm,
220 928 260 969 ne
280 904 378 968 militi
388 925 451 992 pro
477 901 585 966 labore
608 916 700 967 tauto
718 900 929 990 periculisque
942 899 1077 990 fructus
1097 903 1180 968 ullus

119 1027 242 1094 usquam
257 1021 342 1070 esset.

157 1108 309 1172 XXXIII.
326 1107 410 1170 Sane
423 1105 477 1169 vix
491 1105 550 1168 ulli
563 1105 800 1193 imperatorum
812 1103 931 1183 justior
944 1103 1078 1168 victoria
1091 1103 1180 1194 flagi-

120 1206 160 1269 tio
174 1207 304 1271 militari
318 1205 360 1270 de
375 1207 527 1270 manibus
548 1204 686 1286 excidit,
708 1203 928 1292 meritumque
943 1205 1064 1270 virtute
1080 1204 1179 1270 decus

117 1304 252 1394 ingratus
272 1307 459 1395 impiusque
480 1306 658 1386 exercitus,
678 1305 765 1369 varie
785 1321 914 1387 vexato,
933 1322 966 1370 et
986 1305 1028 1370 ad
1052 1323 1180 1394 postre-

118 1429 200 1472 mum
211 1408 325 1472 relicto
334 1407 676 1496 Lucullo,intercepit.
687 1408 776 1471 Dum
785 1406 855 1470 baec
866 1405 1091 1474 diversissimis
1102 1411 1180 1475 locis

116 1525 272 1596 aguntur,
293 1511 406 1575 Romae
432 1508 523 1574 haud
549 1508 705 1598 exiguum
729 1523 854 1571 metum
879 1507 1180 1598 Pompeiusatque

117 1610 242 1674 Crassus
261 1611 438 1694 faciebant,
454 1611 616 1675 exercitus
629 1607 805 1674 retinendo
818 1632 827 1673 ι
842 1631 918 1672 nam
930 1609 1000 1691 ille,
1015 1633 1050 1674 se
1063 1613 1179 1679 Metel-

116 1711 177 1774 lum
189 1728 390 1802 exspectare,
403 1711 590 1793 dictitabat,
606 1709 648 1774 ad
658 1710 865 1798 triumphum
876 1710 1077 1794 venientem3
1089 1715 1181 1779 cras-
1233 1717 1238 1726 '

116 1833 165 1874 sus
173 1836 304 1900 equum
314 1835 384 1877 esse
392 1812 534 1894 dicebat,
545 1812 689 1901 priorem
697 1810 846 1899 Pompeii
858 1812 1036 1876 exercitum
1048 1813 1178 1881 dimitti.

116 1914 172 1977 Sed
186 1916 365 2005 Pompeius
383 1938 454 1980 mm
469 1914 605 2003 quidem
621 1913 862 1979 dubitationem
875 1914 1024 1995 sustulit,
1040 1917 1147 1982 statim
1162 1940 1181 1982 a

116 2014 276 2104 triumpho
298 2010 415 2079 missos
433 2018 597 2079 facturum
616 2016 735 2079 milites
755 2014 930 2102 pollicitus.
952 2015 1059 2103 Igitur
1076 2039 1179 2105 quum

116 2135 150 2176 ex
158 2116 310 2204 Hispania
322 2115 473 2180 Metellus
485 2115 683 2196 advenisset,
695 2114 791 2180 multi
804 2114 867 2179 sub
879 2114 979 2180 finem
991 2119 1069 2181 anni
1080 2117 1179 2200 hujus

116 2215 264 2306 triumphi
282 2217 429 2282 fuerunt.

154 2318 307 2382 XXXIV.
321 2316 390 2382 Sub
403 2291 491 2381 idem
510 2316 599 2380 enim
616 2331 748 2404 tempus
761 2331 794 2380 et
807 2338 846 2380 ex
861 2315 1052 2380 Macedonia
1069 2319 1104 2382 C.
1116 2321 1180 2385 Cu·

116 2419 175 2502 n'o,
191 2436 223 2485 et
239 2443 281 2485 ex
294 2419 469 2485 IsauriaP.
480 2418 650 2500 Servilius,
665 2433 753 2483 etex
762 2417 954 2483 Macedonia
968 2418 1015 2483 M.
1025 2419 1179 2488 Lucullus

116 2470 365 2613 tritimpharunt.
379 2522 429 2585 Ex
447 2520 603 2637 Htspama
619 2520 662 2601 Q
674 2519 843 2600 Metellus,
862 2534 895 2583 et
911 2520 971 2584 Cn.
985 2519 1179 2609 Pompeius,

116 2622 172 2687 hoc
189 2625 326 2690 nomine
342 2645 476 2711 quoque
494 2605 687 2712 gloriosius,
702 2620 819 2708 quod
811 2636 930 2685 ttemun
950 2642 1051 2709 eques
1068 2644 1178 2687 roma·

116 2745 171 2789 nus
191 2724 425 2814 triumphabat.
450 2725 585 2788 Crassus
606 2722 649 2787 de
671 2722 817 2813 fugitivis
840 2723 1045 2810 triumphum
1068 2740 1178 2809 petere

115 2826 231 2910 pudore
248 2824 612 2916 prohibitus,'orans
604 2824 677 2888 tniit
694 2824 834 2905 Urbem,
848 2823 920 2887 boc
941 2846 1028 2889 novo
1051 2823 1178 2899 bonore

116 2947 221 3017 magna
241 2928 424 2993 ambitione
442 2926 631 3014 impetrato,
650 2940 689 2988 ut
708 2946 770 3013 pro
795 2940 918 3012 myrtea
941 2946 1078 3003 corona,
1096 2945 1177 3010 qua-

115 3028 170 3093 lem
179 3047 315 3095 ovantes
326 3050 456 3093 sumere
464 3041 717 3105 consueverant,
729 3024 838 3087 laurea
852 3038 1009 3088 uteretur.
1020 3023 1178 3087 Consules

115 3128 222 3197 deinde
234 3134 283 3197 M.
295 3134 444 3210 Crassus,
458 3129 520 3192 Cn.
532 3127 707 3216 Pompeius
717 3126 859 3215 Magnus
873 3124 959 3189 facti.
970 3125 1019 3187 Eo
1030 3140 1177 3213 tempore

115 3227 301 3319 Pompeius,
319 3228 410 3318 qnod
426 3252 486 3318 per
503 3228 626 3293 militiae
642 3244 790 3314 tempora
802 3240 933 3291 senatus
947 3224 1089 3289 habendi
1103 3248 1179 3290 con·

114 3333 301 3421 sulendique
326 3333 484 3397 rationem
510 3330 700 3419 ignorabat,
728 3330 773 3393 M.
781 3329 962 3393 Varronem
986 3328 1176 3395 familiarem

115 3451 202 3497 suum
224 3432 371 3522 rogarit,
392 3432 441 3494 uti
464 3430 735 3495 commentarium
759 3429 904 3493 laceret
896 3429 1114 3519 isagogicum,
1137 3454 1176 3495 ex

113 3554 174 3618 quo
192 3533 333 3598 disceret
338 3531 446 3620 ,quid
467 3531 574 3596 facere
592 3530 768 3618 dicereque
791 3529 940 3612 deberet,
961 3553 1064 3619 quum
1084 3555 1177 3599 sena·

115 3648 177 3699 turn
194 3635 391 3701 consuleret.

144 3897 281 3961 §xxm
295 3902 347 3948 liv.
359 3900 426 3965 Epit.
437 3925 474 3935 -
486 3898 609 3949 Plutarch.
624 3924 660 3937 ·-
671 3900 776 3964 Eutrop.
787 3926 823 3937 -
836 3898 853 3965 5
866 3900 990 3949 mut.
1001 3900 1109 3964 AppIan.
1122 3900 1176 3949 Cir.

113 3976 240 4028 li..b1-
260 3981 587 4047 Plumeb.inl’omp...
611 3981 771 4047 §XXXIV
790 3985 821 4031 U.
840 3986 869 4033 C.
892 3984 959 4041 ssu
980 3984 1011 4031 A.
1030 3984 1060 4033 C.
1080 4000 1121 4044 7⁰·
1140 4013 1175 4023 —

115 4062 274 4154 ¹l'attrop.V1,
296 4064 940 4131 a-crejnrisoaoep.19etns.-v011.11,
959 4066 1173 4148 lta-Plutarch.

115 4160 137 4190 u
148 4149 245 4207 Crasso
263 4166 319 4214 cap.
334 4165 377 4198 aa.
396 4176 432 4187 -α
450 4147 530 4212 Agell.
542 4151 576 4207 V,
586 4148 661 4196 6.-
674 4148 739 4197 Plio.
750 4149 809 4205 XV,
823 4162 865 4209 ²9·
