2875 4900
286 408 332 491 aa
452 410 895 483 Jo.ana1nsnnn11
930 364 1178 484 scrutari.

285 534 495 621 pristinarum
524 556 647 621 opum,
679 533 800 621 quibus
828 532 918 596 nulla
944 531 1056 597 civitas
1083 533 1251 622 copiosior
1277 535 1353 617 luit,

284 636 534 722 relinqueretur.
1129 661 1133 670 ¹
1372 622 1385 643 ⁸

328 738 402 801 XX.
420 736 524 825 Igitur
538 734 618 799 dum
629 735 679 798 his
694 736 729 799 in
744 736 824 799 locis
833 736 919 800 varia
930 758 991 824 per
1002 735 1235 825 impedimenta
1245 738 1356 803 Lucul-

283 839 334 903 lus
347 838 532 917 detinetur,
550 837 585 901 L.
597 838 685 902 Sulla
701 860 836 902 manum
850 839 992 901 militurn
1008 840 1174 903 frumenta
1188 862 1227 905 ex
1238 840 1354 904 Piraeeo

283 943 427 1009 Athenas
445 941 665 1028 portantium,
683 963 759 1003 cum
776 940 854 1028 ipsis
871 941 1005 1003 sarcinis
1021 940 1215 1031 intercepit:
1230 942 1353 1030 prodita

283 1044 371 1108 enim
394 1066 431 1106 ea
453 1064 504 1105 res
526 1041 694 1130 glandium
716 1042 931 1130 inscriptione
956 1043 1071 1107 fuerat.
1090 1042 1217 1107 Eodem
1241 1044 1295 1109 die
1314 1046 1354 1110 ad

284 1143 472 1236 Chalcidem
494 1165 570 1205 cum
588 1142 736 1206 Archelai
758 1143 857 1207 fratre
873 1144 1092 1231 Neoptolemo
1111 1144 1248 1209 feliciter
1262 1143 1354 1209 dinn-

283 1263 391 1313 catum
404 1261 452 1309 est
465 1268 473 1308 :
486 1244 611 1331 legatus
625 1244 660 1308 L.
669 1244 765 1308 Sullae
775 1244 961 1326 Munatius,
976 1245 1064 1308 mille
1075 1246 1263 1335 quingentis
1277 1248 1356 1312 mili·

241 1396 245 1409 .
282 1348 370 1413 tibus
390 1345 583 1425 interfectis,
604 1346 773 1432 aliquanto
798 1346 946 1434 pluribus
971 1346 1090 1434 captis,
1116 1346 1201 1411 duce
1224 1372 1355 1437 quoque

281 1450 428 1516 hostium
451 1446 613 1527 sauciato,
639 1447 781 1533 pretium
806 1470 914 1536 operae
939 1448 1025 1511 fecit.
1049 1447 1153 1511 Parvo
1177 1465 1251 1537 post
1273 1466 1354 1514 tem·

280 1575 375 1643 pore,
391 1572 495 1638 quum
507 1548 619 1637 sopitis
632 1547 825 1612 custodibus
839 1548 957 1612 moenia
968 1548 1080 1613 Piraeei
1093 1549 1353 1638 negligerentur,

279 1654 406 1719 romani
417 1652 551 1733 milites,
569 1650 668 1713 scalas
684 1649 843 1713 machinis
855 1650 1078 1737 imponentes,
1093 1651 1127 1713 in
1141 1673 1273 1715 murum
1284 1674 1355 1717 eva·

279 1772 410 1836 serunt,
428 1771 475 1834 et,
492 1774 575 1840 quos
590 1752 735 1840 primum
752 1750 915 1830 objecerat
931 1774 1041 1832 casus,
1056 1751 1307 1817 obtruncarunt.

324 1858 414 1922 XXI.
431 1855 580 1919 Excitato
597 1854 683 1917 inter
695 1852 766 1917 haec
776 1852 939 1933 tumultu,
954 1852 1067 1940 vigiles
1084 1852 1203 1940 partim
1218 1853 1252 1915 in
1264 1855 1356 1942 oppi-

270 1954 377 2041 dum,
398 1958 489 2046 qnasi
504 1956 571 2037 jam
596 1954 698 2043 captis
719 1954 900 2034 maenibus,
919 1954 1133 2035 desilierunt;
1155 1954 1209 2017 alii
1227 1960 1353 2045 magnis

278 2063 394 2128 animis
417 2060 593 2125 certamine
611 2058 712 2138 inito,
738 2057 867 2139 hostes,
890 2058 1017 2138 occiso,
1034 2057 1092 2144 qui
1115 2079 1171 2120 eos
1190 2056 1353 2139 ducebat,

276 2165 456 2255 praecipites
472 2162 663 2249 abegerunt.
681 2160 753 2222 Hoc
769 2158 895 2221 invitati
913 2180 1065 2222 successu
1080 2158 1175 2247 regii,
1190 2180 1258 2221 non
1275 2182 1355 2223 con·

277 2267 359 2331 tenti
379 2263 562 2355 periculum
587 2260 761 2351 repulisse,
778 2260 986 2348 eruptionem
1009 2260 1174 2341 fecerunt,
1192 2284 1260 2347 quo
1278 2261 1354 2327 loco

276 2370 375 2433 altera
396 2368 620 2431 Romanorum
640 2362 739 2425 turris
760 2360 954 2425 exaedificata
971 2362 1095 2443 haerat3
1112 2362 1354 2428 incendissent·

276 2495 357 2558 que,
381 2470 458 2550 nisi,
481 2468 674 2532 continuato
691 2489 750 2554 per
770 2480 901 2528 noctem
924 2463 1079 2553 diemque
1099 2465 1228 2548 labore,
1244 2466 1353 2548 Sulla,

275 2573 333 2660 qui
354 2594 392 2635 ex
410 2571 522 2648 castris
537 2568 656 2632 auxilio
672 2583 873 2648 accurrerat,
894 2567 1074 2631 restitisset.
1096 2568 1210 2649 Quum
1231 2566 1354 2634 deinde

275 2675 370 2738 aliam
384 2696 424 2737 ex
437 2671 573 2736 adverso
587 2669 703 2733 turrim
715 2667 892 2732 Archelaus
909 2669 1095 2751 struxisset,
1114 2668 1172 2732 diu
1185 2693 1225 2733 ex
1237 2670 1355 2737 vicinis

275 2777 475 2865 paribusque
500 2771 739 2836 munitionibus
764 2770 856 2832 omni
880 2793 998 2859 genere
1024 2770 1164 2834 telorum
1184 2786 1353 2836 certatum

275 2895 340 2962 est;
358 2877 465 2941 donec
478 2873 566 2938 Sulla
580 2873 695 2962 viginti
710 2871 809 2935 simul
823 2870 995 2959 plumbeos
1011 2892 1122 2960 graves
1136 2871 1251 2959 globos
1265 2887 1354 2936 cata·

274 2980 375 3070 pultis
394 2975 501 3041 excuti
516 2974 622 3054 jussit.

318 3081 426 3146 XXll.
437 3079 565 3142 Horum
580 3076 706 3163 impetu
724 3075 819 3138 multi
833 3075 980 3138 hostium
993 3074 1108 3155 occisi,
1124 3090 1157 3138 et
1170 3073 1262 3161 quod
1272 3096 1357 3164 prae-

274 3185 368 3272 cipue
381 3177 601 3246 desideratum
615 3179 737 3257 luerat,
752 3177 940 3241 labefactata
953 3164 1228 3258 turris‘Archelai,
1244 3200 1354 3265 quum

272 3285 400 3350 ruinam
414 3281 636 3359 minitaretur,
651 3279 735 3341 intra
752 3279 870 3342 moenia
884 3277 1017 3342 reducta
1031 3294 1090 3342 est.
1104 3280 1231 3342 interea
1246 3282 1356 3369 magis

244 3443 252 3462 ,
272 3387 441 3476 magisque
462 3380 617 3470 gliscebat
635 3379 669 3442 in
695 3380 778 3443 urbe
799 3380 1003 3444 Athenarum
1017 3371 1127 3444 'fames
1147 3400 1154 3444 ε
1174 3403 1251 3444 nam
1277 3381 1355 3446 fru-

272 3485 375 3550 menti
392 3479 528 3570 quidem
546 3503 662 3568 parurn
681 3479 804 3561 inerat,
826 3497 859 3544 et
876 3497 1033 3569 tyrannus
1051 3480 1213 3546 choenices
1229 3481 1356 3548 hordei

270 3589 304 3653 in
319 3582 549 3674 quatriduum,
566 3581 758 3669 gallinarum
767 3583 891 3664 verius,
904 3606 1003 3671 quam
1014 3583 1206 3666 hominum,
1221 3584 1357 3650 dimen-

271 3711 344 3754 sum
362 3682 536 3748 dividebat.
556 3681 619 3746 Sed
640 3683 701 3746 hac
721 3684 909 3747 necessitate
928 3684 1177 3749 Atheniensium
1196 3688 1355 3776 cognita,

269 3790 344 3854 licet
362 3798 573 3867 cunctanter,
591 3781 631 3847 de
647 3783 776 3872 integro
794 3799 902 3848 tamen
914 3785 1091 3851 Archelaus
1107 3787 1251 3851 delectos
1268 3813 1354 3855 cum

268 3889 396 3956 cibariis
418 3885 531 3950 misit:
550 3902 583 3949 et
602 3885 677 3972 quia
697 3885 792 3974 prodi
815 3887 949 3952 consilia
973 3911 1031 3952 sua
1051 3888 1354 3972 animadverterat,

301 4102 405 4174 s'xtx.
423 4105 511 4154 Eureb.
529 4133 563 4143 -
579 4104 703 4170 Porphyr.
717 4130 754 4143 -·
769 4105 871 4155 Pausaa.
887 4104 933 4156 lib.
950 4107 970 4153 1.
986 4133 1020 4144 -—
1036 4105 1052 4172 S
1068 4109 1129 4158 XX.
1145 4109 1198 4159 Cic.
1214 4111 1297 4162 Aead.
1313 4139 1357 4150 .-

264 4194 371 4260 Appiae.
383 4189 497 4240 Mithrid.
