2875 4900
293 397 345 465 m
377 397 490 463 soc.
519 395 613 462 mu
642 397 706 463 cx
737 398 954 467 letANt.
1090 399 1162 493 089

85 523 180 585 foret.
196 516 344 581 Tandem
360 531 525 580 nocturno
536 515 653 580 itinere
667 515 841 601 damnato,
856 544 923 608 quo
935 511 1044 610 neque
1055 521 1164 586 sallere

85 621 218 687 Caesaris
238 617 459 709 diligentiam,
486 639 595 705 neque
616 620 680 681 vim
706 619 863 708 repellere
884 638 1036 710 possent,
1059 624 1164 712 prima

85 727 159 789 luce
176 721 343 811 sequentis
361 719 424 785 diei
446 721 691 784 constituerunt
707 721 877 810 proficisci.
902 723 1004 804 Quod
1017 724 1074 787 ubi
1088 741 1165 788 tem·

86 849 150 914 pus
166 823 317 902 advenit,
331 825 488 886 Caesarem
508 843 584 885 cum
608 823 763 886 omnibus
780 824 882 912 copiis
902 825 1106 890 retrocedere
1120 827 1164 889 ri-

56 955 58 958 ⁴
86 929 228 1002 derunt,
247 943 403 1013 tanquam
417 923 556 988 Ilerdam
571 940 798 989 reverteretur.
816 925 856 989 ld
870 942 1005 1014 propter
1019 927 1163 1015 inopiam

87 1029 158 1094 fieri
176 1042 384 1117 reputantes,
400 1023 491 1113 quod
505 1025 575 1088 sine
592 1025 748 1104 jumentis
767 1027 1072 1116 impedimentisque
1088 1053 1164 1116 pro·

87 1133 209 1195 fectum
225 1127 536 1208 animadverterant,
549 1126 613 1188 laeti
626 1129 866 1214 procurrebant
881 1153 921 1193 ex
936 1130 1065 1214 castris,
1084 1153 1164 1194 con-

87 1230 338 1316 tumeliosisque
361 1228 498 1293 vocibus
522 1227 666 1291 Julianos
694 1231 990 1318 prosequebantur.
1015 1231 1080 1296 Sed
1105 1233 1165 1296 alia

86 1335 186 1423 longe
213 1348 307 1396 mens
334 1332 449 1395 Caesari
473 1329 558 1410 luit3
589 1329 645 1417 qui
670 1329 711 1393 ad
736 1331 1013 1421 praeoccupandos
1036 1352 1164 1398 montes

86 1436 264 1514 festinans,
283 1433 360 1520 quia
376 1430 488 1495 castris
508 1429 766 1494 adversariorum
787 1433 981 1520 praeclusum
1000 1435 1062 1497 iter
1078 1452 1164 1518 erat,

86 1559 148 1624 per
170 1550 365 1598 transversas
388 1531 507 1611 valles,
533 1546 566 1593 et
586 1553 696 1618 aspera
719 1555 793 1595 saxa
815 1533 1016 1615 enitebatur,
1038 1551 1095 1616 ut,
1114 1536 1164 1600 bis

87 1635 267 1724 superatis,
284 1633 373 1698 haud
393 1634 494 1722 longo
513 1633 687 1696 circumitu
702 1634 737 1695 in
754 1631 947 1696 destinatam
965 1653 1089 1722 partem
1108 1635 1166 1702 lle·

88 1754 201 1817 cteret.
220 1735 260 1802 Id
277 1736 335 1801 ubi
354 1750 403 1799 est
418 1735 459 1798 ab
479 1735 662 1799 Afranianis
676 1732 956 1816 animadversum,
973 1747 1039 1800 tam
1057 1741 1165 1826 segnis

89 1859 190 1903 nemo
204 1838 286 1919 fuit,
303 1838 382 1926 quin
400 1833 505 1899 elluso
520 1857 619 1898 cursu
634 1834 766 1900 eosdem
777 1833 937 1924 petendos
953 1859 1022 1900 esse
1036 1856 1164 1904 montes

89 1956 230 2030 putaret.
560 1997 562 2000 .

135 2040 257 2106 XXVI.
281 2039 330 2103 Eo
353 2053 494 2102 reserat
517 2037 673 2118 deducta,
698 2053 752 2118 ut,
769 2035 796 2100 si
816 2039 1023 2126 praevenisset
1039 2041 1164 2126 Caesar,

89 2144 202 2209 omnia
219 2143 253 2205 in
275 2140 344 2221 ejus
361 2153 521 2228 potestate
537 2131 646 2202 essent
661 2137 791 2220 lutura3
807 2155 989 2226 praeventus
1004 2140 1046 2203 ab
1061 2140 1165 2206 hosti-v

89 2247 175 2328 bus,
198 2242 440 2334 impedimentis
467 2255 594 2320 tamen,
618 2254 650 2302 et
672 2240 884 2322 cohortibus,
905 2264 978 2328 quas
998 2241 1032 2304 in
1053 2246 1165 2310 castris

89 2368 209 2412 eorum
228 2359 320 2408 erant
335 2343 474 2424 relictae,
489 2343 659 2430 potiretur.
672 2341 710 2403 lu
725 2341 790 2404 hoc
805 2343 981 2406 certamine
996 2344 1165 2412 celeritatis

89 2452 247 2514 Caesarem
274 2443 480 2510 difficultates
502 2444 629 2507 viarum
652 2437 735 2507 male
756 2443 940 2525 habebant3
961 2448 1114 2512 Afranius
1133 2467 1165 2515 et

90 2548 238 2615 Petreius
255 2568 314 2637 per
328 2547 459 2611 Caesaris
478 2546 604 2634 equites
621 2544 891 2633 impediebantur.
909 2546 986 2611 Hrec
998 2549 1166 2614 molestior

90 2674 184 2715 mora
200 2648 280 2730 fuit;
296 2648 451 2737 priorque
471 2649 594 2729 caesar,
612 2647 728 2711 itinere
741 2648 911 2727 confecto,
927 2648 1028 2713 aciem
1046 2651 1080 2713 in
1099 2652 1166 2739 pla-

90 2751 173 2814 nitie
190 2750 276 2813 inter
292 2749 424 2839 magnas
440 2766 538 2837 rupes
554 2749 615 2812 sita
632 2748 759 2812 struxit.
776 2748 929 2813 Afranius
946 2773 965 2813 a
981 2753 1114 2816 Julianis
1131 2777 1166 2817 se

88 2854 352 2917 circumventum
368 2850 500 2929 videns,
520 2851 554 2914 in
576 2850 657 2914 colle
678 2848 822 2938 quodam
840 2850 1005 2933 constitit3
1023 2854 1165 2919 emissis-

90 2974 158 3041 que
174 2951 365 3016 cohortibus
382 2951 510 3014 cetratis
527 2966 688 3037 quatuor,
704 2967 869 3031 montem,
884 2954 941 3040 qui
957 2971 1025 3018 erat
1041 2954 1073 3017 in
1090 2979 1167 3020 con·

89 3071 206 3144 spectu
228 3053 481 3133 excelsissimus,
505 3053 657 3140 occupari
673 3053 787 3133 jussit,
807 3069 910 3116 castra
925 3054 971 3117 ibi
987 3057 1163 3143 positurus.

88 3154 157 3221 Sed
174 3156 286 3220 cetrati
299 3156 339 3220 ab
354 3156 501 3243 equitatu
516 3155 647 3218 Caesaris
661 3152 702 3218 ad
716 3177 822 3218 unum
836 3168 950 3219 omues
964 3155 1166 3222 interficiun-

89 3262 158 3322 t'ur.
175 3254 247 3321 Hoc
262 3258 364 3341 facto,
383 3254 553 3345 pugnandi
572 3256 751 3343 cupiditate
773 3255 904 3320 Caesaris
925 3257 1026 3345 copiae
1048 3282 1166 3324 accen·

90 3358 237 3440 duntur,
256 3358 470 3446 praeliumque
491 3357 679 3445 postulant:
699 3357 726 3421 si
744 3356 814 3419 haee
831 3359 1096 3445 praetermittatur
1108 3385 1166 3427 oc·

89 3458 195 3542 casio,
211 3482 245 3523 se
258 3476 387 3549 postea,
407 3480 511 3547 quum
527 3460 633 3523 Caesar
648 3458 761 3539 vellet,
778 3480 846 3521 non
862 3480 932 3523 esse
944 3450 1165 3549 puknaturos,

91 3578 270 3626 minantur.
1006 3573 1010 3579 ⁴

134 3661 275 3727 XXVII.
300 3661 404 3727 Caesar
424 3676 532 3725 tamen
553 3680 660 3746 neque
679 3682 757 3723 suos
771 3660 913 3741 objicere
927 3664 1118 3730 vulneribus
1134 3682 1166 3729 et

89 3762 238 3853 periculo
259 3762 391 3847 volens,
410 3784 517 3850 neque
534 3761 619 3826 cives
635 3760 805 3845 occidere,
824 3764 945 3850 quibus
960 3768 1166 3832 clementiam

90 3887 186 3929 suam
201 3864 355 3929 omnibus
368 3862 473 3928 modis
487 3862 666 3952 approbare
682 3862 854 3946 studebat,
870 3863 1027 3930 abstinuit
1039 3868 1164 3955 praelio,

90 3966 242 4035 futurum
267 3988 419 4054 sperans,
439 3982 477 4029 ut
496 3965 566 4029 sine
588 3960 699 4055 pugna
716 3965 840 4031 bellum
859 3964 1053 4048 conficeret,
1075 3970 1166 4056 quod

124 4154 240 4221 §KH
253 4160 338 4206 Front.
352 4160 425 4207 strat.
441 4160 479 4215 11,
494 4158 519 4206 5.
533 4184 568 4195 ·-
584 4158 646 4206 Caes.

196 4255 238 4321 X·
947 4255 995 4337 ll
