2875 4900
270 393 339 482 724
444 391 511 458 JO.
539 389 883 459 FREINSIIEMII
915 391 1153 458 SUPPLEM.

268 513 310 592 Q.
328 511 516 598 Coponius,
535 510 592 598 qui
614 507 739 573 rhodiae
760 509 852 572 classi
873 523 1025 596 preerat,
1045 523 1232 596 conspectas
1252 531 1323 571 crim
1400 584 1401 611 1

268 614 410 678 rostratis
430 609 544 700 viginti
564 609 780 697 sequebatur3
805 625 839 674 et
857 610 1040 674 remissiore
1057 611 1122 690 jam
1138 624 1238 671 rento
1254 631 1325 696 pro-

267 715 443 802 pemodum
460 713 625 801 attigerat,
644 710 896 798 haudquaquam
913 733 1007 798 equo
1026 709 1203 773 certamine
1224 709 1324 797 longis

267 817 402 880 natibus
413 815 574 880 onerarias
583 828 842 902 oppugnaturus,
852 835 954 901 quum
964 812 1074 876 subito
1081 809 1324 874 intendirentus

266 917 605 1006 coepit,-Iulianosque
627 913 726 1003 longe
745 914 786 978 ab
804 913 956 978 hostibus
979 912 1140 977 divellere.
1157 914 1266 998 Atque
1282 909 1324 972 illi

266 1017 482 1106 Nymphaeum
498 1030 688 1094 tenuerunt,
709 1013 799 1079 haud
811 1006 927 1102 procul
937 1014 1124 1104 Apollonia,
1140 1035 1324 1100 quanquam

266 1117 355 1182 haud
371 1117 445 1182 satis
463 1133 589 1198 tutum,
611 1117 730 1179 Austro
745 1113 860 1196 flante,
882 1131 1036 1203 portum;
1055 1135 1174 1201 nempe
1194 1114 1325 1177 minoris

267 1219 415 1300 narium,
432 1239 529 1305 quam
544 1216 726 1305 legionum,
742 1215 909 1280 interitum
924 1215 1135 1280 estimabant.

310 1319 462 1384 XXVIII.
481 1317 531 1380 Ibi
548 1317 629 1382 mira
644 1316 794 1382 felicitate
810 1317 921 1380 subito
935 1337 1111 1380 conversus
1131 1331 1180 1378 est
1190 1331 1325 1392 ventus,

267 1435 299 1486 et
316 1443 377 1508 pro
393 1421 512 1482 Austro
533 1419 653 1507 spirare
674 1420 801 1483 Africus
819 1419 934 1508 coepit,
950 1435 1063 1482 contra
1079 1439 1178 1505 quem
1192 1417 1245 1479 illa
1260 1431 1326 1480 erat
1402 1406 1403 1427 ¹

267 1521 426 1585 tutissima
453 1519 559 1583 statio.
587 1521 767 1608 RepeutIna
791 1519 891 1609 igitur
915 1518 1169 1583 commutatione
1192 1541 1325 1597 rerum,
1402 1606 1403 1611 η

266 1621 323 1709 qui
349 1618 450 1684 modo
467 1619 508 1682 'in
532 1621 676 1707 periculo
701 1622 847 1695 fuerant,
873 1619 1055 1707 spectaculo
1076 1620 1325 1708 periclitantium
1402 1642 1403 1645 ¹

266 1721 409 1785 hostium
435 1721 694 1808 perfruebantur.
724 1720 853 1809 Quippe
877 1741 973 1785 naves
999 1718 1130 1784 rhodias
1157 1735 1222 1782 tam
1245 1743 1326 1783 saeva

266 1838 437 1912 tempestas
456 1819 721 1909 comprehendit,
740 1836 778 1884 ut
793 1823 826 1885 in
851 1822 966 1885 clauso'
976 1838 1009 1885 et
1028 1822 1231 1908 importuoso
1246 1821 1326 1884 mari

268 1939 437 1987 constratae
450 1922 596 2003 illorum,
614 1944 753 1987 numero
768 1921 927 2006 sedecim,
941 1922 1094 1987 adunam
1108 1943 1222 1986 omnes
1232 1921 1328 1986 elide·
1403 1960 1404 1967 κ

266 2040 406 2087 rentur:
431 2023 566 2111 remiges
584 2038 682 2110 atque
701 2039 977 2113 propugnatores,
1000 2023 1118 2110 quibus
1139 2021 1256 2087 lluctus
1273 2047 1328 2112 pe·

266 2129 453 2211 per-cerunt,
467 2123 583 2210 partim
600 2124 760 2186 interlecti
774 2139 852 2187 sunt
864 2147 883 2186 a
893 2124 1043 2204 Iulianis,
1059 2123 1112 2187 alii
1127 2125 1226 2211 capti,
1243 2147 1327 2212 quos

267 2227 371 2288 Caesar
389 2223 588 2310 conquisitos
604 2223 775 2311 diligenter
789 2226 1005 2302 conservavit,
1022 2224 1225 2312 domumque
1234 2225 1329 2289 remi·

267 2327 317 2389 sit.
345 2327 429 2398 Dum,
453 2340 561 2388 tamen
589 2325 721 2388 Caesaris
750 2347 846 2389 naves
870 2341 971 2412 captae
994 2327 1132 2389 suntab
1154 2327 1326 2405 hostibus,

265 2427 390 2491 diverso
413 2441 580 2490 vectorum
607 2424 686 2491 fato.
708 2427 827 2491 Contra
852 2427 979 2491 Lissum
1003 2425 1045 2489 ad
1068 2450 1202 2491 ancoras
1223 2428 1328 2491 ambe

265 2528 491 2609 constiterant,
516 2528 649 2615 ignarae,
673 2548 831 2615 quorsum
854 2528 977 2614 reliqua
1000 2528 1106 2591 classis
1129 2550 1261 2591 cursum
1279 2530 1328 2591 in·

266 2627 430 2693 tendisset.
455 2629 581 2693 Idcirco
604 2630 778 2694 Octacilius
802 2632 957 2711 Crassus,
982 2630 1040 2716 qui
1060 2630 1151 2693 Lisso
1174 2646 1325 2717 praerat,

266 2728 375 2793 multis
398 2730 578 2793 minoribus
602 2730 735 2819 navigiis
758 2730 877 2793 cinctas
898 2729 939 2794 ad
959 2729 1157 2795 deditionem
1176 2732 1326 2796 hortaba-

265 2846 335 2913 tur,
351 2832 574 2895 incolumitate
589 2834 757 2919 prnmissa.
775 2834 862 2896 Tum
878 2855 971 2915 vero,
989 2850 1148 2920 quantum
1164 2834 1206 2897 sit
1222 2834 1328 2897 homi·

265 2930 361 2994 nibus
375 2932 409 2993 in
427 2930 626 2995 firmitudine
640 2934 825 2995 animorum
844 2950 877 2997 et
893 2934 1087 3021 experientia
1099 2956 1234 2998 casuum
1252 2960 1327 3025 pra»-

263 3030 347 3114 sidii,
359 3033 516 3122 apparuit.
528 3032 611 3097 Nam
624 3035 746 3098 tirones
761 3034 858 3099 altera
869 3036 942 3097 navi
954 3034 1155 3098 vehebantur
1166 3058 1175 3099 ε
1186 3036 1208 3097 ii
1222 3060 1325 3123 quum

264 3152 299 3195 se
317 3131 535 3214 dedidissent,
559 3134 705 3198 Octacilii
721 3134 854 3222 perfidia
878 3156 991 3198 omues
1013 3152 1092 3199 sunt
1112 3138 1325 3226 interempti:

262 3234 422 3314 veterani,
440 3233 645 3298 simulatione
666 3234 841 3299 deditionis
862 3250 1004 3299 extracto
1026 3252 1190 3324 tempore,
1210 3260 1325 3301 navem

162 3348 164 3355 ’
263 3330 463 3417 impulerunt
473 3331 515 3397 ad
527 3335 621 3418 litus;
637 3350 685 3416 et,
700 3336 909 3399 exscensione
923 3338 1004 3400 facta
1014 3385 1023 3417 ‚
1035 3338 1161 3424 equites
1174 3340 1215 3402 ab
1223 3341 1326 3403 'Octa-

262 3431 336 3494 cilio
349 3432 512 3499 immissos
528 3438 738 3524 repulerunt,
752 3451 784 3500 et
800 3436 841 3499 ad
857 3458 992 3499 suorum
1005 3437 1153 3524 praesidia
1169 3460 1326 3526 perrene-

261 3550 339 3597 runt
358 3534 548 3601 incolumes.

304 3634 427 3699 XXIX.
452 3636 626 3701 Octacilius
646 3639 742 3701 etiam
763 3639 892 3701 Lissum
909 3640 1032 3719 amisit,
1054 3641 1129 3727 quia
1145 3659 1327 3706 conventus

259 3734 377 3799 civium
403 3756 636 3818 romanorum,
661 3739 796 3802 Antonii
814 3739 926 3802 audito
944 3738 1106 3822 adventu,
1131 3742 1173 3804 ad
1193 3743 1326 3806 Ceratis

258 3851 362 3921 partes
381 3858 415 3899 se
436 3838 648 3925 applicuerat,
674 3840 765 3918 eujus
781 3838 941 3904 beneficio
957 3838 1069 3904 datum
1085 3840 1148 3904 sibi
1164 3839 1325 3929 oppidum

292 4019 433 4085 §mm
453 4024 516 4073 Caes.
535 4051 571 4061 -
589 4026 696 4091 Appitn.
719 4054 754 4063 —
773 4029 830 4077 Illo.
848 4054 885 4065 -
902 4026 919 4092 s
937 4029 1060 4079 xxvut.
1076 4027 1183 4093 Appian.
1204 4054 1240 4065 -
1261 4028 1324 4075 Cn.

257 4128 292 4139 -
307 4101 473 4151 rhombum
491 4107 587 4154 Anton.
