2875 4900
270 400 339 499 596
443 404 510 471 JO.
537 400 881 471 Fuulusttututt
912 400 1161 469 auertunt.

262 527 395 589 hostem
414 540 513 588 ratus.
534 525 576 588 At
593 521 725 605 Parthi,
748 523 960 609 cataphractis
982 525 1018 585 in
1033 523 1137 611 prima
1152 524 1223 587 acie
1237 546 1336 613 oppo-

267 625 356 707 sitis,
378 640 495 689 caetero
514 624 660 711 equitatu
684 622 832 711 disperso
851 623 1081 704 circumvecti,
1101 647 1252 713 magnam
1270 629 1336 690 rim

265 726 408 816 pulveris
427 726 468 790 de
488 726 647 791 industria
666 725 891 808 concitarunt,
905 746 974 813 quo
993 742 1207 816 conspectum
1225 742 1259 790 et
1274 730 1337 815 spi·

266 830 365 893 ritum
386 828 542 892 Romanis
561 826 752 891 adimerent.
770 830 880 914 Atque
898 827 944 891 illi
957 827 1071 891 ferales
1089 828 1175 891 inter
1186 828 1335 907 umbras,

265 948 299 994 et
324 931 415 995 triste
440 929 605 993 silentium
624 927 724 1014 (nam
753 942 785 990 et
812 950 926 991 vocem
949 928 1176 991 intercluserat
1199 929 1336 1017 pulveris

267 1032 414 1121 nubes),
430 1030 545 1111 jaculis
569 1042 690 1094 temere
713 1026 934 1092 incidentibus
950 1027 1144 1117 figebantur.
1163 1028 1337 1095 Miserabili

265 1149 371 1197 morte
392 1130 594 1219 consumptis
618 1128 801 1219 plerisque,
823 1130 900 1217 quia
920 1130 1039 1194 vellere
1061 1130 1191 1193 hamata
1215 1132 1336 1217 spicula

265 1251 441 1315 conantes,
464 1254 522 1320 per
540 1252 658 1313 venas,
679 1254 739 1321 per
759 1253 877 1295 nervos
892 1231 1026 1320 penitus
1043 1230 1175 1312 adacta,
1196 1255 1256 1297 sua
1277 1233 1336 1321 ipsi

264 1358 401 1424 corpora
421 1332 505 1399 foede
520 1332 704 1417 laniabant;
717 1355 760 1396 ne
773 1332 962 1421 superstites
979 1331 1114 1419 quidem
1130 1331 1174 1395 ad
1188 1356 1335 1423 pugnam

264 1450 356 1499 erant
365 1436 431 1523 apti
439 1458 449 1517 3
456 1434 657 1524 Publioque,
668 1449 708 1497 ut
715 1434 879 1523 impetum
891 1435 1035 1499 facerent
1044 1434 1079 1497 in
1090 1434 1332 1522 cataphractos,

264 1535 433 1615 hortante,
448 1557 564 1599 manus
580 1536 699 1615 scutis,
712 1534 812 1623 pedes
825 1536 896 1599 solo
909 1533 1023 1598 affixos
1035 1535 1256 1601 ostentabant.

307 1636 422 1702 XLIV.
444 1637 548 1725 Igitur
564 1636 699 1701 Publius
713 1658 790 1701 cum
806 1636 972 1725 equitibus
986 1659 1087 1701 cursu
1104 1638 1255 1703 invectus
1271 1657 1334 1717 est,

262 1736 515 1825 haudquaquam
533 1738 604 1825 pari
620 1738 819 1820 certamine,
840 1760 944 1826 quum
962 1737 1051 1803 nuda
1072 1760 1209 1828 corpora
1226 1742 1335 1807 Gallo·

265 1862 357 1922 rum,
378 1862 454 1903 narn
474 1839 509 1903 id
531 1840 658 1904 roboris
680 1856 767 1916 erat,
789 1838 979 1905 firmissimis
1000 1841 1108 1905 tontis
1127 1860 1334 1931 percuteren-

263 1958 335 2023 tur3
356 1941 512 2018 Parthos,
531 1940 635 2005 crudo
656 1942 765 2023 corio,
780 1958 837 2006 aut
853 1942 960 2007 ferrea
971 1943 1072 2007 lorica
1086 1958 1207 2024 tectos,
1222 1944 1334 2009 breves

225 2062 230 2071 ·
262 2058 295 2107 et
317 2042 494 2107 imbecilles
520 2044 637 2107 lanceae
660 2064 777 2131 parum
802 2042 1017 2107 offenderent.
1040 2044 1128 2131 Ergo
1151 2042 1259 2125 Galli,
1283 2046 1335 2108 ab·

260 2145 351 2223 jectis
375 2144 515 2225 lanceis,
539 2158 654 2207 contos
678 2142 928 2231 prehendebant
951 2144 1121 2225 manibus,
1140 2160 1174 2208 et
1194 2146 1238 2209 ad
1262 2170 1334 2211 cor·

260 2266 341 2332 pora
372 2244 517 2308 hostium
548 2242 748 2326 evadebant3
785 2260 1018 2333 correptosque
1049 2245 1273 2312 deturbabant
1298 2272 1334 2313 ex

261 2345 371 2431 equis,
387 2368 554 2409 armorum
571 2344 716 2433 pondere
738 2344 779 2409 ad
799 2345 1037 2436 resurgendum
1059 2347 1231 2412 inhabiles.
1248 2352 1332 2428 Alii,

260 2444 378 2510 relictis
402 2446 486 2528 suis,
509 2446 656 2512 hostium
679 2448 836 2513 subibant
859 2470 981 2537 equos,
1005 2465 1200 2538 tenuesque
1217 2473 1333 2516 eorum

259 2545 445 2634 fodiebant,
473 2563 511 2612 ut
538 2550 627 2613 rabie
653 2551 768 2616 mortis
794 2552 935 2638 correpti
959 2567 1150 2617 excuterent
1171 2575 1333 2635 sessores,

260 2648 392 2737 suisque
411 2663 444 2713 et
459 2649 630 2733 hostibus,
646 2667 683 2714 ut
700 2653 839 2741 quisque
854 2669 1056 2736 occurrerat,
1071 2655 1261 2742 promiscue
1278 2657 1334 2723 ob-

260 2749 343 2814 tritis
357 2737 648 2816 commorerenturi
663 2753 811 2819 Tandem
826 2755 880 2820 siti
889 2769 988 2841 atque
997 2770 1095 2835 aestu,
1109 2755 1201 2844 quod
1211 2772 1334 2822 utrum·

260 2872 324 2938 que
338 2853 426 2939 genti
440 2867 489 2916 est
502 2851 764 2935 infestissimum,
781 2856 883 2919 coacti
894 2855 998 2937 Galli,
1014 2854 1056 2919 ad
1067 2879 1144 2920 suos
1156 2879 1192 2920 se
1205 2858 1332 2945 pedites

259 2967 471 3040 receperunt,
490 2952 524 3016 in
548 2951 693 3018 medium
710 2971 845 3044 accepto
861 2956 996 3040 Publio,
1016 2957 1073 3044 qui
1089 2957 1267 3025 fortissime
1283 2961 1332 3025 di·

259 3051 411 3116 micando
427 3055 567 3142 graviter
584 3070 653 3118 erat
665 3055 864 3122 vulneratus.

302 3155 400 3218 XLV
423 3154 561 3237 Quum
553 3179 586 3220 tn
603 3155 719 3220 collem
736 3157 912 3244 quemdam
929 3159 1104 3224 evasissent
1112 3160 1307 3250 ,religatis'
1297 3186 1329 3226 m

260 3254 368 3319 medio
384 3256 493 3343 equis,
512 3258 642 3346 clypeos
661 3276 887 3347 opposuerunt
901 3261 1117 3324 Barbarorum
1134 3262 1224 3343 telis,
1240 3265 1331 3328 auai-

259 3355 341 3420 lium
354 3378 393 3418 ex
403 3357 477 3420 loco
494 3357 661 3424 habituros
672 3361 751 3442 rati3
767 3359 857 3449 quod
869 3377 984 3426 contra
997 3363 1078 3426 fuit:
1095 3385 1171 3427 narn
1184 3310 1224 3426 iti
1232 3366 1330 3453 plano

259 3477 277 3518 a
294 3455 457 3543 prioribus
469 3457 639 3524 ordinibus
655 3477 827 3549 sequentes
845 3477 1026 3550 utcumque
1041 3479 1219 3552 teguntur5
1235 3467 1330 3530 accli-

259 3557 306 3622 vis
326 3558 491 3640 tumulus,
513 3561 589 3646 quia
611 3563 806 3648 posteriores
828 3585 956 3651 semper
973 3563 1087 3626 altiore
1106 3565 1245 3654 vestigio
1266 3567 1329 3630 tol·

258 3660 393 3740 luntur,
409 3680 522 3722 omnes
539 3683 578 3722 ex
593 3684 688 3749 aequo
705 3661 819 3727 nudat.
835 3666 874 3726 ln
888 3685 925 3728 ea
939 3663 1127 3728 necessitate
1142 3663 1247 3729 Graeci
1262 3665 1329 3728 duo

261 3759 399 3825 Carrhas
420 3759 633 3824 incolentium
663 3761 902 3828 adolescentem
929 3763 1165 3846 hortabantur,
1194 3783 1233 3829 ut
1257 3789 1328 3830 cum

259 3865 332 3952 ipsit
354 3885 386 3926 se
406 3861 587 3941 subduceret
608 3863 743 3943 ichnos,
760 3853 849 3953 quod
868 3868 905 3928 in
920 3867 1100 3956 propinquo
1119 3889 1327 3931 romanarum

252 3966 396 4052 partium
406 3963 556 4054 oppidum
568 3979 654 4031 esset.
671 3965 714 4030 At
728 3966 857 4045 juvenis
871 3989 938 4049 eos,
951 3969 1009 4054 qui
1013 3981 1144 4056 propter
1152 3968 1253 4056 {nsum
1265 3968 1327 4030 duc

258 4065 415 4130 anulorum
428 4071 655 4154 pervertissent,
680 4066 872 4133 deserturum
893 4090 1035 4157 negans,
1053 4067 1174 4132 dimisit
1191 4068 1326 4132 comiter
