2875 4900
311 376 364 447 IN
393 378 508 446 LOC.
535 376 629 445 LlB.
657 375 746 447 CIX
774 378 991 449 LIVIANI.
1115 378 1188 453 653

113 496 235 586 opibus
246 496 505 585 provinciarum,
521 494 704 578 modicum,
719 496 985 587 quadringenties
996 499 1032 563 in
1043 500 1190 591 singulos

114 620 221 664 annos
237 597 390 687 stipendii
406 598 540 662 nomine
557 598 699 662 conferri
711 598 818 679 jussit.
835 598 964 665 Deinde
974 622 1034 689 per
1046 604 1190 691 speeiem

113 699 369 765 commendandi
385 700 431 765 M.
449 698 604 783 Antonii,
622 700 680 788 qui
694 716 886 789 auguratum
899 701 1052 790 petebat,
1063 704 1098 767 in
1113 704 1190 769 Gal·

111 804 190 868 liam
207 806 364 895 Togatam
383 818 620 891 transgressus,
643 803 822 891 municipia
837 818 870 867 et
884 804 1029 869 colonias
1046 806 1188 893 appella·

111 905 177 986 vit3
192 903 281 969 haud
292 903 475 967 minoribus
489 918 643 992 exceptus
654 904 854 987 honoribus,
870 927 968 993 quam
982 922 1077 972 antea
1090 908 1189 974 Pom·

111 1006 189 1095 peio
203 1008 302 1071 fuisse
319 1004 481 1070 exhibitos
497 1004 695 1093 scripsimus.
934 993 936 998 ¹

159 1109 249 1173 XIX.
275 1108 352 1172 Haeo
380 1106 491 1171 omnia
516 1108 622 1169 Caesar
652 1127 693 1169 co
718 1107 838 1170 fecerat
865 1107 1066 1190 studiosius,
1094 1110 1186 1198 quod

110 1207 288 1273 adversarii
317 1206 386 1287 ejus
418 1206 512 1272 valde
544 1206 749 1271 exsultabant
783 1208 973 1273 consulibus
1011 1209 1185 1300 designatis

109 1310 149 1374 L.
170 1310 325 1391 Lentulo,
342 1310 379 1373 C.
395 1306 564 1389 Mamello,
581 1322 614 1371 et
626 1307 694 1371 Ser.
709 1305 812 1371 Galba
827 1309 977 1395 repulso,
991 1310 1050 1397 qui
1060 1310 1184 1401 legatus

109 1411 244 1474 Caesaris
258 1411 380 1489 fuerat,
394 1430 581 1495 quanquam
594 1408 623 1470 is
636 1407 738 1497 gratia
748 1407 976 1497 suffiugiisque
988 1412 1062 1497 plus
1072 1413 1187 1477 valuis-

110 1526 172 1577 set.
195 1511 326 1599 Quippe
344 1509 523 1597 plurimum
542 1509 575 1571 in
600 1508 689 1573 Urbe
710 1506 886 1595 Pompeius
902 1526 1045 1597 poterat,
1069 1514 1185 1601 pleris-

110 1634 178 1700 que
195 1610 468 1701 suffragantibus,
484 1625 518 1675 et
534 1610 620 1674 inter
632 1609 693 1674 hos
707 1610 769 1697 Ap.
783 1609 920 1675 Claudio
934 1634 1071 1677 censore
1084 1638 1092 1678 :
1107 1638 1184 1681 nam

109 1728 145 1777 et
160 1728 359 1801 postremam
374 1711 483 1775 liberae
498 1710 686 1800 reipublicae
702 1732 874 1775 censuram
888 1713 1013 1801 Appius
1029 1715 1103 1797 hic,
1119 1718 1186 1782 col·

108 1815 182 1905 lega
199 1816 235 1880 L.
251 1815 388 1896 Pisone,
410 1814 563 1877 exercuit.
580 1812 622 1876 Et
645 1810 721 1875 Piso
738 1811 870 1898 quidem
894 1811 1046 1878 studebat
1062 1839 1184 1905 genero

110 1916 252 1981 Caesari:
271 1916 397 2005 Appius
416 1913 569 1977 inimicus
587 1911 666 1977 dum
683 1934 803 1977 nocere
818 1930 980 1994 conatur,
996 1915 1072 2003 plus
1085 1917 1184 1983 etiam

107 2018 232 2083 invitus
246 2017 435 2104 insciusque
455 2013 618 2103 proderat.
641 2013 726 2077 Nam
743 2012 819 2078 Piso
838 2013 883 2077 ob
902 2012 1091 2078 affinitatem
1111 2018 1182 2081 Cte-

108 2120 211 2200 saris,
238 2136 271 2183 et
292 2118 437 2206 alioquin
460 2116 668 2205 negotiorum
693 2114 829 2179 minime
853 2130 1008 2204 appetens
1031 2115 1182 2207 (quippe

106 2220 321 2309 opinionibus
346 2220 583 2308 Epicureorum
610 2214 754 2300 deditus,
782 2237 825 2279 ne
847 2238 1020 2280 censuram
1046 2217 1182 2305 quidem

106 2321 273 2410 suscipere
282 2318 449 2407 voluerat)
466 2317 599 2382 notabat
612 2316 778 2381 neminem
794 2338 803 2379 :
819 2316 944 2404 Appius
958 2316 1078 2381 multos
1092 2320 1183 2407 equi·

106 2438 158 2488 tes
181 2437 411 2510 senatoresque
436 2417 599 2502 notando,
629 2432 667 2483 ut
684 2415 862 2508 postmodo
883 2419 1015 2484 Caesaris
1032 2421 1180 2510 partibus

105 2523 258 2613 cupidius
279 2546 312 2588 se
329 2523 544 2612 applicarent,
561 2519 731 2586 alliciebat.

152 2627 227 2691 XX.
244 2626 313 2690 lam
333 2626 477 2713 primum
497 2621 641 2687 libertini
659 2620 786 2710 generis
802 2635 967 2708 quotquot
981 2637 1090 2705 eraut,
1105 2645 1179 2688 mo·

104 2727 202 2791 vebat
222 2743 335 2792 senatu
350 2751 359 2809 3
382 2725 501 2791 deinde
519 2725 632 2790 multis
653 2724 751 2788 etiam
768 2723 935 2788 nobilibus
955 2725 1102 2790 eamdem
1118 2728 1180 2792 im·

104 2828 261 2917 pingebat
274 2827 499 2918 ignominiam.
516 2827 585 2890 Hos
601 2826 687 2890 inter
707 2841 740 2890 et
753 2825 923 2890 Sallustius
941 2826 1075 2914 Crispus
1088 2830 1179 2895 curia

104 2944 238 2992 exactus
257 2945 326 3011 est;
349 2951 451 3016 quum
470 2928 660 2992 censoribus
679 2927 713 2990 in
730 2943 865 3007 senatu,
881 2949 915 2990 se
935 2951 1001 2992 non
1014 2943 1179 2994 masona·

103 3052 194 3110 rum,
213 3031 269 3094 sed
279 3031 511 3109 libertinarum,
529 3043 714 3094 sectatorem
729 3051 807 3109 esse,
827 3028 1056 3116 respondisset.
1077 3033 1178 3098 Nota·

100 3131 152 3194 vit
168 3147 200 3194 et
221 3133 257 3195 C.
283 3131 432 3212 Ateium,
448 3131 554 3196 virum
577 3130 704 3195 bonum
730 3147 764 3194 et
784 3129 889 3194 civem
911 3131 1098 3221 egregium,
1118 3136 1176 3222 qui

102 3233 151 3297 M.
171 3235 287 3296 Crasso
305 3233 346 3296 ad
365 3233 485 3296 bellum
504 3232 687 3319 parthicum
705 3230 922 3318 proficiscenti
937 3230 1090 3296 tribunus
1107 3233 1176 3321 ple-

101 3333 156 3397 bis
172 3333 432 3399 obnuntiaverat.
454 3333 504 3398 Oh
522 3353 594 3396 eum
609 3355 757 3413 cautam,
770 3332 961 3420 subscripsit
972 3355 1106 3416 censor,
1115 3359 1176 3422 po-

94 3433 216 3524 pulum
241 3457 407 3500 mmanum
428 3435 643 3499 calamitatem
665 3435 848 3498 masciatum
872 3437 1032 3522 accepisse.
1055 3436 1174 3504 Similis
1272 3452 1281 3467 ‘

102 3535 266 3617 ejusdem,
284 3536 341 3601 sed
352 3537 485 3619 justior,
501 3536 652 3601 severitas
664 3537 700 3598 in
714 3557 788 3617 eos,
805 3535 863 3622 qui
878 3534 970 3624 signa
981 3535 1174 3627 tabulasque

100 3637 145 3712 ad
166 3653 356 3702 ornamenta
371 3661 546 3704 munerum
562 3662 580 3701 a
604 3637 700 3702 sociis
722 3635 878 3718 mutuati,
901 3653 1014 3723 postes
1029 3661 1091 3726 pro
1110 3663 1173 3705 suo

99 3740 313 3804 retinuerant.
402 3789 407 3800 ,

135 3888 152 3955 s
163 3891 262 3940 mn.
271 3891 336 3940 llirt.
346 3918 377 3927 -
386 3893 442 3940 Sex.
452 3889 511 3940 aut
525 3887 630 3938 -Vell
640 3891 680 3950 11,
693 3889 735 3952 39.
747 3914 783 3924 -
796 3890 898 3938 sueton.
909 3887 936 3935 in
947 3887 1008 3937 Ces.
1019 3904 1073 3953 cap.
1084 3891 1126 3938 ss.
1135 3919 1171 3930 -·

98 3975 204 4040 Eutrop.
220 3973 264 4022 lib.
274 3975 318 4022 Vl.
330 4001 366 4012 —
382 3973 484 4039 §XIL
498 3974 557 4023 Dio.
571 4000 606 4010 —
619 3969 675 4022 Cic·
688 3971 715 4020 iu
734 3973 783 4020 Pis.
797 3986 852 4035 cap.
868 3969 912 4018 ²5.
926 3969 992 4035 —s
1008 3971 1068 4018 XX.
1083 3974 1170 4022 Acron
1271 3984 1279 4002 ·

96 4061 126 4107 in
138 4060 202 4108 llor.
214 4059 265 4108 Sat.
274 4059 299 4118 1,
311 4075 336 4108 a.
353 4083 388 4096 --
402 4057 456 4106 Cle.
472 4059 498 4106 ln
511 4055 666 4117 Sallusttds
678 4054 765 4104 Divis.
775 4057 800 4113 l,
811 4053 858 4114 163
869 4051 1043 4111 aestuem,
1058 4054 1089 4114 8,
1102 4067 1127 4103 st
1139 4055 1171 4105 sd

98 4141 185 4190 Famil.
195 4141 258 4188 vm
266 4177 273 4199 ‚
289 4149 329 4197 st.
338 4169 373 4178 -
387 4141 443 4190 Dio.
