2875 4900
268 353 323 425 tn
352 348 466 419 noc.
493 346 587 415 trs.
614 344 744 412 cvur
775 342 992 413 trvrsru.
1092 340 1158 425 641

95 502 173 547 nem
196 476 322 556 fuerat,
343 484 530 561 petentem,
549 480 588 529 ut
605 464 758 529 tribunus
781 462 885 552 plebis
904 478 1084 545 crearetur,
1104 464 1173 529 ad·-

91 598 190 666 Juvrt.
1020 612 1023 615 ,

139 678 302 747 XXXIII.
328 670 512 738 Plurimum
542 667 631 731 enim
657 663 799 753 praesidii
824 664 860 727 iu
886 685 927 727 eo
950 663 1112 751 ponebat,
1136 664 1166 727 si

94 784 284 850 adolescens
301 773 437 855 nobilis,
457 769 614 850 dissum,
635 765 758 848 audax,
775 764 1016 829 inimicissimus
1031 765 1165 846 smsari,

96 880 268 951 tribunitia
279 889 444 967 potestate
459 883 649 936 armaretur.
664 868 755 931 Inter
767 865 838 929 brec
850 864 964 929 crebro
975 864 1114 929 relatum
1125 864 1175 928 de·

95 984 227 1067 Galliis,
246 996 280 1047 et
295 976 435 1069 graviter
452 987 562 1038 actum
576 970 692 1033 fuerat.
709 970 750 1034 A.
761 966 794 1032 d.
806 967 855 1031 XI
869 964 932 1031 kal.
944 944 1041 1047 sext,
1061 988 1167 1054 quum

96 1100 231 1153 senatus
248 1080 289 1146 ad
309 1074 468 1167 Apollinis
488 1072 680 1150 haberetur,
705 1083 855 1155 essetque
875 1066 1000 1131 mentio
1022 1066 1107 1130 facta
1124 1065 1168 1129 de

96 1188 244 1277 legione,
263 1201 363 1270 quam
383 1176 501 1242 Coesari
522 1170 699 1259 Pompeius
717 1190 890 1256 expensam
908 1168 1051 1250 ferebat,
1071 1167 1168 1232 item-

97 1312 166 1379 que
183 1287 224 1353 de
239 1280 444 1350 successione
460 1278 496 1342 C.
511 1272 660 1355 Caesaris,
674 1269 851 1358 Pompeius
862 1267 1048 1358 respondit,
1064 1266 1170 1333 abda.

98 1408 233 1456 cturum
245 1407 314 1450 sese
327 1381 490 1471 legionem
505 1398 576 1441 eam
592 1396 601 1438 ι
618 1371 660 1436 de
672 1369 848 1460 provinciis
861 1370 999 1457 placuit,
1015 1384 1053 1433 ut
1070 1392 1170 1459 quam

97 1491 245 1583 primum
257 1484 300 1551 ad
316 1482 440 1548 Urbem
456 1476 631 1565 Pompeius
646 1486 862 1538 reverteretur
874 1469 1077 1557 (Ariminum
1092 1493 1171 1558 pro-

98 1595 246 1659 fecturus
260 1585 302 1652 ad
311 1584 488 1651 exercitum
504 1575 609 1665 erat),
623 1594 730 1661 eoque
741 1585 899 1660 presente
913 1568 955 1634 de
966 1571 1176 1636 sucmssione

98 1692 344 1785 provinciarum
362 1697 521 1775 ageretur.
536 1675 715 1743 Intervenit
728 1670 847 1739 deinde
856 1670 1015 1752 judicium
1032 1673 1069 1737 C.
1083 1672 1171 1736 Mar-

102 1796 179 1861 celli
205 1790 346 1859 consulis
371 1782 550 1875 designati,
578 1800 677 1868 quem
702 1776 750 1841 Μ.
768 1772 912 1839 Calidius
934 1772 1171 1861 postulaverat,

98 1895 300 1985 competitor
312 1890 396 1971 ejus,
412 1885 469 1952 sed
487 1882 650 1972 repulsam
663 1898 795 1968 passus,
810 1891 844 1941 et
855 1876 990 1963 insuper
1001 1890 1172 1940 accusatus

99 2023 121 2064 a
135 1996 264 2063 duabus
280 1990 404 2059 Galliis.
692 2058 696 2065 Ι

147 2096 302 2163 XXXIV.
320 2088 466 2157 Tandem
487 2084 683 2151 assentiente
699 2078 877 2167 Pompeio,
897 2100 927 2143 s.
948 2076 981 2142 d.
1003 2076 1088 2166 prid.
1108 2075 1171 2140 kal.

100 2198 256 2265 octobres
281 2186 561 2259 senatusconsulta
588 2197 666 2248 sunt
691 2181 727 2245 in
753 2181 823 2245 brec
846 2179 945 2245 verba
969 2177 1172 2268 perscripta:

17 2394 18 2399 η
101 2296 231 2383 «Quod
245 2296 291 2362 Μ.
299 2290 471 2385 Marcellus
483 2284 599 2351 consul
609 2282 708 2347 verba
720 2281 799 2345 fecit
811 2278 853 2344 de
863 2279 1038 2367 provinciis
1048 2299 1175 2355 consu-

100 2434 116 2459 ι
126 2399 268 2480 laribus,
284 2396 324 2463 de
338 2416 375 2460 ea
386 2414 422 2458 re
434 2391 479 2456 ita
490 2398 707 2463 censuerunt,
722 2381 772 2445 nti
783 2380 821 2445 L.
830 2379 980 2461 Paullus,
996 2377 1177 2443 cmmod-

101 2535 116 2560 «
125 2505 179 2570 lus
192 2498 358 2578 consules,
373 2513 477 2582 quum
491 2486 714 2577 magistratum
728 2483 883 2563 inissent,
898 2480 941 2546 de
951 2479 1176 2544 consularibus
1197 2448 1211 2472 '¹

103 2597 307 2692 «provinciis
317 2595 360 2661 ad
373 2607 521 2658 senatum
530 2587 706 2667 referrent3
724 2605 806 2647 neve
819 2581 899 2670 quid
911 2581 1002 2669 prius
1012 2603 1054 2646 ex
1063 2580 1177 2646 lralen·

103 2737 117 2764 .
129 2705 181 2770 dis
200 2691 340 2781 martiis,
359 2716 441 2760 neve
458 2689 540 2780 quid
563 2684 765 2768 conjunctim
782 2682 824 2747 de
845 2705 883 2746 ea
904 2705 941 2746 re
961 2683 1137 2745 referretur
1158 2704 1177 2745 a

103 2839 117 2864 ι
127 2801 321 2872 consulibus
335 2821 342 2863 :
356 2796 471 2883 utique
485 2790 553 2872 ejus
566 2789 612 2853 rei
619 2807 726 2852 causa
735 2806 796 2874 per
808 2781 877 2847 dies
892 2780 1069 2846 comitiales
1084 2803 1178 2844 sena-

103 2941 117 2967 r
128 2925 202 2972 tum
214 2902 391 2979 baberent,
401 2909 597 2980 senatusque
609 2887 797 2954 consultum
806 2885 969 2965 Iacerent3
980 2896 1014 2947 et
1025 2903 1178 2970 quumea

103 3041 118 3066 ι
128 3008 172 3074 de
186 3003 273 3070 read
283 3015 433 3068 senatum
446 2986 859 3068 referreturaconsulibus,
868 2984 1017 3072 equitum
1029 3005 1188 3052 romano.
1232 2977 1236 2982 ’

105 3141 120 3166 .
131 3130 226 3187 rum,
246 3103 353 3193 quiin
366 3096 519 3164 trecentis
529 3089 695 3175 judicibus
713 3101 836 3168 essent,
852 3108 908 3151 sex
922 3084 1084 3150 adducere
1100 3085 1177 3149 lice-

105 3244 119 3268 .
130 3225 193 3274 ret.
206 3207 239 3272 Si
250 3201 383 3294 quidde
397 3223 435 3264 ea
448 3219 483 3262 re
496 3194 538 3261 ad
550 3192 711 3284 populum
722 3189 891 3278 plebemve
903 3186 969 3250 lato
981 3207 1065 3273 opus
1077 3200 1178 3264 esset,

105 3327 170 3376 «ut
189 3309 262 3374 Sex.
282 3302 462 3392 Sulpicius,
482 3297 528 3362 M.
545 3291 717 3360 Marcellus
735 3287 904 3369 consules,
925 3301 1099 3375 praetores,
1118 3285 1178 3348 tri·

105 3447 120 3471 .
130 3411 283 3498 bunique
295 3404 414 3496 plebis,
428 3400 549 3489 quibus
561 3417 675 3460 eorum
688 3390 870 3471 videretur,
885 3388 928 3453 ad
939 3388 1099 3477 populum
1108 3388 1179 3476 ple·

105 3517 250 3580 «bemve
272 3509 414 3572 ferrentt
441 3498 531 3591 quod
555 3499 668 3562 iinon
692 3492 860 3572 tulissent,
884 3489 953 3571 nti,
978 3490 1179 3577 quicumque

105 3615 289 3701 «deinceps
305 3623 429 3688 essent,
446 3604 602 3668 ferrent».

155 3713 294 3781 XXXV.
306 3707 514 3795 Adscriptum
525 3717 593 3768 erat
604 3722 613 3764 z
625 3712 799 3762 «senatum
810 3692 1005 3771 existimare,
1016 3690 1180 3754 neminem

106 3855 122 3882 ι
134 3841 272 3900 eorum,
287 3813 346 3904 qui
360 3821 555 3902 potestatem
571 3801 688 3868 babeat
705 3792 943 3873 intercedendi,
962 3786 1181 3878 impediendi,

149 4039 302 4106 §mut
311 4034 375 4082 Vell.
388 4035 425 4091 11,
440 4032 481 4086 48.
493 4055 527 4066 -
538 4026 595 4075 Dio.
606 4050 639 4060 -
653 4020 760 4084 llppbn.
772 4043 806 4053 --
816 4014 868 4063 Cic.
879 4013 911 4060 sd
923 4010 1072 4058 Familvlll
1078 4043 1085 4067 ,
1097 4018 1145 4064 tet
1155 4023 1182 4072 9.

109 4122 240 4178 Plutarch.
250 4121 277 4169 in
289 4121 375 4183 Pomp.
388 4127 413 4166 et
426 4115 488 4164 Goes.

241 4216 283 4284 X.
943 4191 984 4272 4¹
