2875 4900
300 394 371 482 434
476 396 542 461 JO.
569 392 913 462 FREINSHEMII
938 394 1182 463 SUPPLEM.

297 534 451 605 pontem,
468 512 524 600 qui
546 512 703 599 templum
726 513 800 575 urbi
817 513 991 603 jungebat,
1010 514 1135 579 obsessi
1154 516 1347 579 reeulserant.

298 620 414 683 Murus
432 614 528 679 etiam
550 612 770 696 firmissimus,
794 630 965 702 turresque
986 615 1123 703 psaltae
1145 632 1270 680 tantum
1289 639 1348 680 non

298 716 550 785 inaccessibilem
569 713 753 779 efficiebant
769 714 889 778 locum.

340 821 456 886 Lxffl.
479 816 543 882 Sed
560 816 735 903 Pompeius
750 815 932 880 abundanti
952 808 1183 899 multitudine,
1202 840 1276 881 nam
1293 834 1350 881 eta

296 925 455 987 Damasco
473 934 651 1003 caeteraque
667 917 758 1004 Syria
779 918 889 1006 copias
904 917 1072 981 auxilinm
1091 918 1285 1000 adduxerat,
1301 941 1351 983 vo·

297 1024 441 1113 saginem
460 1032 662 1106 comportata
678 1016 828 1106 undique
842 1018 976 1082 materia
987 1018 1085 1097 jussit
1098 1019 1230 1107 expleri.
1251 1020 1350 1103 Quum

297 1124 392 1189 multi
405 1124 491 1185 inter
504 1119 573 1183 haec
584 1116 772 1182 ludaeorum
785 1119 857 1183 telis
867 1118 1132 1196 vulnerarem,
1153 1122 1274 1185 tardius
1285 1144 1351 1210 pro·

296 1224 431 1292 cedebat
454 1242 555 1310 opus,
576 1221 630 1284 vix
653 1219 694 1284 ad
719 1237 869 1309 optatum
892 1219 991 1285 finem
1014 1222 1279 1310 perducendum,
1301 1223 1352 1287 nisi

296 1328 431 1416 septima
454 1322 506 1387 die
526 1337 686 1386 cessantes
706 1345 726 1386 a
740 1320 913 1402 jaculando
932 1321 1073 1404 obsessi,
1089 1323 1227 1411 impune
1248 1326 1353 1387 Roma·

296 1450 377 1509 nos,
396 1423 487 1514 quod
505 1422 696 1513 placuisset,
722 1421 830 1487 moliri
853 1438 1052 1511 paterentur.
1076 1424 1351 1507 Quemadmodum

294 1530 381 1593 enim
393 1550 430 1591 ea
439 1548 517 1617 gens
527 1526 571 1589 ita
580 1546 657 1588 cum
669 1523 803 1589 deosuo
813 1523 902 1587 velut
912 1522 1056 1589 dividere
1066 1542 1175 1613 partes
1182 1524 1350 1615 imperandi

294 1629 493 1719 petendique
509 1627 695 1707 consuevit,
712 1642 749 1689 ut
769 1624 929 1689 mundatis
946 1624 1015 1704 ejus
1033 1625 1073 1689 ad
1091 1648 1158 1689 suae
1171 1627 1352 1715 interpreta-

294 1730 391 1793 tionis
406 1728 540 1793 modum
551 1728 793 1815 obtemperent;
804 1741 876 1789 tutu
887 1725 1110 1808 solummodo,
1122 1750 1227 1815 quum
1237 1745 1351 1817 petere·

295 1850 349 1896 tur
364 1850 497 1918 eorpus,
510 1850 691 1917 repugnare
703 1828 828 1892 licitum
840 1827 1014 1916 putabant,
1025 1828 1085 1893 alin
1097 1830 1228 1894 hostilia
1237 1830 1351 1919 agenti·

292 1934 354 1997 bus
368 1954 426 2020 per
439 1930 609 1995 sabbatum
623 1928 730 1992 obniti
743 1930 844 1991 nefas.

336 2032 450 2096 LXIV.
475 2030 579 2119 Igitur
601 2052 660 2117 per
680 2052 737 2092 eos
759 2028 828 2093 dies
847 2029 985 2092 Romani
1004 2050 1111 2117 neque
1127 2031 1283 2117 petebant
1297 2031 1352 2093 lio·

292 2153 395 2214 stem,
415 2153 522 2218 neque
538 2130 753 2218 petebantur;
770 2128 1000 2193 tantummodo
1021 2131 1116 2195 fossis
1137 2132 1351 2220 complendis,

159 2230 164 2236 ’
293 2233 515 2320 struendoque
538 2228 644 2320 aggeri
667 2246 800 2293 strenue
821 2228 1037 2294 admovebant
1059 2254 1185 2295 manus.
1204 2233 1352 2297 Machina

293 2334 411 2399 deinde
427 2334 516 2420 Tyro
532 2330 688 2413 advectae,
706 2352 809 2417 quum
825 2332 984 2395 continuo
1006 2354 1158 2396 saxorum
1174 2335 1265 2413 jactu
1282 2358 1353 2424 pro·

292 2430 529 2524 pugnatoribus
550 2429 668 2494 moenia
693 2429 892 2515 nudassent,
915 2431 1055 2521 spatium
1081 2434 1236 2500 Romanis
1260 2459 1352 2502 unam

292 2532 491 2600 suffodiendi
509 2532 624 2596 turrim
641 2533 861 2619 praebuerunt.
879 2535 942 2600 Per
953 2534 1051 2614 hujus
1066 2536 1176 2600 ruinas
1191 2538 1289 2602 tertio
1302 2539 1354 2603 ob·

292 2635 427 2702 sidionis
443 2657 554 2698 mense
570 2651 700 2722 captum
717 2651 767 2700 est
787 2637 946 2724 templum
962 2637 1034 2726 ipso
1055 2635 1108 2701 die
1118 2637 1254 2722 jejunii,
1270 2641 1353 2729 quod

291 2757 363 2803 tum
379 2735 494 2802 incidit
509 2736 544 2798 in
564 2736 747 2823 quintilem.
768 2737 906 2802 Fatutus
928 2739 1036 2820 Sulla,
1063 2737 1230 2805 dictatoris
1255 2741 1353 2823 filius,

293 2842 419 2930 primus
430 2834 599 2904 adscendit
613 2859 760 2919 murum3
779 2837 977 2926 sequutique
991 2839 1100 2904 statim
1115 2841 1234 2905 Furius
1249 2860 1284 2908 et
1298 2846 1354 2908 Fa·

291 2943 365 3006 hius
382 2939 589 3004 centuriones
606 2960 682 3002 cum
699 2938 766 3002 suis
784 2939 1051 3026 manipularibus.

334 3041 432 3107 LXV.
455 3043 580 3104 Interea
606 3039 820 3103 nihilominus
845 3041 1028 3106 secerdotes
1052 3044 1165 3106 munia
1187 3067 1266 3126 sua,
1290 3064 1354 3110 tan·

290 3165 388 3231 quam
404 3143 438 3206 in
454 3141 607 3204 altissima
619 3161 717 3227 pace,
733 3139 912 3223 obeuntes,
929 3162 1038 3231 neque
1053 3145 1182 3209 strictos
1195 3146 1230 3209 in
1247 3169 1285 3212 se
1297 3149 1355 3238 gla-

290 3243 381 3324 dios,
405 3263 512 3331 neque
531 3255 660 3329 accepta
681 3241 816 3306 vulnera
835 3243 1069 3330 pavescebant'3
1093 3246 1256 3333 multique
1276 3248 1356 3312 inter

291 3346 357 3433 ipsa
376 3365 464 3407 sacra
486 3358 564 3406 sunt
579 3341 741 3406 interlecti
755 3365 763 3406 t
779 3359 970 3410 caeterorum
992 3369 1126 3434 quoque
1146 3349 1274 3414 varium
1293 3352 1355 3414 exi·

290 3447 374 3510 tium
388 3445 467 3524 fuit3
480 3445 574 3509 multi
591 3444 632 3507 ab
645 3444 758 3525 hoste,
774 3446 899 3510 multia
913 3448 1037 3512 civibus
1049 3445 1254 3514 discordibus
1270 3452 1353 3530 cusi,

289 3569 405 3635 magna
424 3567 498 3633 pars
519 3547 709 3634 semetipsos
730 3549 973 3637 praecipitarunt
988 3552 1023 3615 in
1044 3553 1203 3641 abrupta3
1226 3555 1354 3644 quidam

289 3649 386 3713 etiam
402 3647 545 3712 furentes
564 3648 743 3712 calamitate
762 3651 935 3730 conjuncta
950 3654 1071 3742 templo
1086 3653 1220 3719 edificia
1233 3679 1355 3721 crema·

289 3764 387 3832 runt,
405 3771 504 3837 seque
522 3751 609 3837 ipsos
628 3749 810 3828 injecerunt
827 3752 970 3842 ignibus.
994 3752 1044 3818 Ad
1067 3755 1165 3818 millia
1181 3754 1353 3821 duodecim

288 3852 420 3940 periisse
445 3851 623 3914 dicuntur:
643 3848 683 3914 de
710 3853 866 3918 Romanis
887 3853 1010 3942 oppido
1032 3855 1149 3942 pauci3
1172 3859 1352 3945 complures

321 4033 826 4121 snmu.1³1n.nsupsnn.0·p.14.
846 4087 882 4098 -
900 4061 960 4110 oro.
970 4089 1005 4100 -
1018 4063 1152 4112 smnus.
1162 4065 1238 4123 xm,
1252 4083 1278 4130 p.
1297 4064 1351 4126 7⁶³.

288 4165 323 4176 -
336 4137 436 4202 Ioseph.
