2875 4900
324 357 379 426 IN
411 359 523 430 LOC.
550 361 644 427 LlB.
673 359 741 426 CX
770 359 985 426 LIVIAN-I.
1116 358 1189 456 679

116 499 190 564 quae
206 497 257 540 res
273 476 333 540 ubi
352 477 517 543 festinanti
531 478 646 542 cesari
664 478 761 565 coepit
777 499 847 540 esse
863 478 1010 561 lastidio,
1030 481 1111 544 nihil
1124 481 1189 559 jam

116 599 240 640 nomen
251 576 403 659 Patrnm,
416 596 473 643 aut
482 580 565 660 juris
575 578 702 667 antiqui
714 595 861 642 moratus
872 579 1065 670 imaginem,
1077 599 1191 646 caetera

116 701 158 740 ex
172 701 235 742 usu
246 679 397 766 praesenti
409 679 656 744 administravit.
673 679 794 768 Igitur,
816 697 1003 770 contempta
1016 685 1053 746 L.
1068 684 1191 748 Metelli

117 778 363 867 tribuniplebis
383 781 633 864 intercessione,
653 804 753 869 quam
773 781 898 847 inimici
912 785 1045 847 Caesaris
1061 806 1193 872 compa·

117 898 284 962 raverant,
298 883 411 965 «Quas
427 901 465 947 tu
478 885 565 972 leges
582 882 738 964 advocas,
750 885 813 964 ait,
826 907 894 948 non
912 885 1004 966 belli,
1022 885 1080 949 sed
1093 887 1193 973 pacis,

117 984 321 1071 «respiciunt
343 1000 490 1073 tempora
512 1008 520 1048 :
543 1007 634 1048 nunc
659 985 848 1073 reipublicae
870 985 1111 1050 consulendum
1133 1000 1193 1051 est.

118 1085 212 1148 «Nec
234 1108 318 1173 opus
339 1102 387 1150 est
407 1086 466 1150 tibi
484 1084 577 1150 reddi
597 1085 760 1148 tationem
783 1087 945 1150 factorum
967 1109 1136 1168 meorum,
1158 1086 1193 1150 iu

119 1215 132 1240 a
143 1207 243 1272 quern
260 1187 533 1270 animadvertere,
552 1187 637 1252 sicut
652 1203 684 1249 et
705 1187 739 1250 in
759 1203 912 1270 caeteros,
930 1211 1014 1276 quos
1031 1189 1123 1276 cepi,
1138 1187 1195 1252 ad·

119 1287 317 1370 «versarios,
337 1289 412 1368 jure
437 1311 511 1352 meo
534 1288 752 1378 potuissem».
773 1289 831 1351 His
851 1287 964 1370 dictis,
986 1288 1029 1353 ad
1046 1291 1195 1354 aeranum

119 1391 305 1479 profectus,
326 1391 418 1481 quod
437 1408 506 1456 crat
524 1392 558 1454 in
579 1391 648 1456 rade
668 1391 817 1470 Saturni,
836 1392 912 1477 quia
930 1392 1034 1456 claves
1050 1391 1163 1456 ablatae
1178 1415 1198 1454 a

121 1493 311 1558 consulibus
325 1495 471 1576 Inerant,
485 1493 615 1583 effringi
624 1493 728 1573 jubet.
742 1491 868 1555 Eodem
882 1509 916 1556 et
923 1493 1075 1558 Metellus
1086 1517 1197 1558 accur·

121 1596 184 1676 rit,
206 1611 244 1659 ut
259 1596 327 1660 vim
350 1596 554 1685 prohibeata
573 1596 712 1660 foribus.
733 1594 784 1657 Ibi
804 1616 882 1658 vero
899 1595 1035 1658 tribuno
1056 1612 1196 1660 mortem

122 1696 265 1762 minatus
286 1714 334 1760 est
352 1700 473 1779 Caesar,
498 1698 559 1761 hac
580 1719 660 1761 voce
682 1695 810 1760 addita:
829 1725 842 1750 a
854 1697 974 1784 Atqui,
993 1696 1198 1778 adolescens,

123 1829 137 1853 ι
148 1820 216 1862 non
234 1813 266 1862 ta
281 1785 373 1882 latet,
390 1800 478 1862 factu
493 1799 557 1862 hoc
574 1799 671 1880 mihi,
692 1821 792 1886 quam
806 1797 915 1880 dictu,
932 1820 1001 1861 esse
1015 1799 1174 1862 facilius».

168 1902 226 1964 VI.
248 1901 443 1968 Perterritus
468 1901 529 1965 hac
553 1900 804 1965 denuntiatione
827 1899 998 1982 Metellus,
1023 1921 1091 1962 non
1115 1923 1199 1988 tegre

123 2001 316 2066 auscultavit
335 2003 483 2066 monenti
497 2004 602 2066 Cottae
619 2003 760 2090 tempori
777 2001 903 2066 cedere.
922 1999 1024 2084 Quod
1037 2000 1100 2064 nisi
1114 1989 1199 2064 esset

123 2101 262 2184 sactum,
282 2125 351 2166 non
374 2102 561 2185 dubitanu,
580 2104 660 2190 quin
686 2103 771 2166 itum
789 2103 826 2166 in
851 2102 954 2168 cades
977 2103 1080 2182 foret,
1097 2103 1199 2166 semel

124 2202 271 2292 deposita
286 2205 494 2268 simulatione
506 2204 594 2291 pacis
608 2227 615 2267 :
631 2227 707 2268 nam
723 2219 757 2268 et
769 2203 871 2268 iratus
886 2204 974 2268 ultro
993 2204 1099 2266 Caesar
1110 2218 1198 2283 erat,

124 2321 160 2370 et
170 2306 308 2370 amultis
321 2305 527 2370 incitabatur.
537 2308 658 2371 Amoto
668 2307 822 2386 tribuno,
836 2328 941 2394 quum
952 2304 1062 2369 adhuc
1068 2305 1200 2368 obstare

125 2407 240 2499 religio
261 2406 445 2491 videretur,
469 2408 545 2497 quia
565 2408 707 2473 sanctius
730 2408 879 2473 carantam
899 2406 1042 2489 recludI,
1066 2420 1199 2495 praeter·

127 2532 226 2597 quam
244 2509 405 2574 tumultus
426 2510 531 2599 gallici
552 2532 665 2590 causa,
688 2512 814 2600 magnis
831 2509 950 2575 additis
970 2508 1200 2575 exsecrationi·

127 2611 190 2675 bus
201 2629 299 2699 atque
311 2612 404 2693 diris,
419 2612 556 2692 majores
568 2627 754 2693 vetuerant,
765 2613 971 2703 abivr'ssejom
983 2627 1104 2699 tempus
1114 2611 1201 2673 istius

125 2734 228 2793 curoe,
247 2712 344 2793 dixit5
355 2736 414 2777 sua
428 2716 512 2776 enim
523 2735 619 2801 opero
624 2714 789 2800 provisum
800 2736 878 2793 esse,
894 2737 934 2776 ne
948 2712 1059 2776 Gallos
1072 2712 1201 2775 ulterius

127 2813 231 2877 Romo
251 2818 380 2879 tinzeret.
396 2814 575 2879 Protulisse
598 2830 669 2877 tum
690 2836 730 2877 ex
745 2814 859 2877 aerario
874 2814 978 2877 Caesar
992 2811 1113 2876 dicitnr
1129 2811 1201 2875 auri

127 2915 242 3005 pondo
264 2932 407 3004 quatuor
434 2916 534 2980 millia
559 2932 692 2980 centum
718 2916 852 3005 trigirrta
880 2916 1047 3002 quinque;
1073 2913 1201 3003 argenti

129 3040 233 3107 prope
257 3032 423 3107 nongenta
440 3018 538 3082 millia
560 3017 648 3105 apud
669 3018 824 3081 Orosinm
845 3016 1020 3104 leguntur3
1046 3015 1202 3094 majorem

129 3120 229 3208 longe
242 3142 404 3184 summam
415 3119 541 3183 Plinius
556 3118 700 3185 indicare
711 3118 857 3199 videtur,
872 3117 1012 3180 laterum
1024 3126 1202 3179 aureorum
1283 3104 1290 3123 ’

130 3242 186 3283 sex
196 3236 228 3283 et
236 3219 349 3310 viginti
359 3220 457 3285 millia
466 3242 728 3285 commemorans
740 3242 748 3284 :
759 3220 855 3283 etiarn
865 3216 1080 3305 laserpitium,
1089 3215 1205 3305 pondo

130 3338 265 3387 centum
277 3321 448 3405 undecim,
466 3322 544 3387 inde
557 3323 722 3410 prolatum
734 3324 883 3387 assaesare
895 3319 983 3385 idem
997 3318 1137 3407 scriptor
1149 3343 1205 3384 au·

131 3423 266 3489 notavit.
291 3422 442 3488 Oliendit
461 3446 499 3487 ea
522 3445 573 3488 res
596 3424 699 3511 plebis
717 3424 862 3505 animos3
884 3445 947 3486 nec
965 3420 1144 3486 obscurum
1169 3420 1205 3486 id

130 3524 248 3587 Caesari
262 3525 336 3588 fuit.
474 3607 477 3611 Ι

175 3623 247 3689 VII.
261 3624 388 3689 Idcirco
402 3648 505 3713 quum
521 3624 551 3689 oi
564 3626 780 3718 certissimum
797 3625 929 3707 fuisset,
942 3640 1118 3714 antequam
1129 3646 1205 3712 pro-

131 3725 345 3809 ficisceretur,
363 3727 557 3791 concionem
575 3727 711 3809 habere,
731 3748 800 3791 non
821 3742 873 3791 est
892 3749 1001 3792 ausus
1023 3726 1130 3815 Igitur
1151 3747 1204 3788 re·

130 3827 215 3910 bus,
240 3843 278 3891 ut
301 3844 447 3917 poterat,
473 3828 677 3910 constitutis,
703 3826 929 3892 Aristobulum
953 3825 1104 3893 Judaeum
1128 3848 1204 3888 oum

168 3996 185 4062 s
195 3998 228 4046 V.
235 3997 294 4044 Dio.
308 4024 343 4035 -
361 3998 422 4047 Cas.
437 4022 473 4035 -·
484 3997 549 4045 Plut.
561 3995 694 4061 Apophth.
704 3998 779 4043 Rom.
789 4012 844 4060 cap.
853 3998 902 4053 43,
910 4006 936 4043 et
943 3996 971 4043 iu
980 3996 1068 4059 Pomp.
1079 4010 1135 4058 cap.
1148 3994 1205 4040 103.

132 4108 168 4120 -
184 4080 277 4128 Lucan.
290 4079 491 4139 111‚v.115.—
502 4080 613 4145 Appiau.
628 4106 664 4116 -
679 4076 696 4143 S
711 4080 757 4126 vt.
771 4076 1206 4143 Cic.a‹lAttio.1,t.-·Appin.

132 4162 621 4225 -oroav1‚1t.-Pttn.x11,t‚
638 4163 780 4221 stxxlll,
798 4162 825 4210 3.
