2875 4900
546 309 721 410 ‘486
928 330 1066 395 Jo.
1123 330 1805 401 FREINSHEMII
1862 330 2350 400 SUPPLEM.

572 448 729 529 bus,
759 448 873 534 qui
900 447 1172 513 domum
1198 450 1482 514 consulis
1511 442 1856 531 venerant,
1885 448 2066 537 quod
2092 449 2293 513 altero
2318 442 2665 534 impediente

574 549 841 615 consule
866 551 1210 616 convocari
1221 568 1501 621 ,senatus
1531 550 1874 639 nequibat3
1902 566 1977 613 ut
1999 550 2219 637 potius
2248 549 2449 613 aliena
2473 546 2668 631 impro-

574 649 777 713 bitate
808 650 1018 716 victus
1052 673 1221 732 esse,
1257 673 1454 738 quam
1492 675 1610 715 sua
1642 668 1877 741 sponte
1901 672 2212 731 cessasse,
2245 649 2586 720 videretur,
2617 660 2667 707 et

574 772 693 842 per
719 749 987 815 densam
1015 752 1540 833 multitudinem,
1574 776 1753 840 quae,
1787 754 1947 822 sicas
1984 753 2107 817 sub
2145 752 2434 817 vestibus
2461 750 2667 824 serens,

572 854 794 916 forum
828 852 911 917 de
944 870 1138 919 nocte
1164 871 1625 942 occupaverat,
1663 854 1746 919 ad
1773 855 1979 921 aedem
2008 855 2328 938 Castoris,
2354 850 2599 918 Lucullo
2621 862 2667 909 et

574 956 827 1020 Catone
858 955 1352 1048 comitantibuS,
1386 957 1756 1039 contendit3
1789 958 1927 1023 aliis
1960 946 2321 1022 rever'entia
2349 950 2668 1044 potestatis,

576 1057 819 1138 multis,
844 1058 994 1145 quia
1017 1058 1405 1122 sententiam
1430 1075 1712 1124 mutasse
1737 1058 2165 1141 crediderant,
2187 1057 2361 1122 viam
2384 1052 2664 1119 dantibus.

575 1157 703 1223 Sed
723 1158 841 1223 ubi
870 1181 949 1222 ex
973 1154 1309 1247 superiore
1338 1159 1484 1224 loco
1507 1160 1892 1249 impugnare
1917 1160 2127 1249 legem
2159 1160 2384 1247 coepit,
2413 1170 2570 1221 tanta
2595 1164 2667 1214 est

573 1274 901 1323 commota
926 1257 1160 1324 seditio
1179 1307 1197 1340 ,
1231 1275 1308 1323 ut
1336 1260 1476 1350 ipse
1507 1261 1590 1327 de
1624 1262 1932 1351 gradibus
1965 1261 2449 1341 deturbaretur,
2481 1253 2665 1343 cophi-

577 1381 702 1423 nus
724 1375 1007 1434 stercore
1039 1362 1321 1450 repletus
1348 1362 1417 1426 in
1447 1377 1642 1450 caput
1673 1363 1957 1428 consulis
1994 1361 2449 1428 effunderetur
2463 1406 2482 1440 ,
2507 1357 2666 1419 fasces

575 1460 1057 1552 frangerentur,
1098 1464 1287 1528 multi
1319 1464 1636 1535 comitum
1653 1512 1671 1545 ,
1710 1482 1904 1553 atque
1931 1465 2101 1530 inter
2134 1465 2296 1529 alios
2336 1462 2465 1527 duo
2496 1458 2664 1522 tribu·

575 1563 677 1644 ni‚
711 1564 1089 1629 verberibus
1122 1565 1635 1653 vulneribusque
1667 1564 2098 1631 afficerentur.

663 1663 798 1728 XC.
833 1665 1014 1730 Inter
1045 1665 1183 1730 haec
1221 1667 1493 1731 Bibulus
1530 1667 1769 1757 insigni
1802 1667 2163 1732 constantia
2199 1665 2486 1732 nudabat
2508 1661 2664 1747 jugu-

575 1764 713 1829 lum
734 1812 754 1846 ,
805 1765 1148 1850 offerebat,
1196 1767 1280 1831 ad
1319 1767 1561 1832 caedem
1604 1790 1836 1859 magna
1887 1790 2046 1832 voce
2091 1766 2409 1832 invitabat
2447 1756 2662 1827 Caesaris

575 1866 910 1949 satellites,
947 1869 1128 1958 «Ego
1163 1891 1354 1949 vero,
1384 1870 1723 1957 inquiens,
1761 1870 1814 1934 si
1849 1872 2194 1952 Caesarem,
2231 1887 2307 1934 ut
2333 1868 2498 1948 juste
2522 1875 2660 1949 agat,

575 1996 601 2024 κ
621 1989 881 2034 movere
908 1992 1165 2058 nequeo
1183 2019 1202 2053 ‚
1234 1970 1305 2036 id
1329 1972 1557 2037 saltem
1581 1972 1887 2053 efficiam,
1918 1988 1994 2036 ut
2019 1993 2164 2035 mea
2191 1992 2368 2035 mors
2394 1961 2662 2031 scelestio-

572 2093 755 2134 arem
804 2070 1312 2160 invisioremque
1358 2072 1667 2137 omnibus
1717 2071 2004 2137 reddat».
2054 2074 2211 2137 Haec
2251 2067 2657 2135 vociferantem

570 2172 641 2235 in
681 2172 960 2237 vicinam
1000 2173 1173 2238 Jovis
1213 2175 1482 2239 Statoris
1528 2174 1733 2239 aedem
1776 2176 1966 2239 amici
2005 2187 2386 2264 rapuerunt.
2429 2170 2579 2232 'rum
2610 2159 2657 2221 5¹¹

570 2278 886 2342 Catonem
919 2297 1144 2341 versus
1184 2276 1467 2364 impetus
1487 2326 1505 2359 ,
1541 2277 1690 2365 qui,
1724 2293 1802 2341 ut
1833 2293 1968 2343 erat
1991 2277 2250 2357 juvenis
2274 2324 2294 2358 ,
2331 2289 2396 2337 et
2433 2268 2658 2350 robusto

571 2399 882 2464 corpore,
915 2399 1033 2467 per
1066 2376 1354 2443 medium
1388 2401 1620 2469 agmen
1658 2380 1759 2443 via
1789 2380 1984 2462 facta,
2019 2401 2228 2467 quum
2264 2372 2456 2438 verba
2481 2361 2660 2473 coepif·

570 2496 669 2545 set
691 2481 901 2544 facere
917 2528 936 2561 ,
966 2480 1260 2545 sublimis
1286 2504 1322 2544 a
1348 2481 1630 2552 factione
1654 2482 1917 2546 Caesaris
1944 2498 2042 2546 est
2075 2479 2299 2552 elatus·
2330 2477 2416 2539 At
2444 2469 2565 2545 ille,
2586 2460 2658 2524 dl·

539 2592 547 2608 '
569 2601 751 2646 versa
774 2580 902 2644 fori
923 2596 1107 2668 parte
1130 2604 1471 2646 recurrens
1489 2631 1508 2664 ,
1534 2584 1823 2647 convicia
1846 2583 2078 2650 Caesari
2101 2576 2465 2670 ingerebat3
2489 2568 2658 2632 donec

566 2684 805 2746 iterum
833 2681 1119 2770 priorem
1151 2683 1235 2747 ad
1274 2683 1548 2748 modum
1589 2699 1687 2749 est
1727 2685 1951 2749 elatus.
1991 2684 2092 2764 Ita
2129 2704 2250 2771 per
2291 2677 2420 2741 vim
2462 2665 2657 2758 perlata

566 2785 745 2873 lege,
780 2782 997 2862 jurare
1036 2784 1354 2872 populum
1389 2784 1582 2863 jussit
1616 2787 1860 2867 Caesar,
1907 2800 2227 2873 perpetuo
2273 2791 2468 2842 ratam
2504 2766 2653 2830 fore:

569 2885 745 2950 idem
774 2883 1010 2950 deinde
1030 2883 1492 2964 jusjurandum
1524 2910 1562 2949 a
1593 2903 1825 2951 senatu
1852 2886 2082 2976 exegit.

658 2986 828 3050 XCI.
862 2985 1168 3067 Bibulus,
1200 3008 1366 3075 aegre
1395 2988 1596 3050 vitato
1629 2989 1862 3069 exitio,
1896 2984 2211 3075 postridie
2239 2981 2310 3044 in
2341 2973 2506 3040 curia
2532 2984 2657 3074 con·
2754 2995 2755 3052 χ

570 3087 903 3175 queritur,
945 3086 1314 3152 rescindere
1350 3104 1491 3153 acta
1523 3096 1704 3176 parat
1739 3111 1756 3154 ε
1798 3089 2114 3180 Pompeio
2156 3087 2510 3163 Crassoque
2538 3084 2660 3130 1⁸0⁹·

568 3188 928 3269 stentibus,
955 3188 1284 3283 plerisque
1315 3205 1499 3253 metu
1531 3205 1646 3254 aut
1683 3211 1903 3254 errore
1934 3186 2210 3277 quietiS,
2247 3178 2409 3247 nihil
2437 3183 2660 3262 promo-

566 3303 779 3351 vetur.
825 3287 1036 3375 Igitur
1075 3289 1381 3371 Bibulus,
1424 3291 1494 3353 in
1543 3290 1871 3378 reliquum
1911 3289 2068 3354 anni
2112 3300 2371 3369 tempus
2416 3275 2658 3369 (menseff

566 3400 786 3453 autem
825 3403 976 3458 octo
1014 3390 1435 3478 supererant)
1471 3389 1654 3455 domi
1685 3413 1754 3455 se
1786 3391 2165 3466 continenS,
2200 3379 2454 3446 tandem
2481 3374 2654 3455 agenn

569 3487 813 3573 aliquid
841 3491 1066 3551 Gaas-fari
1086 3487 1290 3571 fertus
1318 3515 1438 3555 esse
1474 3491 1907 3557 ohmmtiabat
1927 3514 2043 3580 per
2065 3488 2294 3553 edicta.
2322 3474 2444 3544 Sed
2479 3471 2541 3534 Ρ.
2559 3463 2655 3524 Vss'
2754 3547 2755 3562 χ

573 3587 769 3655 tiniufi
825 3587 1130 3655 tribunus
1178 3595 1378 3679 plebia}
1429 3599 1813 3675 levissimus,
1856 3594 1968 3683 qui
2011 3607 2076 3656 et
2116 3604 2330 3674 nuper
2366 3566 2649 3686 consulem

565 3691 633 3759 in
673 3691 929 3759 *meula
978 3691 1214 3755 ducere
1266 3711 1534 3759 tonatim
1582 3715 1750 3775 erat,
1790 3697 2097 3761 viatorem
2139 3686 2350 3762 misit,
2391 3695 2495 3763 qul
2532 3679 2649 3773 fflffm
2754 3706 2755 3753 l

565 3791 769 3863 domn
813 3795 873 3859 tri
921 3795 1278 3859 extraheret
1322 3819 1334 3859 :
1373 3823 1514 3859 nam
1562 3799 1666 3859 his:
1698 3823 1768 3859 sc
1797 3796 1881 3860 ad
1915 3795 2134 3861 omnia
2183 3778 2438 3852 Caesaris
2471 3773 2646 3850 0¹²P¹¹²
2754 3793 2755 3882 χ

881 4011 978 4063 ιι.
1006 4007 1250 4067 rumh.
1278 4011 1330 4055 [11
1358 4007 1478 4055 αι».
1510 4023 1558 4055 ει
1586 4011 1758 4071 remp.
1793 4035 1864 4045 -
1895 4006 2109 4072 Appiana.
2137 4002 2246 4054 civ.
2272 3993 2356 4044 m».
2384 3987 2442 4034 11.
2469 4002 2525 4014 α
2553 3965 2637 4015 ⁰¹⁰·

872 4115 946 4139 ”-“”
966 4091 1006 4171 ξ
1030 4091 1138 4151 m
1158 4095 1378 4163 ssppilu.
1406 4115 1474 4131 -—
1502 4091 1742 4139 Plutum-h.
1764 4091 1819 4138 in
1839 4091 1946 4138 Cat.
