2875 4900
297 386 362 459 ¹9²
387 362 450 429 JO.
468 360 642 430 FREINS.
661 362 786 430 SUPP.
808 362 860 431 IN
883 362 985 431 LOC.
1002 362 1085 431 LIB.
1101 363 1326 431 LXXXVIII.

293 481 445 561 eebatur5
468 502 567 567 quem
586 479 640 543 ille
661 480 821 544 honorem
843 478 1046 548 admissionis
1069 482 1219 545 exhibere
1242 482 1354 569 paneis

277 584 512 647 ‘consueverat
528 580 578 664 Ibi
597 601 700 669 quum
715 580 854 645 subinde
873 602 985 647 recens
999 598 1120 647 retecta
1141 582 1245 670 capita
1261 582 1353 645 vide·

293 700 359 765 ret,
373 706 445 770 quar
454 682 531 747 viris
546 682 724 751 illustribus
739 682 871 771 dempta
887 681 1090 764 dicebantur,
1103 683 1296 770 magistrum
1310 683 1357 745 in·

294 784 467 873 terrogavit
488 785 584 863 Cato,
602 781 710 870 «qnid
726 784 771 846 ita
791 804 888 849 nemo
911 784 1005 849 talem
1029 801 1203 873 tyrannum
1224 782 1357 847 occide·

293 916 307 942 κ
315 900 366 949 ret
374 884 388 949 Ρ
396 917 409 941 »
425 901 523 971 atque
538 884 594 947 illo
607 884 840 972 respondente,
853 916 866 943 ι
876 902 983 951 metm
994 885 1082 951 enim
1096 884 1174 949 odio
1187 884 1358 972 potentior

294 985 452 1049 «affectus
475 1000 563 1065 est-3
585 985 647 1071 eibi
671 987 848 1075 pugionem
871 986 940 1055 dan'
963 987 1147 1075 postulavit
1172 987 1357 1053 Exterrims

294 1084 371 1148 inde
382 1084 525 1173 Sarpedo
538 1084 591 1171 (id
603 1108 724 1151 nomen
741 1104 808 1151 erat
819 1088 1025 1176 preceptori)
1043 1110 1211 1175 nunquam
1226 1102 1358 1174 postea,

294 1183 358 1247 nisi
372 1206 564 1269 excussum,
577 1208 676 1251 ausus
692 1204 741 1253 est
754 1187 798 1252 ad
810 1190 930 1253 Sullam
944 1187 1063 1256 duoere
1080 1211 1088 1253 ε
1104 1203 1193 1255 unta
1206 1204 1359 1253 constan·

293 1285 338 1354 tia
347 1306 469 1373 puero,
487 1301 681 1375 tantumque
694 1288 795 1353 animi
808 1291 911 1355 robur
925 1291 1045 1371 inerat,
1065 1305 1103 1353 nt
1116 1288 1204 1353 soluo
1218 1304 1252 1353 et
1262 1309 1360 1353 seon·

271 1402 278 1413 ’
294 1407 351 1448 rus
361 1386 564 1474 tyrannidem
576 1387 662 1453 ferre
676 1391 843 1478 nequiret,
856 1414 954 1479 quam
969 1406 1019 1455 tot
1034 1390 1175 1479 insignes
1186 1390 1265 1473 viri,
1278 1412 1360 1479 gen·

295 1494 343 1549 te's
365 1485 507 1575 denique
527 1510 565 1553 ac
586 1492 752 1572 nationes,
772 1508 804 1557 et
824 1508 921 1580 eaput
944 1491 1065 1557 scilieet
1081 1490 1169 1554 orbis
1191 1506 1359 1555 terrarum

294 1588 413 1669 Roma,
432 1588 595 1677 pecudum
609 1591 676 1655 ritu
688 1593 777 1657 taciti
791 1594 953 1681 inultique
967 1590 1187 1679 patiebantur!

328 1789 480 1855 §um
494 1749 593 1841 nain
605 1794 716 1854 orme,
729 1811 783 1859 up.
796 1795 820 1843 ⁵.
835 1795 926 1845 -vn
935 1796 1005 1843 uu.
1017 1794 1070 1851 m,
1085 1759 1119 1841 1.'

890 2140 897 2177 i
