2875 4900
269 376 314 446 80
409 428 413 436 -
443 367 512 446 JO.
538 366 875 445 FREINSHEMII
906 364 1153 446 SUPPLEM.

268 498 434 587 absunptn
457 512 576 577 essent,
601 520 664 561 non
686 497 841 562 detemora
863 496 1068 563 mddriuntm.
1092 497 1211 586 Caphis
1232 507 1330 586 quunt

267 601 407 664 venisset
418 598 581 687 Delphos,
597 597 745 663 andana
758 620 803 663 eac
814 597 922 685 adytis
936 598 1070 663 cr'tlm
1082 620 1194 691 sanum
1209 598 1332 686 scripsit

268 702 383 784 Sullae3
406 700 596 788 accepitque
614 710 826 787 responsum,
844 699 1034 787 gaudentes,
1057 706 1132 763 non'
1144 699 1332 787 rhdegnann‘s

267 824 329 867 esse
343 816 471 867 canmm
484 821 496 865 .·
509 814 617 890 ageret
626 803 739 887 igitur,
755 812 788 865 et
796 806 923 866 annuite
928 802 1069 890 propitia
1082 822 1207 865 sucrum
1220 822 1332 864 aarum

266 920 495 993 argentumque
506 903 554 966 ad
563 924 594 965 se
605 902 768 991 deportem
778 926 817 966 ne
826 902 995 968 dubitaret.
1005 902 1120 967 Postea
1131 923 1265 989 quoque
1276 924 1333 989 per

264 1006 376 1085 jocum
396 1002 557 1067 dictitasse
578 1002 705 1086 ferunt,
724 1004 870 1068 dubt'tam
886 1026 918 1070 se
935 1024 1001 1068 nnn
1014 1026 1106 1091 posse
1126 1004 1166 1067 de
1181 1004 1330 1083 unctoria,

266 1106 325 1193 qa·
336 1102 631 1193 amrmemus
642 1102 802 1169 munus
1157 1086 1164 1099 '

313 1206 372 1269 1x.
384 1206 463 1269 Erat
472 1205 558 1269 inter
568 1226 681 1295 regum
694 1204 829 1269 donaria
839 1204 966 1269 dolium
980 1222 1188 1295 argenteum,
1202 1228 1239 1269 ea
1251 1206 1333 1271 mole

268 1328 306 1370 ao
317 1303 478 1394 pondere,
493 1320 531 1369 ut
543 1299 665 1369 extrahi
676 1306 832 1386 jumentis
846 1307 1016 1395 nequiret:
1032 1305 1066 1370 id
1079 1305 1251 1371 concidere
1264 1327 1335 1370 coa-

269 1408 312 1471 cti
333 1406 604 1495 Amphictyones,
625 1420 744 1471 stetten
767 1402 915 1487 Graecioe,
935 1422 967 1471 et
991 1421 1129 1472 mutatos
1150 1408 1185 1470 in
1203 1408 1334 1471 deterim

193 1552 196 1559 ι
257 1510 412 1573 Ι(Ιονιιίνιω
433 1508 671 1572 miserabantur
688 1530 697 1572 t
716 1503 793 1572 olim
811 1504 849 1572 Τ.
862 1506 1026 1593 Quintium
1050 1521 1083 1571 et
1099 1506 1312 1572 LAEmr'Ititm
1322 1546 1334 1588 ,·

258 1630 415 1675 ‘mmanos
429 1609 523 1674 duces
528 1649 539 1692 ,
554 1611 685 1699 musque
695 1610 788 1673 Mam
802 1607 1025 1689 Glabrionem,
1042 1607 1114 1672 utos
1124 1608 1336 1673 Macedonum

270 1710 409 1797 regibus,
429 1708 681 1774 huncAntiocho
693 1710 821 1774 devictis
827 1759 838 1791 ,
851 1708 935 1775 ultm
949 1710 1099 1775 honorem
1110 1732 1240 1799 opesque
1251 1710 1338 1776 delu-

269 1814 394 1875 bmrum
411 1814 539 1877 auxisse
552 1836 564 1875 :
578 1834 662 1875 nunc
682 1808 778 1900 lapsis
790 1814 823 1875 in
829 1812 925 1901 pejus
935 1813 1071 1877 mort'bus
1078 1852 1088 1892 9
1098 1825 1270 1901 postquam
1280 1816 1338 1876 ἰπὶ·-

269 1915 366 1977 micos
379 1934 577 2001 quacumque
589 1936 622 1977 re
634 1934 781 2001 superare
786 1915 942 2002 princpes
954 1915 1083 1977 mmani
1093 1910 1255 1993 stitdennt,
1269 1914 1337 1977 Ina»

266 2016 435 2103 giniensibus
451 2014 499 2077 nd
510 2009 684 2105 pefidiam
705 2013 882 2103 luteumque
900 2018 1060 2104 eormmpi
1074 2014 1206 2094 milites,
1228 2014 1338 2105 hisque

269 2116 442 2181 obnoxium
459 2118 676 2203 nuperatorem
683 2154 693 2195 9
711 2116 862 2179 vuissnw
878 2118 1096 2205 teterrimoque
1109 2116 1271 2180 mannum
1279 2125 1337 2204 ge·

270 2220 339 2280 neri
351 2218 476 2294 servt'rs,
491 2236 553 2303 quo
566 2218 687 2303 optimis
701 2214 873 2305 quibusque
885 2217 1335 2306 nobilissimisquedomt'netur.

314 2318 356 2381 X.
375 2320 535 2382 Caeterum
559 2316 666 2397 Sulla,
693 2318 847 2407 neglectis
867 2319 1092 2385 Graeculorum
1112 2320 1275 2407 querelis,
1294 2319 1337 2383 ad

270 2436 463 2508 questorem
483 2418 518 2482 L.
530 2418 703 2482 Lucullut'n
721 2440 829 2485 sacros
846 2420 1016 2486 thesauros
1031 2418 1135 2502 misit,
1149 2420 1203 2484 cui
1217 2417 1339 2484 cuden-

269 2522 319 2586 de
330 2522 364 2584 in
374 2521 602 2608 Peloponneso
612 2536 752 2584 monetae
763 2521 931 2612 negotium
943 2522 1160 2609 imposuerat,
1176 2521 1245 2609 ipse
1256 2519 1340 2584 redi·

269 2622 384 2712 gendis
403 2621 437 2684 in
461 2636 653 2710 potestatem
669 2622 805 2687 Athenis
828 2643 962 2687 omnem
983 2623 1084 2686 animi
1106 2623 1337 2712 cogitationem

269 2721 470 2788 intendebat.
488 2722 670 2787 Gloriosam
686 2721 855 2786 victoriam
875 2739 968 2787 rents
988 2723 1079 2790 urbis
1104 2722 1229 2786 lactura
1251 2721 1339 2786 senia

269 2841 356 2908 erat3
376 2825 507 2906 utilem,
525 2824 672 2889 locorum
694 2823 864 2888 adomnia
884 2825 1137 2913 opportunitas:
1153 2845 1251 2912 super
1267 2823 1339 2886 haec

269 2927 442 2993 Aristionis
456 2924 605 2990 vecordia
619 2925 863 3007 stimulabatur,
881 2926 1153 3013 importunissimi
1170 2941 1203 2994 et
1218 2925 1342 3013 impros

269 3029 393 3094 bissimi
411 3044 547 3107 scurrae,
564 3025 621 3114 qui
637 3025 883 3090 continentibus
897 3024 992 3090 dictis
1009 3027 1043 3090 in
1059 3027 1186 3115 ipsum,
1201 3043 1258 3090 sut
1271 3027 1340 3090 Me-

270 3129 395 3209 tellum,
414 3143 486 3216 qum
506 3124 716 3217 impudicitias
738 3126 953 3220 arguebatur,
975 3127 1169 3193 iracundum
1189 3130 1339 3193 animum

269 3231 351 3294 mira
362 3229 510 3292 vindictas
524 3227 700 3317 cupiditate
714 3227 944 3292 inflammabat
961 3287 965 3295 .

313 3332 372 3394 XI.
392 3332 555 3395 Caeterum
574 3331 690 3394 urbem
711 3329 797 3393 fame
813 3349 931 3419 urgere
949 3331 1026 3394 satis
1042 3331 1160 3395 risum.
1178 3331 1340 3396 Piraeum

269 3449 342 3517 spes
352 3429 440 3494 nulla
450 3428 615 3517 capiendi,
629 3429 692 3494 nisi
704 3452 875 3518 perarma,
886 3423 1063 3519 supererat.
1073 3431 1138 3497 Sed
1147 3431 1216 3496 haec
1228 3448 1341 3496 umen

269 3529 455 3618 proditione
463 3529 659 3609 juvabantur
672 3553 680 3593 :
694 3528 763 3594 duo
776 3531 860 3594 servi
873 3531 979 3614 attici,
994 3532 1155 3620 quidquid
1168 3534 1202 3596 in
1214 3533 1342 3621 oppido

158 3637 165 3653 '
269 3631 381 3712 fiebat,
395 3629 566 3720 glandibus
579 3629 743 3717 plumbeis
756 3629 994 3716 inscribebant,
1008 3655 1062 3697 eas
1074 3631 1194 3698 deinde
1205 3632 1343 3722 'glandes

215 3751 224 3765 ·
269 3731 380 3798 iuhdis
404 3731 643 3812 ejaculabantur
666 3730 707 3795 ad
725 3733 901 3798 Romanos.
926 3732 964 3797 Id
988 3733 1046 3797 ubi
1065 3733 1181 3821 sepius
1204 3732 1274 3797 fieri
1298 3733 1343 3797 ad

270 3835 390 3899 Sullam
413 3833 572 3913 relatum,
594 3833 664 3915 ille,
682 3857 716 3897 re
735 3833 955 3916 considerata,
972 3856 1076 3924 quum
1096 3855 1225 3922 semper
1237 3857 1342 3898 even·

305 4043 321 4109 s
333 4045 402 4092 vm.
413 4041 516 4090 Diodor.
525 4043 591 4108 apud
601 4044 684 4092 Voles·
699 4069 735 4082 -
750 4043 815 4092 etot.
827 4044 854 4092 in
868 4043 986 4103 Lucullo,
1000 4058 1053 4109 rap.
1068 4046 1092 4094 ³3
1106 4071 1142 4082 -
1156 4044 1173 4109 s
1186 4047 1221 4094 Χ.
1234 4043 1301 4092 Plut.
1313 4045 1343 4091 in

270 4121 343 4174 bullat
354 4153 388 4163 -
399 4125 501 4174 Hieron.
513 4125 538 4172 in
548 4125 632 4176 Jorln.
643 4129 671 4184 1,
685 4126 728 4174 56.
737 4153 774 4164 -
782 4127 847 4178 Flos.
857 4129 910 4186 ΙΙΙ,
921 4128 945 4175 5.
959 4155 994 4165 -
1008 4128 1115 4194 Appias.
1123 4127 1237 4178 tuturis.
