2875 4900
290 380 354 453 ¹7²
454 358 524 427 tn
549 356 884 429 FREINSHEMII
916 355 1159 425 SUPPLEM.

327 478 367 541 V.
385 476 497 541 Ceteri
515 476 660 565 plerique
680 498 794 541 omnes
810 476 843 539 in
860 492 1035 565 conspectu
1051 497 1184 539 suerum
1201 477 1272 539 oaesi
1290 501 1337 540 ra·

283 579 370 665 ptive
385 594 473 641 sunt.
489 577 593 659 Sulla,
609 579 728 664 vigniti
739 576 841 640 millia
854 574 989 639 hostium
1002 598 1038 639 eo
1051 574 1166 663 praelio
1178 576 1334 655 caecidisse,

180 706 186 719 ·
282 677 484 766 captafnr'sse
492 694 579 759 octo,
594 679 736 767 scripsit,
751 699 877 743 satorum
887 692 946 741 tras
958 690 1080 763 tantum
1091 688 1123 739 et
1132 677 1247 761 viginti
1255 676 1336 739 desi·

281 778 796 867 deratos.Samnites,quotquotin
806 774 1335 857 manustenemnt,occidiomnes,

282 894 435 966 tanquam
444 896 616 968 perpetuos
624 878 732 943 hostes
746 876 885 941 nominis
899 876 1042 956 romani,
1061 874 1147 939 Sulla
1159 874 1335 962 imperavit.

281 978 386 1059 Hujus
400 1002 518 1068 pugnae
530 980 614 1043 fama
626 979 826 1059 Carbonem,
839 1000 858 1041 a
875 999 942 1065 quo
951 976 1098 1041 Metellus
1112 976 1248 1064 graviter
1261 998 1336 1063 pre·

282 1078 441 1160 mebttnr‚
459 1078 506 1143 sie
521 1079 695 1156 exterruit,
713 1095 752 1143 nt
768 1078 915 1165 protinus
933 1098 972 1141 ex
987 1075 1085 1157 locis,
1105 1098 1176 1165 quae
1193 1093 1335 1165 ceperat,

272 1176 427 1268 ,presidia
444 1177 634 1259 deduceret,
650 1195 773 1243 etcum
787 1177 929 1243 exercitu
941 1175 1120 1239 Ariminum
1138 1193 1334 1263 properaret.

281 1277 346 1343 Sed
359 1278 444 1348 forte
455 1278 587 1343 fortuna
597 1278 729 1360 accidit,
739 1295 778 1343 ut
791 1300 848 1367 per
859 1277 945 1343 idern
958 1293 1085 1364 tempus
1095 1276 1224 1339 Metello
1238 1298 1333 1365 opem

241 1386 244 1391 ’
280 1380 387 1444 ferens
404 1379 577 1467 Pompeius
597 1378 801 1461 adventaret;
817 1378 891 1465 qni,
910 1376 1052 1441 discessu
1068 1374 1169 1439 hostis
1185 1376 1334 1465 cognito,

278 1494 381 1542 <astra
395 1479 463 1559 ejus
476 1480 656 1568 occuparit,
666 1479 827 1567 tergisque
843 1478 1031 1543 abeuntium
1044 1476 1214 1559 inherens,
1225 1476 1334 1540 multis

279 1580 409 1661 occisis,
428 1580 537 1644 rnultis
552 1578 594 1643 ad
611 1578 810 1644 deditionem
826 1576 986 1671 pellectis,
1005 1598 1119 1667 nragna
1136 1574 1227 1639 illum
1241 1598 1333 1639 exer·

279 1679 362 1743 citus
379 1694 470 1768 parte
487 1679 646 1767 spobavit.

321 1777 377 1843 Vl.
393 1779 435 1843 Et
454 1779 603 1843 Metellus
620 1779 719 1842 alium
736 1778 892 1843 Carbonis
907 1776 1081 1841 exercitum
1098 1776 1196 1865 signis
1210 1778 1333 1840 collatis

277 1878 408 1959 cecidit,
429 1879 513 1944 facili
527 1879 679 1960 victoria,
703 1880 777 1967 quia
792 1893 862 1942 tum
876 1900 1007 1965 quoque
1023 1877 1107 1941 inter
1119 1876 1331 1965 pugnandum

277 1980 423 2067 quinque
434 1982 585 2044 cohortes
594 1979 739 2045 hostium
748 1978 788 2042 ad
799 1978 891 2043 illum
903 1976 1094 2041 del'ecemnt.
1104 1976 1219 2064 Neque
1229 1978 1333 2041 multo

276 2096 350 2165 post
356 2079 531 2166 Pompeius
540 2080 623 2154 circa
632 2080 731 2143 Senes
744 2078 860 2142 devicit
873 2077 1045 2158 Marcium,
1056 2092 1105 2157 et,
1115 2091 1152 2139 ut
1161 2078 1332 2165 praemium

276 2177 396 2242 laboris
412 2194 544 2243 strenue
560 2181 665 2242 navati
678 2179 852 2257 haberent,
867 2176 981 2240 urbem
1000 2193 1123 2266 captam
1139 2200 1156 2241 a
1176 2178 1332 2243 militibus

276 2276 371 2363 diripi
383 2299 493 2364 passus
509 2293 567 2341 est.
583 2276 646 2341 Sed
662 2300 729 2339 non
747 2278 830 2341 sicut
848 2274 1017 2364 indulgens
1034 2276 1066 2339 in
1085 2276 1332 2363 benemeritos,

274 2375 320 2439 sie
329 2376 425 2441 etiarn
438 2376 650 2441 insolentibus
659 2376 741 2440 lenis
751 2393 808 2441 aut
820 2362 978 2465 propitius
988 2378 1059 2441 tuit.
1074 2376 1248 2443 Mediolani
1260 2397 1332 2444 trn-

275 2476 398 2541 cidatus
420 2477 545 2556 injussu
564 2500 625 2541 suo
642 2494 773 2541 senatus
788 2477 913 2559 fuerat,
929 2499 1029 2564 eaque
1049 2477 1140 2566 culpa
1157 2479 1197 2543 ad
1211 2481 1332 2546 multos

274 2575 465 2665 pertinebat.
479 2577 653 2665 Pompeius
664 2578 773 2666 igitur,
787 2601 829 2642 ne
845 2578 1019 2642 tumultum
1033 2596 1217 2662 moverent,
1227 2581 1253 2644 si
1270 2582 1330 2646 soli

273 2693 494 2756 evocarentur,
516 2677 652 2757 veritus,
666 2677 854 2742 universum
876 2678 1051 2746 exercitum
1071 2677 1181 2744 adesse
1199 2680 1233 2742 in
1249 2705 1331 2746 con-

273 2774 400 2838 cionem
413 2775 520 2855 jussit.

315 2878 389 2941 Vll.
412 2877 464 2942 Sic
479 2894 648 2960 nocentes,
665 2878 741 2966 qnia
759 2901 833 2942 curn
850 2879 1001 2944 omnibus
1017 2880 1109 2943 acciti
1123 2899 1229 2966 erant,
1241 2885 1331 2948 aliud

271 2976 352 3065 quid
360 2979 440 3043 velle
449 2979 675 3068 imperatorem
689 2979 766 3060 rati,
780 2979 960 3060 affuerunt3
980 2996 1012 3042 et
1026 2997 1137 3044 caetera
1150 3005 1223 3071 pars
1238 3009 1330 3049 exer-

269 3079 371 3160 citus,
393 3102 465 3166 quoe
486 3101 568 3166 pura
584 3080 625 3142 ab
647 3080 703 3145 illo
718 3081 853 3144 crimine
874 3096 955 3161 erat,
973 3097 1145 3169 postquam
1171 3085 1330 3150 intellecta

270 3202 321 3244 res
331 3196 398 3262 est,
414 3197 504 3244 tanto
518 3181 753 3270 diligentiorem
766 3182 799 3245 in
811 3179 1030 3246 custodiendis
1040 3183 1101 3248 reis
1111 3186 1330 3272 praestiterunt

269 3303 413 3369 operam,
422 3305 463 3346 ne
475 3283 604 3346 illorum
614 3285 689 3371 fuga
697 3283 759 3347 sibi
770 3299 923 3371 tanquam
936 3282 1070 3348 consciis
1082 3283 1226 3363 ejusdem
1238 3310 1331 3350 noxae

270 3381 495 3468 imputaretur.
513 3380 647 3445 Interim
672 3383 708 3446 L.
730 3383 818 3447 Sulla
837 3383 1040 3471 compulsum
1060 3383 1143 3448 intra
1161 3385 1332 3453 Praenesti·

270 3503 389 3544 norunt
404 3482 520 3546 moenia
534 3483 674 3548 Marium
687 3483 924 3576 circumvallare
937 3502 1090 3574 eoeperat,
1107 3487 1180 3574 qnia
1195 3507 1333 3576 propter

269 3579 331 3642 loci
351 3596 499 3644 naturam
515 3583 690 3672 expugnari
704 3584 801 3647 armis
818 3585 988 3671 nequibat:
1006 3609 1079 3650 nam
1097 3609 1192 3674 snpra
1213 3591 1332 3656 urbem

270 3701 365 3745 nrons
390 3680 532 3744 excelsus
556 3682 590 3746 in
610 3683 813 3747 altitudinem
835 3686 970 3772 amplius
991 3709 1143 3774 passuum
1168 3688 1332 3757 ‹lucentu-

270 3803 343 3844 rum
360 3781 595 3870 quinquaginta
616 3785 853 3874 consurgebat,
876 3785 943 3850 baee
964 3810 1018 3850 arx
1041 3804 1108 3850 erat
1124 3787 1281 3874 civitatis,
1301 3813 1335 3858 et

301 3975 316 4040 s
330 3977 362 4023 V.
374 3976 595 4042 Plan—Appiae.
608 4006 641 4016 -
650 3983 723 4028 Oros.
736 4006 768 4016 -
784 3977 799 4042 S
813 3981 856 4028 Vl.
871 3984 952 4030 i'ront.
964 3983 989 4038 1,
999 3999 1022 4044 9.
1035 4010 1067 4021 —
1081 3983 1096 4050 S
1110 3985 1288 4054 Vlltdppirn.
1298 4018 1332 4027 -

266 4060 436 4118 scanlint,
449 4077 474 4125 p.
489 4062 548 4109 238.
1158 4085 1162 4094 ·
