2875 4900
228 378 287 448 IN·
310 377 426 445 LOC.
452 379 548 446 LIB.
576 379 749 449 XCVIII
777 379 994 447 LIVIANI.
1067 374 1136 461 345

89 501 186 564 urbem
200 521 288 564 suam
308 501 589 587 frequentaverat,
605 503 640 565 in
657 523 750 566 suam
767 521 918 589 quosque
936 498 1073 587 patriam
1085 497 1134 562 di·

91 602 173 683 misit,
182 601 295 666 Graecis
304 602 401 666 etiam
409 602 527 668 viatico
537 603 630 670 dato:
641 605 684 669 ita
695 603 887 684 cnjusurbis
896 603 1137 666 incrementum

90 703 241 767 multarum
261 703 396 766 aliarum
412 705 507 768 ruirm
524 705 649 789 fuerat,
666 705 813 786 ejusdem
829 704 980 768 interitus
997 703 1138 768 vicissim

89 803 144 866 illas
160 827 267 894 magna
289 827 328 868 ex
346 820 437 893 parte
459 808 626 877 recreavit.
643 809 773 872 Interea
790 829 901 896 reges,
919 828 1035 896 magna
1061 828 1139 869 cura

89 905 214 970 nationes
225 907 397 988 obeundo,
411 930 535 972 novum
545 910 725 975 exercitum
739 908 956 998 colligebant,
976 929 1139 972 summam

88 1027 195 1089 rerum,
207 1009 366 1096 permissu
375 1009 540 1098 Tigranis,
552 1011 586 1075 in
597 1033 631 1075 se
640 1010 819 1098 recipiente
833 1007 1039 1088 Mithridate,
1050 1005 1141 1094 quod

89 1108 179 1173 mimo
193 1133 229 1174 ac
244 1110 418 1200 prudentia
433 1129 603 1201 praestare,
620 1128 654 1177 et
670 1111 747 1176 belli
766 1125 881 1175 contra
898 1111 1064 1172 Romanos
1083 1113 1139 1196 ge·

88 1209 165 1274 rendi
180 1235 236 1299 per
252 1212 386 1276 adversa
404 1235 441 1278 ac
457 1237 614 1302 prospera
629 1213 766 1302 peritior
780 1211 973 1275 habebatur.

123 1311 199 1375 LIII.
211 1313 299 1378 Misit
312 1314 410 1381 etiam
420 1315 577 1405 Tigranes
589 1313 632 1379 ad
641 1315 830 1394 Phraatem,
846 1313 904 1400 qui
918 1314 1007 1376 Deus
1022 1331 1142 1399 cogno·

88 1411 211 1477 minatus
232 1437 338 1505 nuper
360 1416 522 1481 Sinatruci
543 1430 759 1481 successerat:
779 1435 850 1478 cum
870 1428 962 1502 patre
979 1411 1045 1501 ejus
1063 1433 1142 1500 quas

86 1517 208 1596 gessisset
220 1519 417 1597 ritimict'ttizs,
435 1519 531 1606 ipsius
543 1531 643 1583 morte
654 1519 829 1605 exspirasse
841 1540 852 1578 :
865 1515 1012 1578 adversus
1027 1535 1143 1577 novum

87 1633 172 1699 egem
181 1617 305 1704 integra
320 1619 380 1681 sibi
388 1621 518 1699 omnia,-
535 1642 660 1708 quoque
671 1621 772 1706 magis
775 1613 859 1703 fida
878 1619 959 1680 sister
974 1629 1142 1701 utrumque

88 1715 119 1775 sit
131 1719 262 1782 ams‘citia
268 1767 279 1799 ,
290 1733 322 1782 et
331 1719 478 1784 adversus
491 1742 669 1784 communes
683 1741 794 1806 regum
808 1717 909 1806 hostes
919 1716 1079 1780 Romanos
1092 1737 1143 1777 so·

87 1817 176 1897 cums,
182 1820 459 1908 Mesopotamiam,
466 1821 680 1901 etAdiabene,
689 1837 721 1886 et
730 1821 865 1906 regione,
873 1840 971 1905 quam
981 1813 1144 1880 Cortvalles

88 1915 211 2004 Magnas
224 1933 363 2002 vocant,
377 1921 495 1986 cedere.
511 1922 716 1987 Mithridates
734 1943 866 2008 quoque
882 1920 988 1982 literas
1003 1916 1144 2000 addidit,

88 2040 210 2103 quarum
229 2023 391 2087 sententia
410 2023 444 2086 in
460 2023 603 2087 Sallustii
619 2023 726 2112 Crispi
751 2021 940 2112 fragmentis
956 2021 1002 2084 ita
1019 2035 1068 2083 est
1088 2041 1144 2082 ex·

89 2140 199 2206 possm:

122 2223 196 2290 LIV.
210 2257 224 2282 ι
235 2227 379 2309 Omnes,
391 2228 449 2315 qui
460 2227 614 2293 secundis
623 2227 724 2292 rebus
734 2228 801 2292 suis
812 2226 854 2292 ad
864 2225 940 2290 belli
955 2225 1144 2290 societatem

88 2341 247 2411 «orantur,
262 2327 470 2392 considerare
494 2327 632 2410 debent,
652 2330 790 2394 liceatne
812 2345 883 2393 tum
900 2350 1013 2418 pacem
1031 2346 1145 2415 agere;

87 2423 188 2511 «dein,
203 2430 295 2518 quod
311 2429 477 2518 quaeritur,
489 2431 607 2495 satisne
620 2431 731 2519 pium,
748 2445 875 2511 tutum,
893 2429 1088 2519 gloriosum,
1103 2450 1145 2491 an
1168 2498 1171 2509 ¹
1204 2443 1206 2455 ·

87 2526 289 2597 ·indecorun1
306 2533 358 2597 sit.
371 2532 446 2597 Tibi
458 2533 485 2596 si
500 2548 658 2621 perpetua
673 2555 753 2620 pace
765 2532 832 2596 frui
846 2531 941 2611 licet;
957 2531 1019 2595 nisi
1035 2530 1145 2593 hostes

87 2636 292 2719 «opportuni,
306 2649 339 2698 et
353 2633 603 2715 sceleratissimi,
615 2633 743 2723 egregia
757 2633 858 2713 ferna,
870 2631 897 2695 si
911 2634 1077 2695 Romanos
1089 2652 1147 2719 op-

88 2737 266 2819 «presseris,
283 2737 396 2800 sutura
409 2751 476 2801 est:
494 2758 602 2822 neque
618 2750 729 2823 petere
742 2733 880 2797 audeam
893 2732 1097 2811 societatem3
1114 2746 1148 2793 et

87 2832 216 2900 «frustra
228 2838 316 2902 mala
330 2860 401 2901 mea
415 2860 491 2901 curn
502 2838 568 2900 tuis
580 2836 676 2900 bonis
690 2835 817 2899 misceri
830 2856 955 2922 sperem
969 2832 1078 2919 :atqui
1092 2854 1148 2913 ea,

87 2956 170 3022 «φη
191 2954 222 3003 te
239 2940 364 3005 morari
383 2961 479 3029 posse
502 2938 672 3020 videntur,
691 2937 792 3000 imin
814 2936 988 3026 Tigranem
1007 2933 1146 2999 recentis

89 3034 190 3120 ·belli,
206 3058 239 3105 et
251 3064 335 3105 meae
347 3063 399 3105 res
412 3062 528 3128 parum
543 3062 724 3128 prospcrae,
738 3040 766 3103 si
779 3060 854 3101 vera
867 3038 1025 3100 aestimare
1039 3034 1147 3117 voles,

88 3142 235 3207 «maxime
248 3142 484 3207 hortabuntur.
498 3142 557 3205 Ille
570 3142 659 3204 enim
672 3140 851 3219 obnoxius,
869 3138 998 3226 qualem
1010 3152 1048 3199 tu
1059 3135 1148 3199 voles

90 3242 283 3308 ·societatem
307 3243 462 3331 accipiet:
478 3243 559 3306 mihi
584 3243 734 3322 fortuna,
752 3240 862 3309 multis
888 3237 985 3301 rebus
1009 3236 1147 3325 ereptis,

88 3362 196 3409 «usum
213 3345 308 3411 dedit
323 3345 408 3409 bene
422 3344 600 3426 suadendi;
617 3360 671 3425 et,
689 3341 779 3431 quod
796 3339 988 3406 florentibus
1005 3338 1149 3427 optabile

89 3461 166 3526 «est,
179 3470 239 3535 ego
247 3470 318 3512 non
325 3445 677 3534 validissimuspraebeo
685 3446 881 3533 exemplum,
890 3466 957 3531 quo
965 3442 1084 3507 rectius
1094 3456 1150 3505 tua

89 3565 294 3635 ‹componass
310 3568 453 3635 namque
465 3549 624 3629 romanis,
637 3570 713 3611 cum
724 3546 927 3626 nationibus,
942 3544 1087 3633 populis,
1098 3566 1149 3607 re·

91 3646 195 3732 ¹gibus
213 3650 342 3714 cunctis
359 3672 425 3713 una
446 3665 479 3713 et
499 3672 536 3714 ea
553 3666 647 3714 vetus
666 3672 762 3713 causa
783 3648 925 3713 bellandi
944 3662 1011 3727 est,
1029 3644 1149 3734 cupido

89 3749 261 3832 «profimda
274 3750 403 3838 imperii
416 3768 449 3816 et
457 3750 660 3833 divitiarum,
677 3774 742 3839 qua
753 3750 898 3839 primum
910 3770 986 3813 cum
998 3770 1072 3838 rege
1082 3746 1152 3811 Ma·

118 3966 191 4031 §tu
199 3972 311 4038 Appiam.
320 4000 356 4009 -
364 3972 429 4021 Plut.
438 3998 474 4008 —
483 3972 565 4021 strab.
578 3972 623 4019 lib.
634 3974 687 4031 xl,
697 3989 724 4037 p.
736 3972 795 4019 532.
807 4000 842 4007 -
854 3972 983 4019 Memnon.
996 3996 1032 4006 —-
1047 3968 1106 4017 nio.
1116 3996 1151 4007 ·-

89 4046 103 4112 S
112 4050 174 4103 tm.
182 4054 296 4121 Phlegon
302 4072 342 4121 sp.
351 4055 424 4104 Pbot.
434 4056 580 4122 -Appiam
587 4056 686 4103 -Dio.
697 4080 732 4091 —-
742 4056 870 4102 Memnon.
879 4078 915 4089 -
922 4052 1019 4099 Sallust.
1030 4052 1151 4109 Hist.1V;

90 4149 111 4195 P·
119 4138 163 4190 4⁰5
173 4156 226 4204 sqq.
234 4140 302 4189 Edit.
312 4151 377 4188 nost.
389 4140 432 4189 ubi
441 4140 520 4188 varias
527 4138 647 4188 lectiones
657 4136 722 4186 vide.
733 4138 779 4185 En.
789 4163 824 4173 -
835 4135 914 4183 Strab.
928 4134 971 4182 lib.
983 4136 1034 4191 xl,
1049 4150 1075 4199 p.
1087 4133 1148 4181 ⁵³2.
