2875 4900
251 375 297 446 30
425 377 495 445 JO.
520 373 866 445 FREINSIIEMII
896 375 1147 444 SUPPLEM.

253 493 619 579 enumeraveram
642 493 810 558 sooiomm
825 494 948 559 virtute
970 494 1177 582 praestabant.
1196 495 1328 560 Pontici

254 599 489 664 maritimarum
503 617 615 661 rerum
630 593 749 678 rudes,
760 616 830 660 uon
843 595 953 661 minus
966 596 1053 688 inter
1066 619 1154 681 sese,
1174 619 1274 686 quam
1283 599 1327 664 ab

253 701 403 767 hostibus
421 698 659 764 turbabantur:
675 697 722 762 ita
739 696 873 786 quidem
890 695 1066 788 flagitiose,
1083 715 1122 763 ut
1136 699 1218 764 Chia
1235 701 1328 765 naris

252 905 409 986 bebatur,
426 901 526 983 illisa,
543 922 662 990 magno
673 898 762 966 illam
773 900 901 990 impetu
911 923 1105 967 concussam
1115 918 1244 967 tantum
1255 925 1326 967 non

253 1005 460 1095 deprimeret.
1179 1025 1183 1032 ·

298 1107 389 1172 XXI.
408 1104 535 1186 Animis
551 1119 659 1168 tamen
679 1104 854 1190 equabant
869 1105 1020 1188 bostem,
1039 1107 1130 1194 quod
1144 1108 1207 1174 sub
1220 1108 1327 1173 oculis

250 1206 449 1275 Mithridatis
467 1203 690 1296 pugnabatur,
708 1205 764 1269 cui
787 1203 888 1270 fidem
907 1229 1001 1270 suam
1019 1209 1244 1297 virmtcmque
1266 1231 1328 1297 ap·

254 1311 395 1402 probare
410 1307 598 1397 cupiebant.
615 1304 667 1371 Ad
684 1305 750 1370 hoo
765 1306 979 1372 multitudine
994 1311 1128 1374 narium
1141 1309 1329 1398 superiores

255 1411 458 1478 circumdare
473 1411 600 1491 hostes,
617 1425 650 1474 et
665 1409 705 1480 in.
717 1408 863 1474 medium
879 1427 1028 1500 acceptos
1044 1412 1193 1502 undique
1208 1435 1330 1503 urgere

255 1514 454 1582 nitebantur.
479 1509 544 1577 Sed
567 1510 602 1576 id
620 1512 804 1602 periculum
827 1511 949 1578 Rhodii
974 1513 1104 1600 eadem,
1128 1537 1196 1604 qua
1214 1516 1328 1604 prius,

256 1635 325 1684 arte
343 1613 760 1702 ritamn13trircmemque
779 1637 883 1680 unam
906 1637 983 1680 oum
1002 1616 1081 1704 ipsis
1099 1617 1178 1682 viris
1199 1633 1329 1704 ceptam

256 1721 403 1786 remulco
419 1717 602 1800 trabentes,
617 1716 730 1780 multis
744 1717 954 1782 armamentis
971 1733 1071 1805 atque
1085 1718 1199 1806 spoliis
1215 1719 1330 1783 onusti

256 1825 291 1887 in
317 1837 452 1910 portum
477 1817 656 1886 redierunt.
683 1820 729 1883 At
752 1834 946 1907 postquam,
974 1820 1143 1886 recensitis
1170 1818 1329 1902 naribus,

256 1925 369 1991 abesse
384 1921 657 2010 quinqueremem
670 1918 798 2002 videre,
815 1920 920 2010 ignari
939 1921 981 1986 ab
1003 1921 1155 1987 hostibus
1179 1937 1329 2010 captam,

255 2025 429 2116 quesitum
442 2044 515 2086 earn
525 2021 703 2101 velociores
715 2021 837 2086 caeteris
848 2045 945 2087 naves
958 2046 1013 2088 sex
1028 2023 1070 2089 de
1085 2025 1178 2089 omni
1187 2045 1330 2089 numero

255 2129 429 2216 longarum
445 2123 623 2188 emittunt:
643 2121 679 2184 in
693 2121 746 2186 his
764 2123 962 2213 Damagoras
977 2141 1065 2208 erat,
1081 2125 1190 2191 classis
1203 2125 1330 2191 rhodiae

257 2229 440 2319 prefectus.

299 2329 407 2394 XXII.
416 2326 566 2391 Vicissim
581 2346 690 2412 arege
706 2347 804 2390 naves
820 2327 968 2415 quinque
982 2345 1015 2392 et
1030 2328 1144 2418 viginti
1156 2346 1330 2392 occurrere

252 2432 426 2516 jubentur3
448 2450 528 2516 quas
551 2426 748 2516 Damagoras
766 2450 872 2515 quum
889 2428 932 2493 ad
949 2429 1026 2494 solis
1047 2452 1199 2495 occasum
1220 2452 1330 2518 usque

254 2534 402 2603 cedendo
413 2532 571 2613 elusisset,
582 2528 812 2595 recedentibus
821 2531 970 2597 invectus
980 2531 1062 2597 duas
1074 2531 1248 2621 depressit3
1265 2547 1330 2596 tot·

255 2636 343 2703 idem
364 2632 406 2699 ad
428 2634 633 2721 importuosa
652 2633 757 2721 Lyciae
772 2632 868 2697 litora
885 2634 1065 2723 compulit:
1083 2650 1135 2717 et,
1153 2634 1240 2698 inter
1258 2633 1330 2698 baec

255 2754 352 2811 nocte
368 2749 581 2822 consumpta,
602 2733 760 2823 postridie
775 2733 931 2799 Rhodum
949 2756 1097 2821 repersus
1116 2750 1175 2799 est.
1193 2734 1330 2799 Mithri·

255 2841 365 2923 dates,
388 2859 493 2927 quum
516 2852 608 2900 tanto
624 2835 832 2924 paucioribus
849 2858 909 2924 par
924 2858 995 2901 esse
1011 2858 1080 2901 non
1094 2836 1274 2925 potuisset,
1291 2836 1329 2901 in

255 2943 356 3008 Chios
372 2936 491 3007 effudit
506 2938 605 3021 iram,
622 2938 750 3025 totique
765 2938 887 3003 civitati
900 2939 1061 3020 minatus,
1074 2938 1330 3027 gubernatorem

256 3045 364 3123 navis,
376 3064 450 3130 qum
463 3041 498 3104 in
515 3060 607 3103 suam
623 3054 823 3122 accurrerat,
840 3062 917 3105 curu
929 3057 1060 3130 proreta
1070 3040 1231 3129 supplicio
1245 3042 1330 3105 affe·

256 3148 309 3210 cit.
326 3144 396 3209 Sub
414 3140 547 3207 eosdem
565 3140 654 3224 dies,
670 3161 775 3229 quum
790 3140 949 3231 pedestris
964 3142 1125 3206 exercitus
1147 3142 1232 3232 regis
1247 3163 1332 3205 one·

256 3248 347 3312 rariis
365 3261 399 3309 et
420 3242 610 3309 triremibus
627 3242 860 3325 adveheretur,
879 3242 1069 3332 repentinus
1087 3241 1188 3307 turbo
1201 3257 1329 3330 partem

256 3370 369 3417 earum
384 3346 517 3411 natium
531 3345 565 3409 in
580 3342 738 3410 rhodium
755 3344 833 3409 litus
848 3342 993 3431 impegit.

275 3504 278 3513 .
300 3449 425 3514 XXIII.
456 3444 594 3522 Rhodii,
617 3444 757 3534 impigre
778 3444 881 3507 evecti
903 3443 938 3505 iu
962 3441 1114 3507 afflictam
1136 3459 1331 3531 tempestate

256 3570 465 3639 sparsamque
474 3546 624 3627 classem,
636 3543 898 3633 navesqunsdam
908 3566 985 3607 cum
994 3544 1071 3609 viris
1080 3544 1329 3635 quadringentis

256 3645 572 3738 abripuerunt,alias
581 3646 759 3735 perforatas
767 3661 953 3709 merserunt
960 3645 1045 3729 alto,
1058 3661 1115 3711 aut
1123 3646 1243 3726 injecto
1252 3649 1331 3738 igne

255 3764 459 3817 exusserunt.
475 3747 612 3828 Nescio,
630 3746 692 3810 hac
713 3769 754 3811 an
776 3747 946 3835 superiore
969 3748 1077 3835 eliqua
1096 3749 1200 3813 navali
1218 3772 1331 3839 pugna

254 3869 368 3941 eaptus
386 3849 547 3915 Leouious
563 3847 682 3927 suerit,
700 3848 758 3935 qui
776 3869 811 3911 se
827 3849 1022 3913 acerrimum
1039 3851 1151 3915 salutis
1163 3851 1259 3941 regiae
1270 3852 1331 3916 de·

256 3956 420 4019 fensorem
434 3947 609 4037 aliquando
622 3948 830 4015 ostenderat:
844 3949 935 4013 huuc
946 3950 1046 4039 igitur
1056 3967 1094 4016 ut
1105 3970 1330 4040 recuperaret,

291 4146 307 4217 s
320 4148 380 4195 XX.
395 4142 498 4193 Diodor.
514 4140 580 4207 apud
589 4140 672 4203 Valet.
682 4169 716 4181 --
728 4141 837 4208 Appiam
849 4139 911 4206 -S
922 4142 1007 4190 nrt.
1014 4143 1070 4195 liv.
1080 4143 1148 4209 Epir.
1157 4170 1192 4182 -
1201 4143 1310 4209 Appias.
