2875 4900
227 325 283 393 IN
315 323 430 392 LOC.
459 324 552 391 LlB.
578 324 765 392 LXXXII
796 322 1019 394 tlvlsrtt.
1098 346 1164 419 ¹⁰7

93 442 301 509 incommoda
318 443 430 507 labore
448 442 651 509 emendanda
670 458 778 525 ratus,
794 445 897 520 fossas
912 444 947 507 in
961 459 1103 532 utroque
1119 446 1166 508 la-

94 563 157 610 tere
173 546 361 635 complures
381 546 525 611 instituit
546 544 680 629 ducere,
697 544 813 611 decem
832 546 868 609 in
884 544 1055 611 latitudine
1073 546 1167 635 pedi·

30 603 33 721 l
93 648 150 712 bus
172 663 343 739 patentes,
369 662 402 711 et
425 648 459 711 in
480 646 641 735 capitibus
658 668 770 710 earum
791 646 920 711 castella
939 646 1166 712 communivit.

92 748 266 837 Triplicem
287 746 407 813 deinde
426 746 574 836 peditum
595 748 698 813 eciem
720 748 813 830 lecit,
835 748 1012 812 intervallis
1027 748 1168 831 relictis,

93 872 147 939 per
158 872 235 937 quse
247 850 409 938 equitem,
427 872 525 938 quem
541 848 721 916 novissimo
737 849 811 915 loco
825 848 973 932 tenebat,
987 850 1046 915 ubi
1058 851 1166 915 visum

93 966 194 1033 esset,
218 951 402 1032 emitteret3
430 948 550 1016 deinde
575 950 796 1040 antesignanis
818 948 971 1015 secundae
994 950 1074 1017 aciei
1102 950 1168 1014 im·

93 1054 235 1141 peravit,
259 1070 296 1117 ut
319 1052 474 1118 robustos
500 1050 687 1139 densosque
712 1051 803 1140 palos
828 1048 965 1116 firmiter
985 1050 1022 1115 in
1047 1065 1167 1115 terram

93 1154 282 1245 defigerent.
780 1160 785 1169 ’

132 1256 244 1321 XXX.
265 1254 367 1339 Quod
383 1254 441 1320 ubi
461 1256 664 1337 factumest,
681 1269 714 1319 et
729 1254 771 1319 ab
787 1254 953 1345 regiorum
969 1254 1038 1318 acie
1053 1254 1166 1318 conci·

94 1358 148 1421 tati
166 1380 287 1423 currus
303 1358 534 1447 provolarunt,
551 1358 637 1421 intra
654 1345 806 1445 palorum
822 1370 912 1443 septa
930 1355 1053 1445 recepit
1068 1376 1167 1435 suos,

93 1458 268 1546 statimque
285 1458 414 1523 sublato
431 1458 589 1541 clamore,
606 1456 718 1526 velites
735 1473 769 1522 et
784 1456 888 1522 levem
904 1472 1099 1521 armaturam
1113 1457 1166 1519 in·

92 1580 204 1647 gerere
217 1558 280 1623 tela
288 1558 392 1639 jussit.
405 1559 508 1624 Erant
519 1556 562 1624 ad
573 1574 732 1624 terrorem
746 1574 930 1647 comparata
942 1558 1071 1640 omnia;
1084 1557 1167 1621 nihil

94 1662 248 1725 usitatum
264 1675 440 1742 notumve,
461 1659 519 1725 sed
538 1660 573 1724 in
592 1660 708 1725 mediis
723 1658 845 1748 campis
860 1658 951 1723 velut
965 1658 1076 1725 subito
1091 1681 1168 1723 ena·

94 1776 162 1824 tum
181 1761 321 1843 vallum,
344 1782 500 1827 conversa
519 1762 554 1826 in
578 1761 672 1825 aliam
696 1760 836 1825 formam
858 1761 960 1842 acies,
983 1760 1112 1827 insolita
1133 1776 1168 1837 et

93 1864 260 1952 inopinata
273 1879 417 1929 monstra
429 1863 656 1931 occurrebant.
667 1862 747 1927 Pars
763 1860 995 1952 quadrigarum
1011 1861 1166 1950 implicita

92 1966 170 2053 palis
182 1964 296 2048 haesit3
310 1964 378 2029 aliae
394 1964 559 2030 conversis
571 1964 709 2030 habenis
726 1964 762 2028 in
777 1986 856 2029 suos
869 1978 1074 2028 recurrentes
1086 1963 1167 2051 pha·
1282 1986 1289 2001 ·

92 2066 221 2155 langem
241 2064 450 2154 dissiparunt
470 2068 599 2131 Interea
615 2088 738 2155 quum,
760 2065 926 2153 equitibus
944 2064 1094 2129 Archelai
1112 2064 1166 2127 in·

93 2167 342 2251 cumbentibus‚
362 2168 420 2257 qui
433 2165 474 2232 ad
490 2190 590 2257 opera
606 2183 698 2231 erant
713 2167 832 2237 milites
848 2168 1076 2247 turbarentur,
1097 2188 1167 2231 me·

92 2286 214 2359 susque
224 2269 267 2335 ad
277 2270 381 2335 aciem
391 2270 487 2334 ctiam
499 2269 595 2341 Sullae
607 2268 825 2357 pervenisset,
837 2268 891 2332 ille
900 2290 939 2331 ex
949 2289 1035 2355 equo
1045 2266 1166 2349 desilit,

92 2384 313 2460 correptoque
330 2371 425 2461 signo
443 2370 474 2434 in
499 2370 622 2460 primos
639 2368 774 2435 ordines
791 2390 1009 2462 procurrens,
1027 2399 1041 2425 ι
1052 2367 1166 2452 Quum

13 2507 14 2510 =
92 2469 257 2554 «deinde,
289 2472 417 2561 inquit,
443 2471 747 2563 interrogabimini,
773 2471 831 2535 ubi
857 2472 1087 2561 imperatorem
1107 2495 1166 2538 ve·

92 2589 220 2638 -strum
250 2572 475 2655 deserueritis,
506 2587 705 2640 mementote
734 2572 862 2656 dicere,
894 2589 1096 2664 pugnantem
1123 2572 1166 2638 ad
1285 2575 1294 2603 ‘

92 2673 366 2740 «Orchomenum
378 2705 401 2738 ι.

132 2776 261 2840 XXXI.
276 2776 354 2840 llaec
366 2775 422 2840 illo
436 2776 612 2860 clamante,
629 2777 755 2842 tribuni
768 2777 1044 2865 centurionesque
1056 2798 1167 2842 accur·

92 2893 220 2958 rerunt,
232 2877 352 2940 milites
366 2899 500 2966 quoque
512 2877 606 2943 multi
616 2878 750 2967 sequuti
760 2893 853 2959 sunt,
865 2893 925 2943 eta
934 2876 1050 2941 dextro
1061 2898 1167 2940 cornu
1181 2887 1189 2901 ·

91 2977 227 3069 integrae
243 2977 394 3044 cohortes
411 2977 484 3042 dure
500 2977 677 3050 affuerunt.
694 2981 744 3044 lta
762 2974 1084 3068 repulsis'hostibus,
1099 2973 1167 3042 col·

92 3079 240 3144 laudatos
254 3079 371 3144 milites
386 3079 533 3163 reduxit3
547 3080 729 3170 cibumque
738 3102 869 3171 capere,
882 3097 916 3144 et
930 3079 1060 3144 reiectis
1073 3101 1168 3168 pran-

92 3178 145 3245 dio
160 3180 308 3264 viribus,
322 3178 363 3246 ad
377 3203 461 3269 opus
476 3181 592 3248 reverti
600 3181 707 3262 jussit.
721 3183 808 3246 'l'um
817 3203 896 3246 vero
909 3181 1031 3246 iterum
1046 3180 1165 3246 invecti

91 3297 169 3344 sunt
182 3280 332 3346 hostiurn
343 3281 487 3369 equites,
505 3305 572 3346 non
590 3281 828 3371 incomposito,
842 3297 881 3346 ut
894 3297 1006 3365 antea,
1024 3282 1166 3371 impetu,

90 3379 147 3444 sed
158 3381 294 3446 servatis
307 3380 491 3448 ordinibus.
505 3383 564 3448 His
578 3405 752 3449 romanum
765 3383 948 3471 equitatum
962 3383 1050 3448 Sulla
1065 3405 1168 3473 oppo-

91 3483 171 3564 suit,
190 3483 261 3571 ipse
276 3503 417 3570 presens
432 3483 597 3566 hortator,
614 3501 647 3550 et
662 3501 731 3550 tota
747 3483 830 3568 acie,
849 3484 908 3549 ubi
927 3485 1066 3550 maxime
1082 3507 1166 3574 opus

92 3600 176 3666 erat,
191 3607 227 3649 se
240 3583 404 3666 offerens;
418 3583 525 3650 donec
541 3587 670 3676 egregia
683 3587 805 3652 iterum
816 3587 952 3652 victorm
965 3587 1106 3675 potitus,
1123 3585 1166 3650 ad

93 3683 281 3768 quindecim
299 3685 444 3752 hostium
461 3687 578 3767 millia,
597 3688 753 3770 majorem
775 3703 899 3776 partem
921 3689 1065 3776 equites,
1079 3703 1113 3752 et
1130 3687 1165 3749 in

93 3781 142 3848 his
158 3786 342 3876 Diogenem
358 3787 507 3853 Archelai
525 3789 734 3880 privignum,
753 3788 881 3855 cecidit.

129 4005 145 4070 S
158 4009 257 4058 mx.
270 4009 392 4059 Plutarch.
402 4035 438 4047 ·-
446 4009 557 4075 Appius.
567 4035 604 4048 ·-
613 4013 696 4062 Front.
709 4011 771 4076 -s
782 4010 867 4058 XXX.
879 4007 1003 4057 Plutarch.
1012 4031 1048 4042 -·
1055 4005 1164 4071 Appium

100 4091 282 4152 -trcnr.11‚
299 4095 312 4143 3
328 4105 352 4143 ct
368 4095 392 4143 8.
406 4119 441 4132 ·-
453 4095 581 4155 otocvt,
596 4111 621 4144 a.
