2875 4900
271 388 325 458 m
356 344 470 458 noc.
497 388 592 457 nm.
622 390 685 459 cv
718 391 933 463 ervum.
981 447 983 450 .
1069 395 1137 493 577

73 514 182 594 visset,
207 527 245 575 nt
266 511 301 575 in
322 511 424 577 Gallia
448 511 705 599 relinqueretur,
729 512 833 577 invito
856 516 980 581 cesare
1000 517 1138 585 domum

74 615 163 701 coepit
177 611 355 679 discedere.
399 696 405 703 .
514 608 519 618 '
722 667 726 673 .

113 714 209 779 LXV.
229 716 353 796 Caesar,
371 728 500 779 motum
520 713 696 779 Galliarum
717 713 855 800 verims,
876 722 1065 808 postpositis
1084 746 1138 788 re·

73 816 130 879 bus
150 814 323 897 omnibus,
340 814 456 898 mittit,
476 816 534 905 qui
552 815 792 905 Dumnorigem
815 820 982 885 retrabant
1002 845 1010 887 :
1028 824 1071 887 ab
1086 824 1139 889 bis

73 938 253 1007 repugnans
269 914 483 1000 interficitur3
500 914 603 981 AEdui
627 917 754 1005 equites
778 916 819 981 ad
842 919 1002 987 Caesarem
1025 948 1141 990 omnes

74 1032 300 1083 revertuntur:
313 1017 436 1082 caeteris
444 1018 510 1082 hoc
522 1016 564 1081 ad
576 1016 712 1107 parendi
724 1018 945 1085 necessitatem
956 1026 1159 1114 exemplum·

75 1134 128 1183 est.
149 1120 256 1208 Igitur
274 1118 458 1207 legionibus
476 1118 639 1207 quinque,
662 1118 794 1184 duobus
813 1120 962 1208 equitum
983 1103 1160 1213 gallorum.

34 1252 36 1257 v
74 1220 213 1285 millibus
227 1219 421 1308 assumptis,
438 1219 556 1285 eodem
571 1220 741 1301 loco„ubi
761 1243 868 1310 nuper
882 1224 1068 1312 appulerat,
1085 1249 1145 1315 per

74 1346 237 1387 summum
260 1322 365 1389 otium
388 1321 523 1412 exponit
544 1315 640 1402 suos,
665 1321 758 1410 quod
777 1323 987 1390 multitudine
1011 1328 1143 1393 navium
1167 1344 1171 1351 “
1221 1317 1235 1324 ”

74 1423 216 1487 Britanni
233 1423 396 1512 perterriti
413 1414 508 1511 (naui
526 1422 569 1487 ad
588 1423 675 1487 mille
696 1423 822 1513 navigia
838 1424 1014 1515 babebat),
1030 1430 1145 1517 probi-

74 1525 146 1590 bere
161 1525 406 1591 exscensionem
422 1546 489 1589 non
504 1522 679 1589 audebant.
693 1525 816 1606 Caesar,
830 1527 964 1616 cognito
978 1550 1038 1616 per
1050 1532 1146 1619 capti·
1203 1598 1209 1605 ,

73 1648 145 1708 ros,
163 1648 231 1714 quo
254 1648 288 1691 se
310 1626 483 1713 recepisset
503 1624 624 1707 hostis,
642 1647 830 1714 quanquam
851 1627 985 1692 munitis
1005 1630 1087 1695 locis
1110 1656 1145 1697 se

74 1740 255 1808 tenentem,
268 1724 466 1816 profligavit,
480 1714 659 1815 fugientem
674 1742 810 1815 propter
824 1728 975 1793 locorum
989 1731 1144 1820 ignoran-

74 1826 148 1892 tiam
168 1828 299 1917 insequi
315 1824 508 1915 supersedit.
1203 1886 1210 1896 ,

115 1928 231 1995 LXVI.
256 1916 418 1993 Postridie
443 1928 603 2016 tripartito
623 1930 752 2017 agmine
774 1930 942 2016 profectus
960 1932 996 1995 in
1015 1934 1147 2021 expedi-

73 2030 218 2112 tionem,
248 2052 345 2094 naves
371 2052 444 2093 suas
476 2053 513 2093 ea
540 2044 636 2093 nocte
662 2032 907 2118 tempestatibus
937 2020 1155 2099 vehementer
1222 2104 1228 2119 Ι

73 2130 207 2195 afflictas
224 2152 294 2194 esse
313 2130 489 2219 cognoscit.
513 2132 586 2193 Hoc
612 2132 730 2196 nuntio
748 2149 918 2197 revocatus
935 2133 977 2199 ad
993 2136 1145 2217 classem,

72 2232 105 2295 in
121 2230 306 2297 reficiendis
323 2229 612 2317 subducendisque
629 2232 783 2313 navibus,
802 2235 980 2323 castrisque
993 2235 1039 2299 sic
1054 2258 1145 2311 com·

73 2333 278 2415 muniendis,
293 2348 332 2397 ut
343 2332 456 2397 eadem
467 2332 651 2396 munitione
669 2354 766 2396 naves
782 2355 915 2422 quoque
932 2334 1146 2403 defenderen-

72 2453 141 2520 tur,
165 2436 281 2502 decem
302 2436 405 2500 l'erme
425 2433 494 2498 dies
512 2434 725 2521 consumpsit.
750 2436 878 2499 lnterea
901 2436 1057 2525 temporis
1076 2440 1147 2502 Bri·

73 2540 181 2622 tanni,
198 2539 293 2604 sociis
309 2537 429 2626 passim
442 2533 599 2614 evocatis,
612 2534 749 2614 majores
767 2551 1000 2601 contraxerunt
1018 2539 1146 2628 copias,

71 2663 275 2730 summaeque
289 2661 400 2704 rerum
417 2635 692 2703 Cassivellaunum
705 2636 939 2724 praelecerunt;
955 2641 1048 2718 cujus
1061 2643 1147 2705 inter

71 2745 206 2834 regulos
225 2740 387 2830 precipua
408 2740 510 2803 virtus
531 2761 568 2802 ao
587 2738 733 2825 potentia
758 2753 835 2802 erat.
859 2741 942 2802 Cum
964 2741 1016 2804 his
1034 2742 1147 2806 crebra

71 2847 181 2931 praelia
194 2844 293 2926 facta,
310 2841 403 2906 nullo
416 2840 457 2904 ad
467 2861 628 2905 summam
642 2838 718 2902 belli
732 2839 883 2927 profectu
894 2864 903 2904 ε
914 2840 1145 2906 Britannorum

72 2961 183 3012 nmen
200 2945 379 3025 exercitus,
397 2941 625 3007 revocantibus
643 2939 759 3004 auxilia
782 2963 841 3005 sua
861 2940 1061 3024 civitatibus,
1080 2942 1147 3008 dis·

70 3051 203 3135 paruit3
220 3044 498 3136 quaerendumque
510 3041 625 3107 Coesari
640 3040 763 3105 bellum
780 3041 852 3105 finit.

113 3147 254 3214 LXVII.
277 3145 404 3212 Idcirco
426 3141 467 3208 ad
493 3141 615 3208 llumen
639 3142 811 3224 Tamesin,
836 3143 896 3206 ubi
915 3142 1148 3208 Cassivellauni

70 3249 152 3317 lines
165 3264 263 3315 erant
273 3297 281 3330 ,
293 3247 452 3314 exercitus
463 3244 583 3310 ductus
597 3259 655 3308 est.
667 3244 772 3308 Trans
785 3265 915 3307 amnem
927 3241 1073 3307 hostiurn
1085 3268 1151 3311 ma·

69 3375 143 3442 gnae
163 3351 271 3440 copiae
284 3348 516 3427 consederant,
531 3347 656 3410 munita
669 3346 838 3433 praeacutis
856 3344 993 3410 sudibus
1008 3346 1098 3435 ripa,
1116 3365 1150 3412 et

69 3453 139 3518 aliis
158 3455 198 3517 in
215 3452 286 3540 ipso
302 3451 393 3514 alveo
405 3450 450 3513 ita
468 3445 600 3528 defixis,
616 3463 654 3509 ut
667 3469 752 3535 aqua
766 3463 964 3542 tegerentur.
982 3447 1066 3531 Sed,
1079 3472 1151 3538 per·

68 3555 179 3646 ruptis
203 3552 408 3618 obstantibus
424 3549 596 3630 omnibus,
614 3547 716 3612 virtus
737 3571 871 3612 romana
883 3547 1036 3638 patefecit
1048 3547 1150 3629 viam,

69 3673 165 3722 tanto
181 3654 300 3720 ardore
318 3653 476 3733 militum,
493 3667 531 3715 ut
547 3651 622 3715 licet
637 3649 713 3714 solis
730 3650 890 3738 capitibus
904 3668 1086 3734 exstarent,
1102 3667 1151 3714 ta-

69 3782 148 3824 men
175 3779 240 3822 nec
261 3753 415 3836 flumine,
438 3773 499 3821 nec
522 3751 679 3832 sudibus,
701 3773 762 3815 nec
782 3751 854 3816 telis
872 3752 1017 3818 hostium
1040 3752 1152 3818 terreri

68 3877 129 3924 aut
148 3855 310 3923 retardari
328 3871 472 3944 possent.
495 3855 612 3918 Fertur
629 3869 662 3918 et
682 3853 759 3935 alia,
779 3876 840 3918 nec
864 3854 1004 3919 absurda
1025 3855 1152 3936 fabula,

67 3962 248 4050 perculsos
270 3958 424 4047 adspectu
448 3955 611 4044 elephanti
634 3955 825 4036 Britannos,
847 3977 1017 4044 equosque
1039 3977 1156 4018 eorum

67 4063 221 4152 fugisse3
240 4058 330 4148 quod
348 4059 489 4123 belluam
505 4079 604 4122 unam
621 4079 732 4121 secum
750 4057 1016 4144 transportaverit
1033 4058 1154 4138 Caesar,

207 4177 248 4242 X·
914 4165 958 4262 s,
1054 4255 1057 4259 .
