2875 4900
309 428 378 507 ΜΔ
484 428 552 493 10.
578 425 916 495 FREINSHEMll
945 424 1191 495 SUPPLEM.

307 547 396 610 tione
411 560 505 635 rupta
515 546 656 627 vomica,
672 568 821 633 magnam
833 546 898 609 vim
915 544 1032 611 effudit
1045 546 1225 635 sanguinis,
1240 566 1291 626 ne,
1304 545 1361 633 qui

307 662 373 709 tatu
386 646 608 736 sanguinarius
620 646 655 708 in
668 646 732 710 vita
746 645 874 727 fuisset,
888 648 1058 711 incruenta
1070 647 1110 711 sd
1126 648 1244 711 inferos
1257 662 1363 709 morte

307 746 526 812 descenderet.
546 748 595 811 lta
612 744 736 811 viribus
757 746 909 828 defectis,
928 764 1057 813 noctem
1078 770 1148 811 eam
1170 748 1256 812 inter
1272 768 1363 809 snm·

308 870 380 913 mos
394 848 553 913 cruciatus
566 870 670 935 quum
687 847 859 937 exegisset,
880 848 1040 912 infelicem
1052 848 1201 937 spiritum
1211 846 1362 912 reddidit.

351 950 391 1013 V.
414 950 504 1013 Mors
525 948 620 1012 sulla
641 950 812 1013 confestim
836 948 1008 1012 consulum
1023 948 1088 1029 jam
1110 964 1184 1012 ante
1202 970 1268 1013 non
1289 948 1364 1011 satis

308 1050 520 1115 concordium
538 1049 762 1113 contentiones
782 1048 938 1113 excitavit.
956 1049 1109 1131 Senatus,
1126 1048 1287 1112 referente
1303 1048 1364 1110 Ca·

309 1153 398 1235 tulo,
414 1152 574 1215 honorem
597 1148 755 1212 eihaben‘
775 1148 918 1231 volebat,
936 1162 974 1213 ut
992 1152 1027 1211 in
1047 1170 1162 1237 campo
1179 1148 1298 1213 Martio
1316 1170 1365 1211 se·

307 1254 479 1343 peliretur;
495 1249 635 1338 lapidus
653 1249 811 1337 multique
823 1272 899 1313 cum
914 1272 954 1314 eo
971 1248 1024 1313 alii
1035 1250 1198 1339 praefracte
1209 1270 1367 1338 repugna·

307 1354 397 1419 bant.
407 1351 459 1416 lbi
469 1372 623 1440 generose
632 1350 741 1415 animo
752 1370 812 1414 suo
827 1350 1001 1439 Pompeius
1015 1350 1200 1439 imperavit,
1216 1366 1248 1414 et
1259 1370 1364 1437 quan·

310 1476 408 1542 quam
424 1452 520 1516 Sullae
535 1466 745 1532 testamento,
759 1472 861 1538 quum
877 1450 930 1514 ille
942 1450 1043 1541 legata
1059 1452 1272 1539 relinqueret,
1291 1450 1368 1514 libe·

308 1557 418 1643 risque
429 1568 553 1617 tutores
565 1551 673 1633 daret,
690 1567 774 1616 esset
788 1552 983 1640 praeteritus,
995 1552 1111 1649 partim
1124 1554 1220 1641 gratia
1229 1600 1238 1633 ,
1248 1552 1366 1640 partim

309 1653 626 1745 precibus,inte1im
646 1668 679 1717 et
699 1653 794 1717 minis
814 1651 979 1717 submovit
996 1654 1179 1734 obstantes,
1202 1653 1368 1740 funusque

309 1757 447 1821 Romam
465 1770 701 1844 prosequutus,
718 1754 877 1841 exsequiis
892 1754 1095 1819 securitatem
1113 1753 1276 1841 decusque
1288 1776 1369 1842 pras·

310 1856 403 1921 stitit.
421 1854 512 1921 Ordo
532 1878 660 1944 pompae
681 1854 737 1918 hic
756 1854 834 1918 fuit:
857 1876 956 1918 aureo
979 1855 1063 1919 lecto
1085 1876 1201 1943 corpus
1221 1852 1369 1917 defuncti

311 1979 369 2046 per
392 1956 515 2021 ltaliam
533 1957 567 2019 in
589 1955 712 2019 Urbem
732 1956 821 2043 regio
837 1978 970 2045 prorsus
987 1956 1072 2019 fastu
1088 1954 1273 2019 ferebatur:
1291 1954 1369 2018 tibi-

312 2056 424 2122 cinum
441 2072 586 2135 caterva,
607 2056 799 2143 equitesque
810 2070 843 2118 et
854 2055 957 2145 gravis
969 2072 1128 2121 armatura
1144 2054 1371 2142 frequentibus

311 2155 481 2221 ordinibus
499 2154 713 2243 sequebatur;
736 2154 919 2243 pariterque
938 2156 971 2219 in
990 2156 1103 2219 itinere
1119 2156 1175 2244 qni
1190 2156 1286 2244 legati
1302 2158 1371 2237 ejus

311 2256 353 2321 ad
370 2253 544 2319 exercitum
561 2253 706 2338 fuerant,
730 2256 917 2321 cummunis
935 2273 1154 2337 accurrentes,
1177 2274 1213 2321 ut
1231 2258 1372 2345 quisque

313 2356 504 2436 advenerat,
519 2354 629 2417 locum
653 2378 750 2419 suum
772 2356 934 2445 capiebat:
950 2356 1010 2423 alia
1027 2379 1158 2445 quoque
1173 2356 1372 2437 multitudo,

313 2472 434 2544 quanta
445 2456 499 2519 vix
513 2477 658 2543 unquam
668 2456 740 2520 'tdla
755 2455 797 2522 de
812 2479 922 2541 causa,
940 2457 1088 2547 undique
1104 2455 1299 2522 confluebat.

359 2556 415 2620 Vl.
438 2555 580 2644 lnsignia
595 2558 798 2648 magistratus
816 2575 848 2624 et
863 2581 1009 2641 secures,
1025 2575 1063 2624 ut
1077 2573 1184 2648 nuper
1198 2557 1370 2640 dictatori,

315 2653 583 2746 praeferebantur:
597 2656 662 2720 hoc
677 2657 792 2723 ordine
807 2661 841 2723 in
856 2659 977 2724 Urbem
992 2660 1149 2750 perlatum
1166 2657 1303 2726 cadaver
1313 2677 1374 2724 est.

315 2757 379 2822 Sed
390 2779 493 2846 quum
502 2755 544 2820 ad
556 2779 671 2846 rogum
684 2760 864 2843 efferretur,
882 2762 978 2850 longe
989 2761 1090 2840 major
1099 2755 1258 2850 longeque
1271 2761 1376 2850 splen·

315 2859 422 2924 didior
430 2872 600 2946 apparatus
610 2859 689 2941 fuit,
698 2881 892 2948 coronaeque
903 2883 1022 2944 aureae,
1032 2859 1118 2925 dona
1129 2861 1314 2943 civitatum,
1330 2861 1376 2925 le·

314 2961 508 3051 gionumve,
523 2974 580 3023 aut
596 2961 794 3042 amicorum,
811 2963 982 3050 plusquam
997 2960 1065 3027 duo
1078 2962 1175 3026 millia
1189 2963 1377 3050 spectaban-

314 3078 380 3126 tur.
396 3062 540 3150 Corpus,
556 3082 625 3148 quo
641 3081 806 3124 semorum
825 3061 934 3125 honor
952 3061 1214 3126 concurrentium
1230 3061 1375 3126 militum

314 3162 476 3227 licentiam
491 3162 649 3244 frenaret,
672 3162 779 3225 omnia
803 3161 1004 3227 sacerdotum
1020 3163 1151 3250 collegia
1164 3163 1376 3250 Vestalesque

315 3262 472 3326 comitatae
490 3277 585 3342 sunt3
601 3277 671 3324 tum
693 3277 823 3325 senatus
841 3263 1028 3344 universus,
1046 3278 1171 3327 etcum
1190 3262 1378 3352 insignibus

314 3362 381 3426 suis
393 3362 609 3448 magistratus.
624 3361 703 3425 Mox
712 3363 861 3448 equitum
873 3377 1082 3442 romanorum
1099 3382 1233 3452 agmen,
1250 3379 1285 3427 et
1299 3385 1378 3428 om·

315 3461 384 3541 nis,
397 3459 454 3546 qui
467 3459 529 3522 sub
544 3481 584 3523 eo
603 3475 779 3540 meruerat,
795 3463 951 3527 exercitus
966 3463 1104 3552 (singuli
1119 3462 1223 3545 enun,
1237 3479 1275 3526 ut
1292 3487 1379 3551 prm·

315 3573 367 3622 sto
379 3557 507 3639 forent,
520 3560 791 3648 properaverant)
806 3583 880 3626 cum
894 3564 1012 3627 auratis
1028 3564 1147 3654 signis,
1162 3580 1194 3629 et
1211 3564 1310 3628 armis
1325 3589 1379 3630 ar·

316 3656 470 3748 gentatis,
484 3678 552 3744 quo
565 3675 682 3721 ornatu
697 3681 766 3724 esse
777 3659 928 3750 deinceps
937 3662 1033 3728 ctiam
1048 3664 1080 3728 in
1095 3665 1222 3754 pompis
1238 3687 1381 3732 consue·

316 3773 443 3822 verunt.

358 3857 430 3922 Vll.
454 3859 544 3922 Inter
565 3858 625 3922 hos
648 3862 742 3926 variis
767 3863 843 3928 locis
866 3888 1002 3955 magnus
1026 3867 1207 3931 tubicinum
1231 3867 1378 3932 insertus

316 3980 490 4040 numerus,
512 3959 650 4049 lugubre
666 3963 822 4051 quiddam
838 3967 1038 4034 concinebat.
1056 3969 1159 4032 Voces
1178 3967 1296 4032 deinde
1316 3971 1379 4034 ho·

349 4139 410 4207 SV.
421 4139 528 4206 Appiam
541 4167 576 4180 ι·-
587 4144 638 4190 liv.
651 4143 716 4207 Epis.
729 4171 764 4182 -
776 4145 841 4194 Flet.
855 4146 882 4192 in
891 4143 979 4210 l’onp.
993 4163 1018 4194 c.
1030 4145 1076 4206 25,
1089 4145 1148 4195 rtlu
1162 4144 1281 4212 Lunrllo,
1292 4161 1319 4195 e.
1332 4149 1362 4194 6.
