2875 4900
297 410 368 491 410
401 410 468 477 JO.
491 406 724 477 FRElNSll.
747 412 882 479 SUPP.
904 412 957 480 IN
981 411 1097 480 LOC.
1119 355 1211 479 [illl.
1232 413 1286 480 Cl.

295 529 413 591 famam
425 528 555 592 virtutis
570 545 602 592 et
619 531 791 617 potentiae,
808 546 841 595 et
857 532 942 595 vires
960 547 1033 595 tum
1049 554 1183 619 quoque
1198 555 1260 596 non
1274 553 1342 594 oon·

294 630 503 711 temnendae,
517 630 721 721 hospitaliter
733 648 887 720 exceptus
900 632 1143 722 deductusque,
1154 633 1286 721 acceptis
1297 632 1344 695 da·

294 733 400 818 risque
417 731 629 814 muneribus,
644 734 831 803 societatem
848 735 926 798 belli
942 758 1020 799 cum
1037 735 1077 799 iis
1099 737 1236 825 pepigit,
1258 736 1344 798 multa

293 848 326 897 ct
341 833 484 923 ingentia
503 834 613 896 animo
626 834 801 899 volutans:
817 852 850 900 et
868 859 936 923 quo
956 836 1083 900 firmior
1100 854 1185 902 esset
1203 836 1343 914 amicitia,

292 934 372 1001 filias
387 936 547 1024 (habebat
565 936 653 1000 enim
670 938 789 1001 multas
810 960 849 1002 ex
865 938 1001 1003 diversis
1018 920 1209 1003 mulieribus
1218 952 1344 1027 ,·poten

292 1038 421 1102 tissimis
438 1060 551 1102 eorum
571 1037 756 1155 despondit.
770 1040 847 1105 Hac
862 1062 966 1128 quum
980 1039 1065 1104 filius
1077 1039 1272 1105 Mithridatis
1285 1040 1345 1103 Ma·

292 1140 423 1219 chares,
447 1139 599 1226 quitum
623 1138 657 1202 in
682 1142 830 1228 bosporo
848 1142 1023 1231 regnabat,
1047 1141 1269 1229 cognovisset,
1291 1156 1345 1203 tam

291 1238 379 1302 brevi
397 1254 542 1327 tempore
558 1255 608 1302 tot
626 1238 802 1305 indomitas
820 1258 951 1331 gentes,
972 1259 1007 1307 et
1025 1243 1184 1307 celebrata
1201 1241 1345 1307 sermoni·

291 1338 353 1403 bus
374 1338 512 1426 Scythiae
534 1340 670 1405 claustra
690 1359 862 1431 perrupta,
887 1365 1014 1431 suoque
1035 1344 1101 1423 jam
1124 1366 1228 1432 regno
1249 1341 1345 1431 proxi·

291 1460 382 1503 mum
399 1456 523 1527 patrem
544 1462 632 1522 esse,
652 1442 743 1507 misit
759 1443 800 1508 ad
814 1466 891 1509 eum
905 1445 1046 1533 legatos,
1065 1444 1287 1507 necessitatem
1300 1464 1347 1505 er·

291 1564 423 1624 cusano,
438 1564 510 1631 quoe
524 1544 633 1606 omnia
649 1543 720 1606 alia
736 1546 910 1633 cupientem
926 1566 1076 1608 romanas
1091 1547 1182 1633 sequi
1188 1542 1347 1632 panesod

289 1647 416 1731 egissem
443 1646 512 1733 ipse
542 1646 643 1733 patris
666 1662 899 1735 conspectum,
925 1645 1161 1734 implacabilem
1184 1646 1254 1742 ejus
1278 1645 1347 1708 iram

291 1746 414 1827 sciens,
432 1746 562 1811 vitabat.

333 1848 435 1911 XLII.
455 1848 598 1935 Quoque
618 1849 721 1913 tutior
735 1849 777 1913 ab
793 1849 879 1914 illius
894 1848 973 1913 odio
986 1851 1087 1931 foret,
1104 1849 1271 1938 plerisque
1280 1871 1348 1913 con·

289 1950 452 2031 crematis,
467 1966 505 2013 ut
519 1949 678 2038 sequendi
692 1951 878 2015 facultatem
892 1948 1066 2032 adimeret,
1080 1973 1156 2014 cum
1170 1951 1293 2015 caeteris
1305 1971 1348 2010 m·

288 2051 382 2115 vibus
396 2052 429 2115 in
444 2050 709 2115 Chersonnesum
722 2052 893 2116 concessit.
905 2053 947 2115 At
957 2052 1161 2117 Mithridates
1175 2052 1247 2116 aliis
1257 2072 1349 2140 reper-

289 2154 348 2235 tis,
363 2152 450 2217 misit
460 2170 581 2235 certos‚
596 2154 671 2241 qui,
681 2153 841 2241 promissa
853 2152 1047 2241 impunitate
1060 2152 1283 2241 praemiisque,
1293 2151 1349 2215 Mt·

288 2253 393 2317 charis
410 2254 531 2317 amicos
552 2252 594 2318 ad
615 2252 798 2317 tollendum
818 2253 937 2317 berum
957 2253 1138 2317 incitarent.
1157 2253 1289 2335 Quibus
1304 2252 1349 2315 ille

288 2354 385 2417 rebus
399 2354 555 2443 cognitis,
573 2353 806 2443 desperataque
821 2356 943 2436 salute,
962 2354 1025 2419 sibi
1042 2354 1112 2443 ipse
1129 2354 1289 2420 conscivit
1304 2375 1349 2415 ne·

289 2477 370 2518 cem.
389 2455 593 2520 Mithridates
613 2457 794 2522 amictuum
809 2480 882 2539 eos,
901 2481 985 2545 quos
1004 2457 1073 2545 ipse
1086 2456 1259 2539 addiderat
1275 2456 1349 2533 lilio,
1391 2468 1392 2531 ζ

289 2572 443 2644 tanquam
456 2557 638 2644 proditores
651 2559 761 2624 allecit
761 2560 956 2674 'suppliciis3
970 2581 1053 2646 quos
1068 2577 1182 2647 postea
1193 2561 1348 2626 Marum
1391 2542 1392 2635 l

289 2656 350 2720 sibi
373 2675 556 2745 paraverat,
583 2661 621 2724 iis
640 2661 803 2750 pepercit,
818 2660 902 2724 nihil
918 2677 1034 2725 contra
1056 2683 1090 2725 se
1112 2659 1348 2751 deliquissedi·

288 2777 382 2839 cens,
399 2781 451 2822 cm
443 2759 558 2824 nullo
575 2761 723 2826 obstricti
738 2761 898 2826 beneficio
915 2762 1064 2828 fuissent.

323 2953 339 3019 S
352 2957 418 3004 xta.
429 2957 538 3021 Appias.
547 2985 581 2998 ·-
595 2959 658 3018 Dio,
671 2959 714 3008 lib.
727 2961 893 3034 Umq-
902 2958 920 3026 5
929 2961 1007 3009 xm.
1019 2958 1128 3026 Appiam
1145 2985 1181 2996 -
1196 2960 1255 3009 Dio.
