2875 4900
277 374 349 447 688
457 377 528 444 JO.
555 375 896 446 FREINSHEMII
927 378 1175 448 SUPPLEM.

277 497 415 564 modum
431 496 687 586 superveniunt,
705 513 744 561 ut
758 512 862 562 noctu
879 498 1090 564 moventibus
1109 501 1290 568 mmultum
1305 503 1351 568 ia·

276 613 408 682 cerent,
424 597 552 686 iterque
567 597 794 685 prohiberent.
811 599 859 663 Ea
874 619 926 664 res
939 600 1079 688 spectari
1091 603 1166 668 luce
1178 602 1304 670 reddita
1315 628 1352 670 ex

275 699 432 782 collibus,
448 699 506 788 qui
530 699 699 780 conjuncti
722 700 855 764 Cesaris
874 701 986 766 castris
1006 717 1117 785 mant,
1135 719 1274 792 poterat.
1293 707 1352 771 Δο-

274 804 364 870 censi
379 823 459 891 ergo
475 800 594 864 milites
612 815 702 864 tanta
718 801 891 867 occasione
903 801 1066 885 victorie,
1080 826 1139 892 per
1155 803 1307 871 tribunos
1320 823 1352 872 et

275 905 483 970 centuriones
497 905 656 968 Caesarem
670 919 784 988 orant,
799 917 879 970 etse
893 905 1117 994 transflmen
1127 907 1278 992 ducem
1289 933 1352 1000 qua

275 1009 432 1098 equitatus
445 1007 620 1084 transisset,
638 1027 679 1068 ee
692 1027 725 1068 se
736 1027 860 1096 quoque
879 1007 1000 1072 audere
1013 1012 1232 1077 tramntittere.
1248 1013 1352 1076 Cesar

273 1111 334 1174 etsi
348 1108 483 1174 timebat
497 1107 675 1172 exercitum
690 1122 788 1173 tantae
806 1109 1041 1199 magnitudinis
1055 1127 1089 1176 et
1102 1111 1284 1201 rupiditatis
1297 1112 1352 1178 flu·

273 1214 354 1280 mini
366 1213 522 1295 objicere,
534 1227 644 1278 tamen
655 1213 819 1279 alacritate
827 1232 1027 1298 suorum,et
1035 1239 1094 1306 spe
1105 1217 1193 1284 bene
1203 1218 1351 1308 gerendo

273 1318 321 1382 rei
339 1317 515 1397 excitatus,
532 1337 689 1406 magnum
702 1316 932 1398 jumentorum
948 1340 1125 1383 numerum
1137 1321 1224 1384 infre
1236 1341 1350 1409 supra·
1386 1378 1390 1388 .

273 1441 339 1508 que
355 1417 548 1483 constituit:
567 1415 677 1482 medio
700 1417 807 1505 spatio
827 1419 1003 1484 mansierre
1020 1420 1139 1484 milites
1153 1421 1260 1500 jubet.
1277 1422 1351 1486 Erat

272 1521 380 1586 adhuc
405 1541 443 1584 ea
467 1517 610 1584 lluminis
635 1519 796 1601 altitudo,
820 1536 860 1584 ut
889 1520 1120 1589 tantummodo
1144 1523 1295 1588 humeris
1320 1538 1350 1586 et

272 1643 403 1687 summo
428 1637 561 1710 pectore
584 1636 774 1686 exstarent:
796 1619 978 1686 transducti
1001 1637 1112 1688 tarnem
1131 1637 1212 1688 sunt
1226 1624 1351 1690 incolu-

273 1745 358 1805 mes,
378 1743 481 1811 quum
498 1743 638 1810 paucos,
655 1722 714 1809 qui
733 1719 878 1787 fluminis
892 1723 926 1787 vi
941 1723 1070 1812 abrepti
1088 1724 1237 1808 fuerunt,
1257 1725 1348 1815 eqoi·

271 1841 359 1891 tatus
378 1825 566 1913 excepisset.
1091 1843 1094 1847 ’

314 1928 437 1992 XXIV.
463 1925 602 1990 Strenue
620 1923 740 1989 deinde
756 1939 949 2013 pergentes,
969 1939 1009 1988 ut
1025 1924 1124 1988 simul
1141 1945 1283 2015 corpora
1298 1926 1349 1992 sri-

270 2051 348 2119 gore
365 2049 524 2116 equarum
539 2025 656 2090 effecta
674 2047 774 2089 cursu
789 2025 994 2108 refoverent,
1013 2024 1055 2089 ad
1070 2025 1187 2091 horam
1202 2027 1271 2093 diei
1289 2051 1347 2093 no·

271 2151 347 2195 nam
362 2127 529 2217 assequuti
546 2143 624 2191 sunt
637 2148 709 2208 eos,
725 2127 783 2214 qui
799 2124 841 2191 de
856 2127 952 2192 tertia
964 2127 1072 2216 vigilia
1088 2127 1266 2194 exiveram
1281 2131 1348 2194 llo·

269 2247 353 2311 stes,
376 2230 447 2294 viso
472 2227 605 2292 Caesaris
629 2227 791 2308 exercitu,
815 2227 926 2292 locum
949 2227 1151 2318 superiorem
1168 2247 1346 2318 ceperunt,

269 2333 439 2420 aciemque
455 2331 693 2396 instruxerunt.
713 2330 821 2394 Gustu
837 2328 967 2394 interim
982 2352 1061 2395 suos
1076 2331 1285 2419 requiescere
1296 2333 1347 2413 ju·

269 2435 346 2518 bet3
373 2431 493 2499 deinde
518 2432 638 2497 iterum
664 2429 910 2521 progredientes
939 2431 1051 2497 hostes
1077 2431 1275 2521 insequitur.
1299 2435 1348 2501 llli

269 2560 373 2625 quum
401 2534 492 2600 haud
516 2533 656 2623 amplius
681 2533 830 2621 quinque
855 2532 955 2597 millia
976 2554 1133 2621 passuum
1155 2534 1346 2601 abessenta

268 2636 429 2703 montosis
448 2650 480 2701 et
499 2634 646 2725 angustis
671 2634 770 2717 locis,
791 2634 910 2723 quossi
931 2632 1062 2700 modico
1079 2634 1232 2724 presidio
1249 2659 1347 2702 ccm-

267 2755 414 2829 passent‚
432 2738 596 2801 immunes
621 2736 662 2801 ab
686 2736 836 2825 equitatu
851 2738 1003 2822 Caesaris,
1019 2736 1061 2802 ad
1079 2738 1216 2803 Iberum
1229 2760 1344 2827 pene·

268 2842 354 2924 nire,
366 2862 509 2928 eumque
524 2854 598 2903 tuto
612 2839 831 2905 transmittere
844 2854 1014 2927 poterant,
1027 2855 1149 2923 temen,
1162 2842 1266 2906 totius
1281 2842 1344 2907 diei

266 2964 377 3033 pugna
389 2958 423 3007 et
435 2941 551 3005 itinere
565 2939 747 3031 defatigati,
759 2956 863 3005 castra
873 2957 1066 3029 posuerunt.
1078 2942 1184 3007 Nocte
1196 2944 1345 3032 proxima

266 3044 393 3133 excepti
413 3044 454 3107 ab
477 3041 642 3130 equitibus
665 3058 857 3129 aquatores,
883 3042 1044 3107 Caesarem
1064 3045 1240 3109 certiorem
1258 3046 1343 3109 fece·

265 3163 364 3227 runt,
385 3144 586 3209 adversarios
609 3144 740 3209 silentio
761 3141 934 3232 proficisci.
951 3143 1080 3208 Idcirco
1099 3144 1233 3235 signum
1252 3144 1342 3227 deri,

264 3272 340 3313 rasa
356 3246 486 3311 militari
506 3268 598 3310 more
611 3245 873 3326 conclamari‚.et
885 3262 1003 3334 praeter
1017 3246 1279 3313 adversariorum
1294 3272 1342 3313 ce·

176 3392 178 3396 ,
265 3368 330 3415 stru
345 3348 456 3415 mulos
473 3348 524 3437 agi
541 3370 617 3412 cum
638 3346 790 3429 fremitu,
807 3368 994 3437 sonumque
1009 3349 1213 3431 continuari,
1224 3350 1341 3431 jussit:

264 3453 330 3517 hoc
350 3468 423 3517 estu
443 3449 601 3538 adeptus,
625 3448 716 3537 quod
739 3450 924 3538 querebat,
943 3465 983 3514 ut
998 3451 1069 3515 siue
1084 3451 1275 3541 fatigatione
1289 3452 1340 3517 sui

266 3554 376 3621 militis
394 3555 506 3617 hostes
526 3550 768 3634 detinerentur,
787 3574 864 3615 nem
882 3552 948 3634 illi,
965 3552 1079 3617 audito
1094 3554 1261 3636 tumultu,
1277 3576 1340 3619 uo·

264 3674 414 3723 emmam
437 3675 603 3743 pugnem,
625 3669 682 3717 aut
708 3653 841 3718 Caesaris
867 3654 1048 3741 equitatum
1065 3654 1178 3737 veriti,
1202 3656 1338 3721 consido

264 3776 412 3838 mutato,
431 3755 539 3843 copias
554 3754 588 3817 in
605 3754 717 3818 cestris
733 3771 923 3820 tenuerunt.

307 3861 411 3926 XXV.
434 3858 572 3922 Postero
595 3856 648 3921 die
665 3876 770 3943 quum
785 3854 933 3922 Petreius
952 3856 1032 3922 locis
1052 3858 1226 3947 exploratis
1241 3857 1337 3923 redis·

263 3982 330 4047 set,
346 3952 561 4035 deliberatum
582 3980 601 4021 a
621 3956 763 4022 ducibus
783 3974 850 4039 est,
867 3957 1001 4047 quando
1023 3958 1211 4023 exeundum
1226 3958 1335 4024 eastris

297 4158 423 4225 sxxrv.
438 4158 499 4207 ees.
510 4182 546 4193 -
558 4160 643 4205 nom.
655 4156 730 4202 snm.
743 4156 770 4213 1,
783 4157 807 4201 s.
