2875 4900
267 371 309 441 16
425 371 493 438 JO.
521 367 862 438 FREINSHEMII
895 367 1139 438 SUPPLEM.

200 479 204 486 ⁸
261 513 292 554 se
315 511 379 553 non
399 509 488 577 posse
517 486 655 550 occidere
686 486 862 550 clamitans.
891 485 1032 568 Quidam
1061 488 1174 569 aiunt,
1197 489 1324 577 ingenti

262 589 388 654 llamma
404 613 443 654 cx
461 588 562 654 oculis
580 587 674 652 Marii
688 586 889 675 promicante
904 588 1053 652 territum
1068 587 1252 673 bominem
1264 611 1325 654 su·

261 708 350 757 ctum
364 690 481 756 deinde
498 705 670 770 terrorem,
689 703 861 776 postquam
881 709 1052 777 assumens
1067 711 1087 752 c
1102 690 1186 754 lecto
1203 711 1323 773 senes,

260 793 395 857 terribili
410 813 509 871 voce,
527 819 540 845 ι
549 791 661 872 Tune,
675 788 796 871 bomo,
813 789 851 854 C.
863 787 1003 853 Marium
1018 787 1118 854 audes
1130 788 1299 855 occidere?
1308 821 1324 846 n

258 894 470 959 inclamasset.
491 891 733 956 Minturnenses
755 889 900 979 proiecte
921 889 1048 954 bomini
1067 887 1221 956 divinitus
1238 891 1323 972 inje-

260 1009 350 1058 ctum
365 995 539 1072 timorem,
558 991 760 1078 salutemque
774 989 869 1054 Marii
884 989 975 1054 cordi
992 1011 1062 1056 esse
1077 989 1140 1056 diis
1160 991 1323 1080 interpre-

259 1094 335 1169 tati,
353 1107 476 1156 mutata
492 1091 670 1172 sententia,
688 1111 786 1178 quem
805 1092 903 1180 paulo
920 1105 995 1155 ante
1017 1092 1124 1156 necari
1139 1091 1321 1174 jusserant,

257 1208 391 1280 repente
405 1192 600 1256 incolumem
616 1191 750 1257 volunt:
765 1213 826 1256 nec
836 1192 905 1280 ipse
916 1192 978 1256 sibi
991 1191 1101 1274 deest,
1116 1193 1157 1257 ad
1169 1195 1320 1282 quosvis,

258 1293 353 1360 etiam
369 1291 518 1358 infimum
534 1308 567 1357 et
581 1293 773 1360 vilissimum
784 1313 967 1380 quemque,
979 1293 1086 1358 tendit
1097 1315 1229 1377 manus,
1243 1317 1321 1384 pre·

260 1417 332 1477 ces,
350 1416 457 1484 spem,
477 1387 558 1475 lata,
573 1393 715 1458 fabulam
732 1416 824 1458 suam
839 1392 881 1458 de
896 1394 1031 1480 aquilis,
1048 1393 1090 1458 dc
1108 1395 1217 1477 asino,
1232 1397 1321 1462 varie

204 1546 207 1552 ·
256 1501 378 1565 miscet.

302 1602 370 1666 XL.
383 1599 529 1664 Tandem
547 1622 708 1665 consensu
721 1601 870 1666 omnium
889 1623 963 1666 cum
981 1602 1097 1666 viatico
1108 1617 1142 1666 et
1150 1620 1238 1667 reste
1248 1606 1320 1669 ool·

256 1701 319 1765 lata
342 1700 383 1764 ad
405 1701 584 1765 naviculam
603 1701 734 1789 publice
750 1701 939 1765 instructam
957 1701 1139 1768 deducitur.
1158 1703 1221 1768 Sed
1237 1724 1319 1793 pro·

256 1801 443 1890 perentibus
457 1801 605 1866 obstabat
615 1801 745 1890 religio,
757 1799 847 1888 quod
862 1823 921 1888 per
934 1797 1047 1867 lucum
1061 1802 1204 1884 Maricae,
1217 1825 1317 1891 quam

255 1919 288 1968 et
315 1901 424 1969 Circen
444 1901 647 1990 frequentius
669 1917 808 1982 vocant,
832 1899 873 1964 ad
897 1923 985 1964 mare
1009 1901 1071 1965 iter
1093 1917 1183 1984 erat,
1216 1923 1317 1991 quem

255 2003 424 2092 prqecipuae
440 2001 614 2066 sanctitatis
628 2001 871 2066 Minmrnenses
886 2001 1064 2084 habebant,
1077 2002 1239 2092 nequefas
1250 2026 1316 2092 pu·

256 2104 385 2185 tabant,
399 2103 506 2167 efferri
519 2101 696 2190 quidquam
711 2123 822 2165 earum
838 2123 963 2182 rerum,
978 2123 1051 2190 quar
1060 2102 1158 2166 semel
1167 2124 1208 2166 eo
1220 2102 1317 2168 illatre

253 2204 369 2268 forent.
393 2202 457 2268 Sed
482 2217 671 2266 ceterorum
696 2201 931 2266 dubitationem
951 2205 1050 2266 unius
1066 2203 1153 2266 senis
1172 2203 1316 2268 alacritas

252 2303 370 2384 solvit;
388 2304 462 2390 qui,
483 2301 566 2366 nihil
583 2305 764 2383 omrem,
785 2317 844 2368 aut
864 2306 1023 2392 ingmtrtm
1044 2303 1105 2367 diis
1125 2325 1187 2368 esse
1202 2303 1315 2368 clami·

251 2421 342 2487 tans,
361 2404 449 2493 quod
460 2404 508 2468 od
528 2401 563 2469 C.
579 2403 680 2469 Mani
699 2403 831 2470 saltitem
842 2407 1028 2493 pertineret,
1053 2425 1128 2469 cum
1148 2420 1239 2493 parte
1258 2427 1315 2471 re·

252 2528 345 2587 rum,
362 2527 433 2592 quse
446 2504 488 2568 ad
503 2527 590 2568 marc
606 2506 834 2593 portabantur,
847 2529 907 2595 per
918 2506 1028 2570 lucum
1042 2507 1166 2593 primus
1181 2506 1289 2573 evasit.

294 2606 378 2670 XLl.
400 2604 566 2695 Pingendn
588 2605 707 2671 deinde
723 2608 847 2672 curavit
868 2607 928 2671 ista
947 2607 1088 2688 Marius,
1103 2606 1314 2695 tabulamque

249 2708 390 2778 votivam
411 2707 444 2769 in
463 2706 540 2770 fano
560 2706 687 2771 Maricae
704 2706 867 2795 supendit.
883 2707 936 2771 Sic
950 2707 984 2770 in
1000 2728 1193 2795 perparvum
1209 2706 1314 2795 impo-

247 2808 328 2872 situs
342 2808 526 2897 navigium,
541 2807 706 2895 lacrymis,
723 2807 825 2888 rotis,
848 2806 1078 2893 ominibusque
1091 2821 1311 2895 prosequente

249 2906 475 2971 minturnense
486 2907 625 2995 populo,
641 2907 785 2989 evitatis,
798 2924 957 2995 qrrantum
970 2924 1112 2997 poterat,
1128 2908 1220 2973 terris
1233 2927 1312 2995 por·

129 3056 131 3061 .
248 3008 413 3097 subusque
430 3008 599 3089 omnibus,
616 3010 685 3072 vela
707 3009 742 3072 in
766 3009 867 3073 altum
889 3009 976 3073 fecit
998 3011 1094 3073 Forte
1111 3009 1153 3073 sd
1170 3009 1310 3073 insulam

248 3106 412 3173 AEnariam
430 3108 570 3191 delatus,
590 3131 692 3198 quum
713 3109 758 3173 ibi
779 3110 936 3175 Granium
949 3125 983 3175 et
997 3110 1173 3176 nonnullos
1184 3110 1310 3175 amico·

247 3232 320 3273 rum
336 3210 525 3296 reperisset,
543 3233 609 3275 una
631 3211 664 3275 in
692 3212 830 3276 Africam
853 3234 986 3277 cursum
1005 3209 1225 3275 intenderunt
1243 3210 1310 3275 Sed

246 3308 321 3395 quia
336 3310 474 3395 penuria
491 3332 582 3397 aquae
602 3310 807 3395 laborabant,
833 3314 867 3375 in
886 3335 964 3401 agro
984 3313 1116 3400 erycino
1131 3311 1245 3375 Sicilire
1259 3310 1310 3375 fe·

245 3422 362 3470 cerunt
374 3410 639 3473 exscensionem:
661 3410 707 3474 ibi
729 3416 895 3499 quaestoris
915 3414 1041 3480 morani
1063 3419 1141 3475 cura
1159 3410 1310 3500 dispositi

246 3507 371 3595 equites
394 3508 631 3597 propemodum
654 3510 874 3601 egredientem
894 3512 966 3577 navi
985 3512 1124 3576 Marium
1140 3525 1307 3599 excepere.

236 3614 424 3695 'Aquatores
442 3611 543 3675 ferme
558 3609 719 3675 sexdecim
737 3612 897 3676 interiecti
912 3629 1000 3678 suut.
1018 3611 1157 3693 Marius,
1167 3634 1308 3700 propere

278 3770 295 3835 S
308 3772 433 3821 xxxix.
442 3772 498 3821 Vel.
512 3774 581 3821 Mu.
599 3774 636 3831 11,
655 3787 695 3837 19.
713 3800 748 3811 -
762 3774 885 3823 Plutarch.
904 3802 939 3813 -
951 3776 1004 3825 Liv.
1023 3775 1089 3839 Epis.
1101 3800 1136 3811 -
1149 3773 1256 3839 Appiam
1270 3800 1307 3813 -

243 3852 295 3902 cte.
307 3870 354 3919 pro
365 3856 433 3903 Sext.
446 3870 501 3919 cap.
516 3870 559 3903 aa.
575 3881 610 3891 -
627 3856 706 3904 Strsb.
725 3856 768 3905 lib.
782 3857 814 3905 V.
827 3886 861 3895 —
877 3854 892 3922 ς
909 3860 963 3909 η.
975 3860 1085 3907 henne
1097 3861 1123 3916 1,
1137 3873 1178 3907 ar.
1193 3884 1229 3895 —
1242 3861 1306 3909 llor.

243 3936 323 3985 Germ
339 3938 389 3996 111,
405 3950 444 4002 17,
461 3946 485 3985 et
497 3936 533 3984 lbi
544 3936 646 4002 interpr.
659 3965 692 3977 -
709 3938 790 3989 strab.
800 3940 882 4001 lib.V‚
894 3958 920 4007 p.
931 3942 991 3991 aii.
1008 3966 1043 3979 -·
1056 3938 1149 4007 sm.
1159 3940 1190 3988 ll.
1201 3940 1230 3989 C.
1240 3938 1306 4000 ⁶⁶43

244 4020 275 4067 t.
286 4022 314 4069 C.
326 4020 370 4068 tt.
381 4041 416 4059 -·
428 4020 480 4070 Cic.
490 4034 536 4085 pro
545 4018 629 4069 Phoc·
639 4038 693 4086 cap.
708 4038 747 4080 ro,
758 4033 784 4071 et
794 4039 842 4088 pro
852 4024 919 4074 sext.
929 4024 1078 4088 -Appism
1090 4050 1125 4061 —
1136 4022 1258 4071 Plutarch.
1270 4050 1307 4060 -

245 4102 332 4153 Cellas.
343 4104 432 4167 Gcogr.
443 4103 528 4167 Antiq.
540 4104 583 4151 tv,
