2875 4900
297 377 349 444 m
380 377 496 445 soc.
522 377 617 444 sm.
646 375 735 444 cx1
766 378 981 445 sivranr.
1100 377 1168 473 735

109 497 186 561 flens
203 513 318 586 operto
335 496 439 582 capite
457 495 665 576 discesseram
681 496 748 560 sive
761 495 894 560 labieni
910 499 1103 562 sententiam
1120 523 1170 563 se·

107 616 243 687 quutus,
258 597 457 686 fugientibus
472 598 607 678 institit,
623 596 794 660 decaetero
807 619 875 660 uon
890 598 1055 663 sollicitus.
1073 601 1169 664 Certe

108 703 247 788 captivos
261 697 434 764 transdidit
449 699 572 786 petenti
590 699 752 780 Labieno;
766 713 863 785 atque
878 699 931 762 ille
944 699 1053 762 verbis
1069 703 1171 794 gravi·¹
1262 751 1267 756 .

107 818 155 866 ter
174 805 365 891 increpitos,
385 806 419 867 in
439 817 617 888 conspectu
637 800 788 864 omniurn
808 797 980 863 interfecit.
1001 800 1091 864 Nihil
1109 824 1170 864 un-

106 923 202 988 quam
215 909 290 968 satis
305 908 431 970 evenire
446 902 581 976 feliciter
593 900 710 989 ignaris
725 899 839 964 utendi
850 899 1039 963 hominibus
1051 916 1167 988 potest.

106 1006 306 1092 Apparebat,
321 1008 406 1072 vinci
423 1009 577 1071 Caesarem
595 1023 711 1090 posse:
735 1001 793 1066 sed
813 1001 1020 1088 Pompeiani,
1037 1001 1169 1066 dimissa

104 1106 244 1170 victoriae
262 1130 356 1188 cura,
367 1109 433 1187 jam
448 1106 488 1170 de
504 1104 636 1196 praemio
650 1104 736 1166 inter
750 1125 785 1166 se
798 1102 975 1192 litigabant.
991 1106 1166 1185 Caesarem,

105 1227 201 1293 super
221 1207 354 1271 insitum
374 1207 541 1286 ardorem,
558 1204 599 1268 atl
615 1201 855 1266 intendendum
870 1205 1084 1291 praesentibus
1098 1207 1168 1269 ani·

104 1327 193 1370 mum
210 1310 380 1372 necessitas
393 1308 576 1398 instigabat.
593 1308 706 1391 ltaque
725 1304 896 1366 consilium
911 1304 1106 1370 mutandum
1119 1308 1167 1371 vi·

105 1407 203 1488 dens,
224 1430 300 1472 suos
319 1409 436 1472 idonea
452 1408 598 1470 oratione
612 1404 822 1470 consolatur:
839 1403 963 1468 cladem
975 1406 1008 1468 in
1024 1408 1168 1494 paucita-

104 1527 166 1573 tem
180 1511 337 1592 militum,
352 1511 555 1597 iniquitatem
573 1506 652 1587 loci,
665 1525 809 1568 errorem
825 1506 1168 1594 perturbationemque

103 1631 257 1693 suorum,
275 1611 417 1699 denique
430 1612 462 1673 in
477 1614 616 1674 fortunae
631 1606 880 1670 inconstantiam
890 1607 1077 1689 conferens,
1091 1609 1169 1672 alio·

102 1731 194 1790 rum,
212 1734 284 1798 quse
306 1713 407 1775 multa
431 1712 558 1774 fortiter
578 1708 780 1793 feliciterque
799 1725 912 1770 recens
931 1707 1098 1790 fecissent,
1112 1711 1169 1774 ad·

102 1827 233 1875 monet:
255 1813 394 1890 virtute,
415 1815 463 1874 uti
475 1813 574 1888 alias,
603 1823 633 1872 et
652 1808 700 1871 od
723 1807 911 1892 Gergoviam
929 1820 1005 1870 esset
1007 1809 1163 1895 jectum,

101 1914 213 1975 sarciri
230 1913 459 1976 mcomnwdum
477 1931 586 2000 posse,
604 1923 635 1972 et
648 1925 806 1997 oportere,
824 1906 1063 1996 quodfortuna
1085 1915 1167 1976 mtu-

101 2011 192 2076 lisset.
405 2079 406 2084 ,

144 2114 213 2178 Lll.
235 2115 351 2196 Quum
373 2115 442 2178 haec
467 2113 613 2194 dixisset,
636 2111 814 2201 ignominia
836 2110 960 2174 notavit
977 2109 1165 2198 signiferos,

38 2257 40 2267 ·
101 2215 423 2300 quorum'erninebat
448 2216 559 2302 culpa,
584 2214 725 2299 locoque
745 2212 866 2292 movit;
887 2235 955 2276 suae
975 2213 1083 2298 potius
1100 2215 1164 2276 cle·

101 2316 246 2396 naentiae,
259 2339 356 2403 quam
367 2315 525 2380 voluntati
536 2315 701 2402 legionum
716 2312 930 2399 obsequutus.
944 2313 1067 2375 Tantus
1078 2313 1165 2377 eninr
1262 2322 1264 2333 '

99 2415 208 2503 pudor
225 2435 393 2482 veteranos
415 2419 483 2497 ejus
506 2417 693 2495 intraverat,
711 2430 750 2477 ut
769 2414 857 2477 ultro
876 2435 911 2477 se
927 2413 1083 2477 offerrent
1098 2435 1165 2501 por·

99 2538 165 2598 nae,
187 2517 405 2607 decimarique
419 2534 583 2607 peterent3
601 2516 718 2579 deinde
737 2516 802 2580 leni
817 2537 973 2603 responso
989 2516 1164 2603 imperato·

99 2620 140 2683 ris
156 2620 210 2683 vix
223 2620 355 2684 adducti
370 2620 412 2683 ad
425 2617 659 2709 ignoscendum
678 2618 758 2698 sibi,
774 2634 1019 2705 perseverarunt
1031 2616 1072 2680 ad
1089 2639 1166 2703 sup·

98 2720 231 2805 plinium
246 2722 407 2806 postulare
420 2718 606 2811 signiferos,
622 2720 679 2807 qui
692 2742 821 2783 eausam
834 2716 1031 2804 initiumque
1045 2718 1163 2807 flagitio

99 2818 127 2879 ei
144 2818 320 2883 dedissent.
345 2812 479 2909 Jamque
499 2824 595 2887 etiam
615 2822 655 2885 ab
679 2820 791 2884 dolore
814 2842 956 2908 pugnarn
976 2838 1163 2907 poscentes,

99 2918 257 3001 quosdam
276 2923 451 3007 superioris
473 2922 596 2986 ordinis
619 2922 808 3002 movebant,
831 2936 870 2983 ut
892 2920 1110 2998 manendum,
1130 2939 1164 2985 et

98 3019 164 3082 acie
181 3020 370 3084 certandum
388 3039 547 3109 putarent.
564 3022 627 3087 Sed
641 3026 744 3087 Caesar
754 3044 861 3109 neque
878 3021 1032 3084 militibus
1046 3038 1164 3109 perter-

98 3119 166 3182 ritis
183 3122 453 3186 committendum
467 3139 571 3205 ratus,
584 3147 707 3211 neque,
724 3123 829 3187 donec
842 3124 887 3185 illi
904 3122 1084 3210 reciperent
1097 3126 1164 3188 asni·

99 3242 208 3303 anum,
227 3223 336 3311 inopia
357 3225 512 3287 frumenti
534 3224 630 3288 dante
650 3226 808 3313 spatium,
828 3223 992 3289 discedere
1007 3224 1080 3287 loeo
1097 3242 1162 3289 sta·

98 3324 180 3403 tuit,
199 3339 232 3387 et
252 3324 285 3387 in
308 3326 502 3389 Thessaliam
522 3325 697 3413 proficisci3
723 3327 779 3391 ubi
798 3324 1053 3389 cornmodiorem
1077 3327 1162 3390 bello

98 3424 245 3510 sperabat
265 3428 431 3515 regionem
453 3428 542 3508 fore,
569 3428 725 3516 expeditis
746 3428 980 3493 commeatibus
1000 3450 1057 3515 per
1074 3430 1161 3492 Lon·

97 3527 210 3611 ginum
228 3544 260 3589 et
277 3529 465 3611 Calvisium,
489 3530 546 3617 qui
568 3532 726 3593 nonnulla
742 3531 781 3593 iis
799 3531 878 3594 locis
894 3530 1012 3618 oppida
1031 3553 1161 3619 recepe·

98 3628 186 3706 rant,
216 3626 386 3706 adjuvante
412 3654 450 3693 ex
473 3631 631 3694 Thessalis
653 3631 802 3712 Petreio,
826 3655 961 3695 summae
985 3633 1161 3697 nobilitatis

93 3750 220 3805 juvene.

140 3831 225 3895 Llll.
249 3832 382 3913 Quum,
410 3835 570 3920 praemissa
595 3850 682 3898 trans
704 3834 872 3925 Genusum
894 3858 1021 3899 amnem
1041 3839 1160 3919 majore

135 4029 202 4093 §bb
214 4034 278 4081 Plnt.
289 4036 314 4080 ia
326 4034 386 4083 Caes.
400 4046 423 4083 et
433 4038 485 4085 cn.
495 4064 529 4072 -
540 4037 647 4101 Appian.
662 4065 696 4073 -
710 4039 772 4085 (ires.
787 4064 820 4073 -·
836 4036 913 4101 §blf
928 4040 1035 4103 Appian.
1050 4068 1082 4077 —·
1098 4044 1159 4093 (ks.

97 4113 153 4161 nio.
163 4142 196 4151 —
204 4116 268 4164 vell.
280 4118 317 4173 ll,
330 4118 370 4163 52.
