2875 4900
287 397 358 484 346
403 424 407 429 ·
462 401 1180 470 10.FRE1NSHEMIISUPPLEM.

284 519 472 585 acedouum
484 520 637 610 Philippo
650 521 774 585 bellum
787 544 976 610 sumpsere,
990 522 1070 587 dum
1084 521 1347 610 aCarthaginien·

234 653 238 660 ·
283 655 297 679 a
309 623 400 687 sibus
409 622 644 711 premebantur
651 624 825 688 amicitiam
839 625 1045 707 simulantes3
1069 625 1098 689 ei
1112 624 1348 688 subvenientem

283 757 296 781 α
308 725 527 807 Antiochum,
540 725 751 789 concessione
760 726 860 808 Asiae,
872 749 931 815 per
942 726 1055 791 dolum
1065 742 1225 806 avertere3
1236 747 1271 789 ac
1280 748 1349 788 mox

284 857 298 884 ι
309 842 414 891 tracto
424 817 577 915 Philippo
587 828 785 910 Antiochus,
800 829 891 893 omni
902 829 946 893 cis
955 829 1101 892 Taurum
1112 849 1209 917 agro,
1220 843 1252 890 et
1260 826 1348 914 quin·

284 929 416 994 «decim
433 928 577 993 millibus
591 929 790 994 talentorum
807 931 963 1019 spoliatus
978 947 1037 996 est.

328 1032 394 1095 LV.
411 1061 424 1086 α
437 1031 557 1095 Persen
568 1029 707 1113 deinde,
722 1032 864 1121 Philippi
882 1031 1004 1113 filium,
1021 1047 1097 1120 post
1110 1033 1214 1096 multa
1229 1045 1261 1097 et
1272 1031 1349 1095 varia

283 1163 295 1187 ε
308 1133 500 1212 certamina,
512 1131 600 1221 apud
612 1135 831 1198 samothracas
843 1133 921 1199 deos
933 1151 1102 1222 acceptum
1117 1135 1150 1197 in
1163 1131 1277 1214 fidem,
1291 1131 1349 1196 cal·

282 1266 296 1290 «
307 1233 406 1298 lidiet
415 1251 597 1322 repertores
607 1235 761 1324 perfidiae,
768 1238 844 1325 quia
852 1253 948 1327 pacto
957 1237 1056 1300 vitam
1067 1234 1234 1317 dederant,
1242 1233 1350 1298 insom-

283 1365 296 1390 «
308 1336 370 1398 uiis
379 1335 538 1402 occidere.
546 1339 742 1419 Eumenem,
753 1340 846 1419 cujus
855 1339 1028 1404 amicitiam
1037 1339 1178 1428 gloriose
1186 1353 1348 1414 ostentant,

284 1437 403 1500 «initio
418 1437 592 1524 prodidere
606 1441 788 1522 Antiocho,
807 1443 894 1528 pacis
911 1439 1115 1504 mercedem:
1131 1455 1207 1528 post
1217 1437 1348 1502 Attalum

284 1567 297 1592 ι
309 1536 479 1601 custodem
492 1540 560 1629 agri
570 1543 688 1630 captivi
702 1543 888 1632 sumptibus
898 1559 931 1607 et
943 1541 1150 1606 contumeliis
1161 1564 1200 1606 ex
1212 1561 1285 1629 rege
1295 1537 1348 1601 mi·

282 1669 296 1694 ι
307 1640 481 1704 serrimum
488 1643 1149 1731 servorumeffecere3simulatoqueimpio
1157 1656 1347 1717 testamento,

283 1771 296 1795 α
309 1740 412 1806 filium
431 1743 589 1808 Eumenis
607 1746 847 1828 Aristonicum,
865 1746 941 1833 quia
958 1745 1099 1832 patrium
1119 1765 1260 1832 regnum
1276 1739 1348 1828 peti·

282 1873 296 1897 ι
307 1859 413 1925 verat,
427 1845 574 1909 hostium
588 1869 681 1910 more
694 1868 753 1935 per
769 1846 976 1934 triumphum
988 1845 1127 1909 duxere:
1141 1844 1217 1920 Asia
1233 1843 1272 1907 ab
1282 1841 1347 1930 ipsis

283 1946 439 2010 «obsessa
448 1963 505 2011 est.
513 1947 686 2012 Postremo
694 1964 798 2011 totam
807 1944 1204 2035 Bithyniam,Nicomede
1213 1957 1346 2017 mortuo,

284 2077 297 2101 ι
309 2045 474 2136 diripuere
484 2071 494 2128 ς
504 2070 608 2135 quum
619 2047 703 2112 filius
713 2049 831 2131 Nusae,
845 2071 942 2136 quam
952 2049 1098 2138 reginam
1107 2048 1346 2136 appellaverant,

285 2149 440 2237 «genitus
456 2149 546 2212 haud
562 2148 663 2214 dubie
681 2167 775 2214 esset.

328 2251 412 2315 LVI.
422 2281 435 2307 ι
445 2251 530 2314 Nam
539 2250 620 2339 quid
628 2275 689 2341 ego
702 2275 755 2317 me
764 2251 922 2341 appellem
930 2251 1047 2340 iquem
1058 2249 1259 2330 disjunctum
1268 2243 1348 2310 undi-

284 2383 297 2408 ι
309 2375 375 2440 que
387 2353 497 2442 regnis
512 2368 546 2417 et
558 2353 740 2418 tetrarchiis
753 2353 795 2417 ab
806 2353 945 2441 imperio
955 2375 1081 2433 eorum,
1097 2353 1176 2440 quia
1186 2351 1345 2422 famacres,

285 2486 298 2510 ι
310 2454 456 2537 divitem,
466 2479 575 2544 neque
584 2457 782 2520 serviturum
792 2478 878 2537 esse,
892 2452 1163 2543 perNicomeden
1173 2453 1258 2518 bello
1266 2452 1349 2515 laces·

285 2586 297 2610 ι
309 2556 470 2638 siverunt,
478 2558 607 2622 sceleris
614 2580 731 2622 eorum
738 2558 828 2623 haud
836 2558 1001 2647 ignarum,
1014 2572 1106 2638 etea,
1120 2579 1196 2643 quae
1206 2552 1346 2627 accidere,

285 2672 466 2722 «testatum
480 2676 586 2740 antea,
600 2660 788 2742 Cretenses,
798 2660 885 2723 solos
897 2660 1046 2724 omnium
1057 2658 1180 2723 liberos
1194 2680 1229 2723 ea
1241 2673 1348 2741 tempe·

286 2790 299 2814 κ
312 2773 410 2840 state,
425 2774 459 2823 et
467 2781 577 2847 regem
591 2760 826 2827 Ptolemaeum?
839 2765 947 2850 Atque
959 2784 1020 2851 ego
1032 2762 1121 2825 ultus
1132 2761 1284 2844 injurias,
1297 2753 1347 2819 Ni·

285 2891 299 2916 ι
311 2860 481 2926 comedem
488 2861 639 2951 Bithynia
649 2865 758 2953 expuli
766 2912 774 2945 ,
783 2864 958 2951 Asiamque
965 2863 1106 2951 spolium
1113 2863 1201 2952 regis
1209 2854 1346 2926 Antiochi

285 2991 299 3017 ι
311 2963 439 3049 recepi,
463 2978 495 3026 et
515 2962 648 3028 Graeciae
666 2963 794 3053 dempsi
815 2988 910 3055 grave
931 2965 1111 3030 servitium.
1134 2966 1267 3053 lncepta
1286 2978 1347 3023 met

286 3094 299 3119 ι
312 3080 498 3150 postremus
505 3086 673 3129 servorum
681 3066 868 3149 Archelaus,
876 3067 1021 3131 exercitu
1031 3065 1175 3156 prodit0,
1183 3059 1346 3153 impedivit·

286 3164 436 3254 «illique,
447 3188 531 3254 quos
542 3166 668 3257 ignavia
681 3183 844 3256 autprava
853 3168 1026 3250 calliditas,
1040 3168 1088 3232 uti
1102 3168 1183 3231 meis
1196 3160 1347 3231 laboribus

286 3296 300 3323 ι
311 3268 374 3331 tuti
391 3284 518 3349 essent,
535 3269 633 3332 armis
650 3269 825 3353 abstinuit,
843 3270 1064 3335 acerbissimas
1081 3292 1193 3357 poenas
1210 3268 1345 3331 solvunt:

284 3396 298 3423 ι
308 3368 523 3451 Ptolomaeus,
533 3371 640 3458 pretio
649 3371 683 3433 in
692 3370 761 3436 dies
770 3372 892 3437 bellum
904 3372 1085 3461 prolatans3
1097 3372 1282 3448 Cretenses,
1295 3365 1346 3428 im·

285 3498 298 3523 «
310 3469 447 3560 pugnati
466 3472 565 3535 semel
577 3472 660 3553 jam,
676 3494 786 3561 neque
802 3472 918 3554 finem,
936 3474 998 3537 nisi
1016 3472 1141 3537 excidio
1156 3467 1305 3537 habituri.

330 3573 430 3637 LVII.
450 3572 640 3661 «Equidem
662 3596 766 3661 quum
789 3574 872 3639 mihi
897 3575 941 3640 ob
963 3568 1109 3664 ipsorum
1133 3574 1260 3637 interna
1276 3564 1345 3632 malt

286 3710 299 3734 ιι
311 3677 408 3743 dilata
422 3678 530 3766 praelia
543 3678 662 3768 magis,
678 3702 775 3768 quam
794 3702 907 3768 paoem
923 3680 1048 3762 datam,
1063 3668 1345 3768 intelligeremab·

285 3814 299 3837 ι
311 3796 434 3846 nuente
440 3781 590 3871 Tigrane,
596 3781 653 3869 qui
661 3804 733 3845 mea
741 3780 826 3845 dicta
833 3806 907 3847 sero
915 3782 1046 3872 probat,
1056 3798 1086 3845 te
1097 3796 1224 3845 remoto
1233 3770 1344 3867 procul,

285 3883 463 3949 «omuibus
481 3884 550 3948 aliis
570 3883 738 3965 obnoxiis,
753 3908 866 3949 rursus
890 3902 998 3949 tamen
1019 3884 1141 3948 bellum
1161 3881 1248 3971 cepi;
1270 3876 1344 3941 Mar·

210 4046 217 4066 ,
286 4008 453 4075 «cumque
468 3988 597 4050 Cottam
615 4009 791 4050 romanum
809 3986 927 4051 ducem
948 3986 1037 4077 apud
1054 3984 1257 4051 Chalcedone
1272 3994 1345 4041 terra

288 4088 400 4169 «fudi,
414 4088 493 4152 mari
511 4090 584 4153 exui
600 4088 699 4153 classe
716 4089 945 4177 pulcherrima.
960 4087 1055 4179 Apud
1070 4088 1222 4179 Cyzicum
1240 4094 1344 4167 magn⁰

249 4228 269 4237 ·-
288 4213 389 4283 neum
415 4191 617 4255 exercituin
643 4190 816 4259 obsidione
841 4192 983 4257 moranti
1008 4192 1209 4257 frumentum
1233 4178 1342 4253 deluit,
