2875 4900
235 371 282 474 76
308 376 328 441 J
334 375 379 442 Ο.
398 371 590 443 FREINS.
611 371 749 440 SUPP.
771 369 825 437 IN
846 369 957 438 LOC.
977 369 1072 438 LIB.
1091 371 1249 443 LXXX.
1277 410 1280 413 ·

233 493 344 564 edesse
360 493 534 574 victorem,
554 507 587 555 et
602 491 796 564 amissorum
810 485 974 553 vindicem
992 487 1159 554 audiverat
1174 511 1183 552 :
1198 487 1301 552 adeo·

233 619 297 682 que
316 595 381 660 hoc
401 609 450 659 est
474 591 653 674 creditum,
676 606 716 656 ut
732 614 752 656 a
772 589 971 680 quibusdum
986 590 1169 658 voluntaria
1191 605 1301 654 morto

231 695 379 764 sublatus
399 694 610 758 existimetur.
629 694 726 756 Certe
743 715 819 756 oum
840 690 951 755 amieis
969 672 1011 756 <ie
1026 691 1168 757 adventu
1183 690 1298 772 Suuae,

231 794 337 882 doque
356 794 496 859 fortune
517 791 737 857 vicissitudine
757 792 860 860 multa
882 791 1073 856 disseruisse
1092 789 1213 855 dieitur
1235 815 1244 856 z
1265 807 1300 856 et

230 999 431 1064 committere.
444 995 530 1060 Hinc
545 995 579 1059 in
597 994 751 1060 morbum
767 1019 872 1083 quum
886 993 1069 1077 incidisset,
1082 1011 1167 1063 etex
1179 995 1299 1059 morbo

229 1097 263 1168 in
281 1095 449 1176 delirium,
468 1117 595 1164 summa
610 1097 784 1166 hominum
803 1097 911 1162 iaetitin
922 1096 965 1161 nd
982 1097 1123 1179 inferos,
1140 1118 1209 1184 quo
1221 1095 1299 1160 infi-

230 1198 332 1262 nitam
346 1212 422 1260 ante
436 1219 470 1261 se
485 1197 670 1262 mortalium
685 1198 752 1262 vim
764 1198 979 1286 premiserat,
996 1195 1175 1262 deseendit.

274 1297 420 1370 XLVIII,
437 1299 513 1380 Vir,
528 1299 621 1380 eujus
637 1300 665 1363 si
680 1299 907 1364 examinentur
919 1321 998 1364 oum
1013 1298 1190 1362 virtutibus
1201 1297 1297 1380 vitia,

229 1398 319 1463 haud
327 1399 419 1474 saoiie
431 1397 570 1483 dixeris}
578 1416 688 1464 utrum
699 1401 784 1465 bello
798 1401 929 1482 melior,
943 1423 985 1465 nn
996 1422 1076 1489 psoe
1084 1398 1300 1488 perniciosior

230 1498 351 1564 fuerit:
369 1521 556 1586 quanquam
580 1515 613 1564 et
634 1500 722 1566 bello
743 1501 915 1589 pestilens,
938 1523 1037 1590 quam
1060 1500 1299 1590 rempubliesm

229 1600 328 1666 armis
339 1615 373 1664 et
387 1599 529 1666 oonsiliis
543 1618 739 1684 temneret,
754 1601 901 1666 eamdem
913 1603 949 1665 in
961 1624 1040 1690 psoe
1053 1601 1122 1665 aliis
1136 1601 1298 1682 oonsiiiis,

230 1717 263 1765 et
279 1723 356 1765 mox
371 1702 456 1765 inter
471 1701 554 1765 bellu
571 1701 673 1766 civilis
693 1702 808 1772 iisdem
828 1702 927 1767 armis
946 1701 1107 1766 hostiliter
1125 1701 1298 1789 oppressit.

231 1806 392 1867 Ceterum
410 1816 448 1866 ut
462 1804 660 1892 sanguinarii
676 1803 818 1877 hominis
834 1826 877 1868 ue
890 1803 991 1868 funus
1005 1802 1138 1891 quidem
1150 1804 1223 1867 siue
1238 1801 1300 1866 do·

231 1905 300 1968 lore
309 1904 445 1968 civitatis
456 1921 555 1992 atquo
566 1906 658 1980 luctu
670 1906 855 1994 principum
864 1921 965 1986 esset,
977 1905 1180 1986 ultimum,
1193 1904 1298 1967 homo

152 2057 155 2064 ⁴
187 2057 193 2063 .
229 2004 356 2092 perdite
370 2003 491 2086 audax,
506 2005 547 2086 Q.
556 2006 730 2070 Seaevolam
744 2004 908 2071 mandarit
922 2005 1045 2089 oceidi3
1062 2020 1299 2094 compertoque

229 2104 366 2187 deinde,
380 2107 425 2172 sic
435 2128 505 2170 esse
514 2107 738 2189 vulneratum,
752 2108 905 2172 utrivere
916 2108 1036 2196 possit,
1050 2106 1138 2171 diem
1150 2107 1180 2170 ei
1191 2104 1296 2173 disits

228 2229 265 2270 ac
275 2207 509 2296 interrogatus,
519 2209 633 2296 ecquid
641 2211 742 2296 igitur
752 2211 947 2297 mtegsrnmo
957 2211 1210 2297 samtusimoque
1222 2207 1300 2271 vim

230 2322 307 2370 esset
317 2309 519 2398 objecturus?
532 2339 546 2366 ι
554 2309 626 2374 Hoc
637 2310 763 2398 ipsum,
777 2310 903 2398 inquit,
916 2309 1008 2398 quod
1018 2308 1298 2397 ferrummaligne

231 2424 407 2497 smceptt.»

264 2606 280 2677 S
294 2609 397 2668 xtvu„
411 2608 442 2667 u,
457 2610 487 2659 C.
504 2608 556 2657 ost
563 2625 571 2669 ς
589 2611 620 2659 Δ.
638 2610 666 2667 G.
682 2614 725 2671 87.
737 2638 774 2649 -
787 2612 840 2663 Cio.
852 2612 881 2660 iu
892 2613 981 2672 Bruto,
996 2627 1052 2676 esp,
1064 2626 1107 2674 po.
1116 2638 1152 2659 τ-
1163 2609 1216 2659 Lir.
1227 2610 1300 2675 epte,

228 2718 264 2731 -
274 2692 380 2749 Diodor.
391 2692 515 2769 reries.
524 2719 560 2730 -·
573 2696 648 2751 suet,
657 2694 689 2745 de
701 2696 756 2744 Vir.
768 2696 804 2750 ill.
814 2724 850 2735 -·
858 2695 875 2763 5
884 2698 1001 2753 mul.
1015 2695 1068 2753 Cio.
1082 2710 1129 2769 ppo
1142 2696 1208 2743 Sext.
1219 2697 1299 2755 unse

228 2791 283 2851 esp.
296 2790 336 2835 rs,
347 2776 444 2824 -Vri
457 2778 526 2835 Mus,
538 2779 590 2837 lx,
602 2793 642 2837 ιι,
