2875 4900
289 352 342 419 IN
371 351 484 419 LOC.
511 352 606 423 LIB.
634 356 727 427 CIII
758 355 971 425 LIVIANI.
1095 352 1166 438 455

140 472 193 537 lv.
209 474 241 535 Is
254 472 320 552 jam
335 497 374 539 ex
390 474 482 539 omni
496 498 636 541 numero
650 476 845 555 homiuum,
862 499 946 564 quos
961 493 1019 540 aut
1031 476 1100 563 ipse
1113 478 1168 540 ad·

100 572 247 656 duxerat,
270 590 327 639 aut
344 593 475 641 coactos
495 594 661 665 repererat
680 601 699 641 a
716 578 858 659 Manlio,
882 578 1010 642 duabus
1033 579 1167 666 expletis

101 674 296 762 legionibus,
313 695 469 743 eventum
481 680 693 744 consiliorum
707 702 845 743 suorum
857 680 892 743 in
903 678 992 743 Urbe
1003 696 1168 767 exspecta·

100 776 159 840 bat.
174 778 240 841 Ubi
256 776 457 867 deprehensa
476 804 513 845 ea
529 780 791 869 disturbatoque,
814 798 848 845 et
867 782 1031 869 principes
1049 781 1167 861 conju·

100 880 226 943 rationis
238 882 398 970 supplicio
413 883 564 964 affectos,
577 881 705 967 didicit,
718 884 817 947 simul
830 883 875 946 ob
888 905 961 947 eam
970 904 1040 945 rem
1054 882 1166 945 multis

102 978 339 1063 deficientibus,
359 1006 411 1047 res
434 1006 509 1049 suas
530 984 677 1073 quotidie
698 983 768 1048 lieri
793 984 1037 1066 imbecilliores,
1059 983 1166 1071 prius·

102 1104 192 1167 quam
215 1084 458 1171 relinqueretur
481 1087 522 1151 ab
547 1088 721 1169 omnibus,
746 1109 806 1176 per
832 1103 961 1151 montes
986 1085 1105 1150 arduos
1131 1085 1165 1148 in

101 1204 206 1272 agrum
230 1186 460 1273 pistoriensem
483 1188 593 1270 duxit,
613 1190 724 1278 fugam
746 1190 780 1251 in
802 1188 939 1252 Galliam
959 1203 1048 1251 trans
1068 1186 1166 1273 Alpes

101 1286 240 1353 moliens.
261 1288 344 1370 Sed,
365 1289 530 1355 intellecto
553 1292 622 1370 ejus
645 1290 800 1371 consilio,
824 1289 866 1372 Q.
884 1288 1035 1353 Metellus
1056 1288 1166 1369 Celer,

101 1388 203 1451 eastris
220 1411 259 1452 ex
276 1412 355 1478 agro
371 1390 489 1477 piceno
506 1414 645 1480 propere
666 1392 782 1470 motis,
801 1391 836 1453 iu
856 1389 963 1454 radice
984 1389 1167 1469 montium,

102 1510 158 1575 qua
173 1489 442 1557 descendendum
457 1494 603 1558 Catilinae
618 1509 703 1576 erat,
717 1491 876 1557 consedit.

140 1588 177 1654 V.
189 1592 319 1657 Interea
331 1610 364 1657 et
376 1596 410 1659 C.
420 1596 587 1659 Antonius
600 1596 711 1675 alluit,
727 1595 872 1682 quicum
886 1615 1006 1682 magno
1022 1592 1166 1656 exercitu

102 1708 252 1777 sequutus
273 1695 455 1783 lugientem
477 1696 592 1761 fuerat.
615 1697 666 1761 lbi
679 1696 832 1776 Catilina,
850 1694 1000 1759 locorum
1016 1690 1166 1781 ingenio,

103 1794 297 1884 geminisque
316 1798 462 1863 bostium
487 1800 599 1863 castris
622 1801 768 1880 clausus,
789 1797 1033 1886 quamprimum
1054 1796 1168 1859 statuit

103 1892 285 1981 decernere,
311 1900 346 1963 in
364 1902 549 1965 Antonium
566 1924 700 1984 versus3
725 1922 914 1989 quanquam
936 1898 990 1961 ille
1010 1896 1168 1986 dignitate

103 1998 284 2081 prestabat,
309 2002 553 2090 majoribusque
579 2018 612 2067 et
640 2002 849 2082 melioribus,
872 2022 973 2087 quam
986 1998 1166 2079 Metellus,

104 2100 194 2185 copiis
210 2119 282 2167 erat
302 2102 491 2168 instructus.
511 2102 575 2168 Sed
592 2104 668 2192 quia
685 2127 754 2167 non
772 2103 914 2167 alienum
931 2099 1069 2190 aptatis
1088 2121 1168 2162 con·

104 2198 172 2263 siliis
185 2219 337 2286 noverat,
352 2205 503 2269 futurum
517 2204 640 2292 aliquid
651 2205 818 2294 sperabat,
830 2226 897 2292 quo
909 2204 962 2268 ille
973 2202 1061 2265 ultro
1071 2201 1170 2265 victo-

104 2300 151 2363 ria
161 2307 364 2371 occasionem
379 2323 615 2395 corrumperet.
629 2308 746 2393 Neque
762 2306 949 2372 dubitatum
966 2319 1030 2385 est,
1047 2303 1168 2367 lentius

104 2405 374 2497 periculosiusque
388 2410 538 2474 futurum
550 2409 674 2474 bellum
688 2409 803 2493 fuisse,
822 2408 884 2474 nisi
895 2408 941 2472 Μ,
955 2406 1120 2488 Petreius,
1137 2420 1170 2469 et

99 2503 135 2576 Ρ.
148 2509 271 2576 Sextius
298 2511 465 2576 cunctanti
488 2511 634 2576 Antonio
658 2511 809 2575 stimulos
834 2508 876 2574 ad
899 2531 968 2574 rem
990 2507 1167 2597 gerendam

106 2605 324 2676 admovissent.

142 2711 194 2777 Vl.
212 2715 368 2797 Quaestor
384 2717 521 2782 Antonii
542 2717 669 2782 Sextius
686 2733 774 2798 erat,
795 2715 944 2781 Petreius
960 2714 1101 2801 legatus,
1118 2711 1169 2773 vir

106 2812 230 2882 mirilico
252 2818 301 2880 rei
322 2818 468 2882 militaris
485 2841 566 2900 usu,
589 2819 647 2907 qui
668 2818 809 2907 amplius
829 2839 933 2881 annos
952 2815 1085 2902 triginta
1109 2811 1167 2872 tri-

106 2909 220 2999 bunus,
233 2935 293 2983 aut
304 2919 492 3007 praelectus,
509 2937 566 2984 aut
578 2921 721 3010 legatus,
735 2935 793 2982 aut
804 2933 940 3004 praetor,
957 2935 1034 2978 cum
1051 2931 1167 2998 magna

106 3015 194 3101 gloria
212 3021 244 3084 in
266 3022 412 3085 exercitu
432 3023 539 3086 fuerat
559 3045 567 3086 :
589 3021 678 3086 unde
695 3042 824 3084 summa
844 3018 905 3110 ipsi
931 3015 1020 3104 apud
1047 3013 1167 3077 milites

106 3122 288 3204 auctoritas;
306 3123 403 3187 simul
425 3147 533 3205 amor,
551 3122 642 3211 quod
661 3139 795 3187 noverat
810 3122 1001 3208 plerosque,
1019 3133 1051 3180 et
1069 3115 1167 3179 fortia

48 3263 50 3270 ,
107 3237 209 3286 eorum
228 3223 313 3288 facta
331 3224 472 3289 subinde
492 3223 780 3288 commemorabat.
802 3221 835 3286 Is
855 3221 971 3310 igitur,
993 3217 1167 3306 exploratis

107 3323 246 3390 omnibus
260 3324 358 3413 (uam
368 3326 531 3391 Antonius
540 3325 680 3415 pedibus
692 3347 787 3414 aeger,
798 3337 855 3387 aut
867 3322 1019 3386 simulato
1029 3319 1166 3399 morbo,

107 3425 204 3505 praelio
217 3452 286 3493 non
301 3427 415 3515 alluit)
430 3429 560 3518 signum
576 3451 694 3518 pugnae
706 3426 890 3516 proposuit.
904 3425 1084 3510 Nunquam
1098 3445 1168 3486 cer-

108 3535 199 3590 tatum
220 3545 269 3594 est
290 3530 498 3617 pertinacius.
518 3530 663 3594 Catilinae
686 3528 863 3607 exercitus,
888 3547 1078 3615 quanquam
1095 3523 1169 3587 viri·

107 3620 160 3688 bus
178 3629 298 3718 impar,
321 3654 425 3719 quum
448 3631 553 3721 perire
572 3631 801 3718 unusquisque
821 3627 949 3715 praelio,
969 3649 1067 3713 quam
1086 3648 1166 3713 sup·

108 3724 208 3812 plicis,
225 3732 354 3816 mallet,
369 3733 454 3823 fugae
471 3733 659 3814 immemor,
675 3733 742 3797 vita
757 3731 871 3811 citius,
885 3753 985 3818 quam
1000 3729 1092 3807 loco,
1107 3724 1167 3788 de·

107 3825 172 3906 pelli
189 3835 306 3918 potuit.

136 3981 203 4046 ΒΝ.
214 3991 310 4041 Sallust.
325 3993 397 4041 Catil.
410 4009 464 4058 cap.
482 3994 524 4043 ⁵6.
536 4023 571 4032 —
583 3995 640 4044 Dio.
655 4021 691 4031 -
704 3995 771 4043 etur.
789 4019 826 4030 -
838 3991 890 4042 Jul.
900 3991 992 4053 obneq.
1005 4016 1042 4026 -
1053 3986 1166 4036 Cassiod.

107 4061 189 4116 Chron,
209 4099 243 4111 —
262 4076 370 4141 Applan.
383 4077 438 4128 etv.
450 4077 493 4126 lib.
512 4081 544 4126 Π.
562 4105 597 4116 -
616 4077 632 4142 5
649 4079 681 4126 V.
695 4079 755 4126 Dio.
771 4105 806 4115 —
817 4076 871 4126 Cic.
884 4091 933 4140 pro
943 4076 1011 4124 sm.
1022 4089 1076 4136 cap-
1089 4073 1114 4121 5.
1130 4097 1169 4108 -

108 4141 394 4210 §unte-sunm.
1092 4182 1096 4188 ·
