2875 4900
277 351 326 436 46
454 353 521 420 JO.
546 349 891 421 FRElNSllEMII
923 353 1164 440 SUPPLEM.

300 473 385 538 bello
401 470 648 537 collideremur!
671 487 705 533 at
718 491 798 534 sero
814 485 871 534 aut
887 452 1056 560 nunquam
1075 471 1182 538 datam
1200 475 1238 538 iis
1258 477 1339 541 eivi-

277 606 290 631 .
300 591 399 641 tatem
413 573 578 662 oportuit,
593 587 650 636 aut
662 570 751 635 bona
763 569 871 634 datam
885 569 959 636 fide.
976 573 1153 639 Odistorta
1164 575 1339 640 hominum

247 669 251 674 ’
276 675 442 765 singenia!
464 695 486 738 ο
504 688 671 760 corruptas
690 673 837 736 mentes!
859 673 1070 738 amicissimos
1084 673 1184 739 modo
1198 679 1340 765 populos

276 776 408 843 «subito
427 773 572 839 tumultu
589 771 782 854 dissiluisse;
802 774 957 861 repletam
976 777 1072 839 armis
1094 777 1236 859 ltaliam,
1252 780 1339 842 ferro

277 893 397 964 satque
411 876 487 964 igne
501 886 673 954 vastatam3
693 889 837 937 extrema
857 890 890 939 et
905 876 1018 940 fecisse
1038 877 1157 959 socios,
1179 895 1213 943 et
1227 901 1339 967 passos

277 999 387 1058 aesse,
404 975 577 1063 quisquam
596 995 681 1037 sanae
702 975 821 1039 mentis
839 974 1011 1040 crediderit
1031 999 1092 1065 pro
1113 981 1245 1044 nomine
1265 996 1340 1044 tan-

276 1109 290 1134 «
300 1093 389 1157 mm,
405 1096 473 1138 non
484 1096 545 1162 pro
554 1072 627 1153 jure
640 1074 797 1138 civitatis?
806 1077 859 1140 An
868 1097 946 1140 vero
957 1079 1138 1144 existimare
1148 1095 1340 1168 potuerunt,

276 1200 371 1257 «vos,
385 1174 487 1264 quiin
497 1173 603 1237 media
613 1173 779 1262 republica
787 1197 922 1240 romana
934 1179 1001 1242 nati
1012 1180 1157 1267 plerique
1169 1197 1201 1246 et
1211 1181 1342 1246 educati

276 1278 391 1358 «estis,
414 1274 518 1362 decipi
539 1290 606 1337 tam
629 1275 768 1362 turpiter
788 1298 900 1364 posse,
923 1292 961 1342 ut
983 1281 1196 1366 appellatione
1218 1282 1340 1346 civium

279 1411 292 1436 ι
301 1395 514 1442 romanorum
525 1376 688 1456 contenti,
701 1399 769 1463 quo
777 1377 861 1458 jure,
873 1401 1002 1467 quaque
1012 1379 1200 1446 conditione
1212 1385 1340 1448 romani

277 1480 385 1545 «cives
402 1491 553 1567 agerent,
569 1498 638 1540 non
651 1478 880 1564 requireretis?

320 1582 409 1644 XIV.
425 1579 610 1644 «Nimirum
625 1578 775 1667 improba
795 1579 952 1668 cupiditas
970 1581 1177 1664 dominandi,
1193 1599 1227 1648 et
1240 1607 1341 1649 suum

278 1682 341 1746 «ad
355 1682 486 1745 lucrum
504 1678 654 1744 trahendi
671 1679 923 1768 rempublicam,
946 1681 990 1746 ita
1013 1684 1181 1748 excecavit
1195 1685 1341 1767 animos,

277 1816 290 1841 a
300 1801 338 1848 ut
353 1783 502 1847 homines
515 1797 629 1846 caetera
642 1805 709 1845 non
727 1781 952 1871 stupidissimi,
972 1799 1093 1847 tantam
1108 1784 1193 1849 hanc
1207 1801 1343 1874 tamque

276 1917 291 1943 a
301 1885 495 1974 singularem
507 1885 681 1947 amentiam
687 1881 797 1946 videre
805 1897 903 1971 atque
912 1884 1154 1972 deprehendere
1163 1903 1342 1975 nequeant.

277 2020 290 2044 a
300 1989 404 2078 Igitur
416 1986 532 2050 festivo
547 2007 624 2049 sane
639 1983 794 2065 consilio,
812 2007 915 2072 quum
935 1985 1099 2072 aliquanto
1116 1986 1263 2074 pluribus
1281 1987 1343 2052 da-

276 2104 374 2152 «rent
387 2087 565 2165 civitatem,
582 2107 681 2171 quam
697 2101 805 2148 essent
819 2085 897 2172 ipsi,
914 2086 1064 2173 aquibus
1077 2085 1230 2171 dabatur,
1243 2089 1344 2177 quin·

276 2211 363 2277 aque
384 2204 418 2252 et
439 2187 571 2275 triginta
593 2184 699 2247 tribus
716 2185 817 2247 veteri
837 2186 961 2271 populo
978 2187 1096 2250 relictae
1112 2203 1208 2269 sunt3
1227 2189 1344 2269 majori

276 2293 396 2379 «longe
414 2307 553 2351 numero
568 2285 743 2349 bominum
761 2301 837 2349 octo
854 2285 1003 2350 videlicet
1020 2288 1191 2353 attributae.
1206 2292 1248 2354 lt
1260 2313 1343 2355 vero

277 2423 290 2445 ι
301 2392 372 2480 quis
390 2389 509 2469 nescit,
525 2389 569 2452 ita
583 2402 807 2476 comparatum
821 2409 890 2451 esse
907 2387 1034 2471 llomae,
1049 2403 1087 2453 ut
1101 2391 1239 2456 maxima
1252 2415 1344 2481 quar·

278 2525 292 2549 a
302 2514 368 2581 que
380 2490 510 2581 negotia
524 2490 655 2553 tributis
671 2488 810 2553 comitiis
827 2490 1043 2578 peragantur?

320 2592 392 2657 XV.
407 2622 420 2648 ι
429 2592 487 2656 His
498 2592 702 2681 magistratus
714 2606 883 2672 creantur,
898 2591 953 2679 qui
965 2592 1089 2656 civibus
1100 2595 1252 2661 omnibus
1262 2619 1346 2684 prae·

275 2696 381 2775 «sint3
397 2694 448 2758 bis
469 2694 652 2758 sciscuntur
668 2692 756 2781 leges
775 2692 852 2779 ipsis
871 2716 1005 2781 quoque
1021 2696 1260 2785 magistratibus
1277 2698 1345 2761 im-

276 2829 290 2852 ·
300 2810 472 2884 peraturae3
485 2816 545 2857 nec
554 2792 652 2874 aliud,
660 2792 723 2856 nisi
732 2815 791 2881 per
799 2792 867 2873 bas,
875 2793 916 2856 ad
923 2794 1076 2883 pleraque
1085 2797 1346 2863 sacerdotiorum

275 2930 289 2953 a
300 2898 362 2960 iter
376 2912 447 2960 est:
466 2909 632 2983 postremo
650 2894 770 2981 quibus
792 2893 833 2957 de
855 2894 1047 2963 criminibus
1065 2898 1106 2963 ad
1125 2900 1237 2990 populi
1252 2899 1345 2979 judi·

275 2999 386 3062 ·cium
402 2998 486 3076 itur,
505 2994 665 3085 suffragiis
685 2994 833 3060 tribuum
853 2995 1031 3062 decidenda
1051 3021 1102 3063 res
1125 3015 1182 3064 est.
1200 3000 1267 3063 Vos
1284 3023 1347 3063 au·

276 3116 382 3179 «tem,
397 3097 463 3160 boc
481 3113 548 3177 est,
572 3097 722 3161 universa
745 3097 813 3162 haec
834 3098 991 3162 Italorum
1009 3097 1202 3181 multitudo,
1222 3122 1345 3187 paucas

276 3215 332 3263 «et
346 3214 504 3263 extremas
522 3200 556 3261 in
575 3198 679 3263 tribus
698 3199 853 3293 conjecti,
872 3215 941 3263 tota
956 3200 1020 3263 vita
1034 3216 1155 3282 vestra,
1176 3223 1218 3264 ne
1242 3204 1347 3267 semel
1418 3192 1419 3201 ἵ

275 3330 288 3354 ι
298 3298 431 3387 quidem
447 3299 488 3364 ad
502 3300 653 3390 suffragia
666 3299 872 3363 vocabimini.
889 3300 1040 3381 Quorum
1054 3302 1153 3391 igitur
1166 3302 1346 3368 hominum

275 3401 334 3463 «in
356 3400 408 3465 his
434 3402 557 3482 causis,
580 3402 700 3488 quibus
722 3414 792 3463 tota
812 3400 916 3465 ferme
935 3402 1115 3489 respublica
1136 3404 1345 3487 continetur,

275 3533 289 3560 ι
299 3503 395 3568 nullae
410 3519 467 3567 aut
482 3503 604 3590 exiguae
617 3516 723 3590 partes
739 3516 833 3581 sunt,
851 3523 907 3565 eos
924 3502 1083 3565 vocabulo
1099 3502 1219 3566 civium
1237 3504 1348 3591 appel·

274 3606 356 3669 «lari
378 3604 459 3694 quid
479 3603 596 3682 refert,
618 3601 646 3664 si
668 3601 710 3664 ab
730 3602 884 3665 omnibus
910 3603 1048 3692 negotiis
1071 3604 1227 3691 publicis,
1251 3604 1346 3670 baud

274 3730 389 3773 «secus
403 3724 502 3793 atque
518 3702 696 3792 peregrini,
712 3703 930 3768 abarcentur?

318 3807 524 3874 xv1.«}1aec
546 3804 685 3868 ludibria
702 3826 760 3868 vos
784 3806 850 3893 pati
876 3828 945 3870 non
966 3828 1061 3894 posse
1083 3808 1155 3893 quis
1183 3808 1345 3887 miretur,

274 3932 400 4002 aquum
428 3929 467 3973 ex
496 3905 659 3970 veteribus
687 3908 865 3989 Romanis,
896 3922 1061 3996 quotquot
1087 3908 1172 3996 sequi
1196 3908 1347 3997 justique

273 4026 457 4090 «amantes,
471 4024 504 4073 et
517 4008 605 4096 pacis
615 4008 923 4097 tranquillitatisque
936 4008 1072 4073 studiosi
1089 4010 1240 4087 luerunt,
1258 4013 1346 4075 ferre

272 4108 522 4201 «nequiverinti
537 4111 611 4175 Nec
630 4111 718 4175 enim
742 4130 804 4197 ego
828 4111 917 4175 solus
936 4109 1034 4191 hujus
1058 4132 1160 4175 causae
1182 4132 1256 4175 sum
1272 4132 1346 4177 am·
