2875 4900
255 358 311 454 'ru
339 388 450 455 noc.
478 388 573 455 ma.
600 388 686 456 civ
715 390 928 459 mvnuu.
1055 388 1123 463 533

113 503 173 569 LV.
197 503 261 569 Sed
279 505 375 588 olim,
394 521 432 570 ut
451 508 609 588 arbitror,
633 509 707 595 quia
726 510 812 597 pacis
828 525 911 575 artes
933 511 1041 575 minus
1063 513 1128 577 fre·

74 605 326 691 quentabantur,
350 607 483 671 uberior
508 608 648 672 militum
674 610 767 697 copia
789 611 851 674 fuit
874 634 881 674 :
906 634 995 675 nunc
1014 635 1053 677 eo
1075 637 1127 677 res

76 704 204 769 deducta
224 722 290 788 est,
315 723 353 771 ut
375 730 499 796 magnae
516 710 708 775 eruditionis
724 734 798 775 cum
818 712 935 802 insigni
951 714 1125 801 patriarum

76 827 175 867 rerum
189 806 303 893 peritia
320 806 429 871 Gallus
448 809 588 875 scribere
607 834 675 874 non
692 810 865 893 dubitarit,
886 815 975 878 cr'tr'm
990 815 1128 879 ducenta

76 904 169 969 nullu
184 908 371 987 scribarum,
386 932 484 997 quam
496 914 630 997 tmgzuta
645 910 746 975 millae
763 910 912 992 militum,
930 916 1058 1002 reperiri
1072 916 1128 978 Ιιο-

76 1007 119 1071 du
130 1010 163 1075 in
179 1008 293 1073 Gallia
300 1034 403 1098 posse.
422 1014 524 1076 Causa
536 1012 676 1076 bellandi
690 1015 852 1102 praecipua
864 1015 944 1097 fuit,
960 1014 1050 1103 quod
1063 1018 1130 1080 Rel-

77 1133 134 1196 gae,
151 1113 351 1177 successibus
368 1115 498 1177 Caesaris
520 1115 641 1195 territi,
664 1138 724 1179 nec
743 1117 930 1181 ambitionis
950 1116 1069 1207 ignari,
1088 1116 1129 1179 ad

76 1232 106 1273 se
127 1235 255 1300 quoque
279 1230 473 1300 perventura
488 1238 577 1279 arma
597 1216 837 1304 imperiumque
859 1240 1032 1283 romanum
1053 1240 1127 1281 sen·

77 1311 188 1375 tiebant
204 1335 213 1377 ε
231 1312 274 1377 ad
288 1314 352 1378 hoc
367 1338 385 1378 a
398 1314 593 1402 quibusdam
607 1316 804 1381 celticorum
817 1318 983 1383 Gallorum
997 1318 1130 1383 diversis

77 1409 113 1472 de
133 1414 234 1477 causis
258 1413 505 1479 incitabantur:
531 1417 661 1479 initium
687 1440 853 1481 armorum
878 1442 896 1481 a
920 1420 1130 1507 populatione

78 1534 216 1597 agrorum
239 1531 368 1597 ortum,
384 1516 418 1578 in
439 1516 582 1581 Rhemos
605 1516 795 1582 effundente
819 1540 853 1581 se
874 1520 1042 1606 belgarum
1064 1520 1130 1598 ira,

78 1635 208 1698 quorum
221 1617 319 1681 etiam
334 1616 493 1704 oppidum
508 1617 642 1696 Bibrax,
658 1616 774 1679 acriter
789 1616 829 1679 ab
844 1616 892 1677 his
905 1632 1128 1704 oppugnatum

79 1727 129 1774 est
144 1714 205 1778 Sed
224 1716 303 1802 quia
317 1715 406 1779 haud
422 1717 566 1804 longius,
582 1739 680 1805 quam
700 1716 742 1780 ad
765 1732 841 1781 octo
862 1716 960 1780 millia
976 1738 1129 1805 passuum
1196 1762 1200 1771 -
1250 1692 1253 1706 Ι

78 1828 169 1877 (astra
182 1816 315 1880 Caesaris
330 1817 480 1898 aberant,
499 1833 532 1881 et
544 1816 622 1881 inde
640 1816 783 1881 subsidia
802 1816 934 1881 llhemis
954 1818 1129 1881 mitteban-

79 1927 146 1993 tur,
171 1917 284 1980 relicto
309 1917 477 1999 bibracte,
502 1920 606 2007 Belgae
632 1917 782 2006 protinus
810 1916 851 1981 ad
874 1934 975 1983 eastra
996 1940 1147 1983 romana

78 2017 318 2083 contenderunt.

115 2118 192 2183 LVI.
208 2123 325 2184 Axona
340 2119 461 2186 flumen
481 2145 539 2210 per
553 2139 714 2189 extremos
733 2124 933 2188 libemorum
954 2120 1032 2186 fines
1049 2124 1129 2187 labi-

79 2230 142 2299 tur,
159 2219 198 2284 ad
211 2220 305 2309 quod
319 2224 476 2289 Caesareo
491 2240 637 2313 tempore
650 2224 857 2304 consederat,
874 2223 984 2287 castris
998 2222 1131 2312 diligen-

79 2332 121 2379 ter
131 2323 279 2403 munitis,
292 2324 381 2410 quod
393 2340 526 2413 propter
537 2325 781 2389 multitudinem
792 2325 936 2389 bostium
952 2340 983 2388 et
998 2325 1126 2389 virtutis

80 2421 190 2487 eximie
201 2426 337 2506 famam,
350 2449 416 2489 non
429 2442 584 2490 statuerat
594 2426 756 2514 praelium,
770 2440 982 2514 praeterquam
993 2449 1032 2488 ex
1043 2449 1130 2490 com·

80 2523 168 2587 modo
187 2549 267 2606 suo,
285 2527 498 2592 committere.
516 2526 581 2591 Sed
596 2543 768 2615 postquam
785 2529 818 2590 in
834 2527 973 2590 transitu
988 2525 1130 2591 fluminis

79 2620 238 2710 impeditos
263 2625 376 2690 didicit
397 2627 493 2714 (nam
517 2644 555 2691 ut
575 2627 616 2708 Q.
638 2628 801 2691 Titurium
821 2628 962 2716 legatum
982 2649 1057 2689 cum
1075 2651 1130 2692 sex

81 2723 257 2792 cohortibus
276 2727 311 2790 iu
331 2729 430 2792 altera
447 2729 517 2816 ripa
532 2728 650 2792 relictis
672 2728 912 2816 opprimerent,
930 2741 1003 2807 aut,
1022 2729 1049 2790 si
1066 2729 1129 2791 hoe

81 2843 138 2886 non
153 2842 304 2913 possent,
321 2829 522 2892 Rhemorum
542 2845 703 2893 vastarent
722 2850 834 2918 agros,
850 2843 974 2916 partem
993 2851 1128 2892 suorum

80 2926 277 2992 transducere
288 2929 527 3015 conabantur),
544 2953 619 2993 cum
634 2931 725 2993 omni
741 2930 887 3016 equitatu
900 2949 937 2991 ac
952 2929 1012 2991 leri
1027 2951 1129 2992 arma·

81 3037 143 3088 tura
154 3047 288 3115 pontem
305 3046 536 3120 transgressus,
550 3031 669 3094 multos
683 3030 818 3111 occidit;
834 3029 912 3093 alios
924 3051 982 3116 per
994 3051 1129 3093 suorum

79 3146 203 3215 corpora
229 3132 366 3194 transire
390 3149 565 3214 conantes,
593 3129 802 3195 multitudine
827 3129 964 3192 telorum
990 3131 1129 3217 repulit3

80 3226 207 3314 aliquem
222 3255 417 3313 numerum,
433 3234 490 3320 qui
501 3232 567 3310 jam
583 3233 819 3311 transmiserat,
834 3230 979 3318 equitatu
993 3231 1132 3296 circum·

80 3347 166 3396 vemt.

117 3432 211 3500 LVII.
229 3438 363 3516 Hostes,
381 3437 444 3500 sibi
458 3459 517 3500 sua
532 3437 664 3500 consilia
678 3457 793 3523 parum
810 3432 944 3496 feliciter
959 3430 1133 3496 succedere
1231 3426 1235 3441 '

82 3535 205 3617 experti,
227 3535 268 3600 ad
284 3536 348 3599 hoc
363 3535 495 3618 audito,
513 3537 690 3601 concitatos
708 3560 727 3599 a
746 3537 867 3600 Caesare
885 3532 1010 3597 AEducs
1027 3535 1132 3598 bello-

81 3648 223 3699 vacorum
239 3635 320 3701 fines
335 3637 494 3702 hostiliter
509 3640 661 3716 intrasse,
678 3635 819 3700 secunda
836 3634 940 3723 vigilia
957 3634 1046 3698 nullo
1063 3657 1133 3699 cer·

83 3743 111 3789 10
126 3735 238 3801 ordine
253 3759 360 3826 neque
376 3740 513 3827 imperio
530 3738 571 3803 ad
586 3761 644 3803 sua
660 3735 817 3825 proficisci
834 3735 1045 3800 instituerunt
1063 3758 1070 3798 :
1088 3737 1134 3798 sic

83 3827 157 3896 iuter
176 3859 209 3900 se
226 3839 328 3926 pacti,
346 3855 385 3902 ut
406 3841 462 3926 qui
480 3863 594 3903 eorum
611 3839 738 3927 primia
758 3839 879 3900 Caesare
900 3835 992 3922 petiti
1008 3851 1133 3913 essent,

82 3928 117 3992 ad
131 3933 246 4000 borum
263 3937 485 4004 defensionem
505 3940 646 4003 universi
662 3953 904 4002 concurrerent.
926 3937 1046 4013 Caesar,
1066 3933 1134 3998 dis

112 4122 186 4185 §W
197 4131 323 4192 Pusquier,
336 4130 481 4180 Μινώα
492 4132 522 4178 de
536 4133 562 4178 lu
575 4133 681 4188 Franco,
697 4133 722 4187 1,
738 4131 761 4178 3.
772 4155 806 4168 -·
821 4131 877 4178 Dio.
887 4154 921 4165 -
930 4129 991 4174 Ges.
