2875 4900
304 364 369 457 ¹74
472 364 540 431 JO.
567 363 907 433 FREINSHEMII
938 364 1182 436 SUPPLEM.

341 482 400 547 xl.
419 482 522 563 Sulla,
541 503 645 569 Qum
665 504 704 543 ex
727 482 885 545 sententia
901 505 969 547 rem
988 483 1162 570 procedere
1182 491 1356 576 comperis-

297 599 363 664 set,
383 583 464 647 nihil
483 598 652 647 cunctatus
670 580 712 643 ad
734 581 856 644 Urbem
879 582 984 665 venit,
1006 598 1038 646 et
1057 584 1157 670 copiis
1177 586 1212 649 in
1232 588 1356 675 Campo

293 684 389 761 jussis
402 683 549 764 tendere,
562 682 741 770 ingressus,
754 681 840 745 bona
853 680 1076 765 inimicorum,
1089 684 1145 771 qui
1161 686 1223 748 sub
1239 686 1355 752 adven·

295 802 366 849 tum
378 786 447 867 ejus
462 806 575 848 omnes
592 781 819 870 profugerant,
835 782 897 845 sub
916 782 1005 845 basta
1020 783 1174 849 vendidit.
1187 786 1353 853 Advocato

294 885 412 951 deinde
426 888 460 949 in
474 885 664 949 concionem
677 883 818 969 populo,
831 911 844 936 ι
854 882 1074 963 necessitatem
1088 900 1277 972 presentem
1293 889 1353 950 mi-

293 1002 456 1068 «seratas,
479 984 571 1075 quod
595 984 713 1047 iterum
738 997 878 1046 armatus
904 980 992 1045 adire
1014 982 1135 1047 Urbem
1163 1005 1349 1075 cogeretur,

293 1109 413 1175 nquam
435 1102 547 1150 contra
568 1106 700 1147 omnem
721 1082 786 1146 vim
805 1099 902 1170 atque
922 1104 1020 1147 omne
1039 1084 1236 1170 periculum,
1252 1091 1349 1154 armis

292 1188 382 1251 «suis
395 1208 521 1274 semper
531 1184 706 1249 studuisset
715 1180 904 1263 defendere3
917 1181 1157 1269 improbitatem
1169 1203 1266 1275 atque
1274 1212 1349 1277 per.

291 1318 304 1341 ·
313 1288 462 1351 simelam
477 1285 733 1350 adversariorum
745 1282 917 1363 incusavit,
932 1282 989 1370 qui
1005 1304 1111 1371 neque
1126 1288 1266 1352 secunda
1279 1290 1332 1354 lor

289 1418 303 1443 ι
314 1403 392 1451 tuna
407 1387 585 1478 quiescere,
602 1406 709 1473 neque
723 1384 854 1447 adversa
871 1382 1026 1470 poenitere
1040 1382 1236 1451 didicissent.

333 1487 407 1551 llll.
425 1485 515 1549 asiai
530 1504 657 1571 semper
671 1496 799 1547 certum
819 1480 985 1567 fixumque
1000 1481 1116 1565 fuisse,
1134 1482 1168 1547 in
1185 1485 1346 1552 honorem

288 1585 493 1651 -communis
508 1585 635 1673 patrias,
647 1581 860 1645 acerbissimis
877 1580 1062 1645 adversariis
1080 1604 1219 1671 parcere.
1240 1588 1344 1668 Hujus

289 1688 409 1753 «animi
429 1711 465 1751 se
485 1708 552 1749 uon
574 1707 652 1748 suos
672 1699 797 1747 tantum
820 1680 917 1745 duces
937 1681 1141 1773 legatosque,
1159 1684 1215 1750 sed
1235 1688 1343 1776 ipsum

287 1788 467 1876 apopulum
490 1807 662 1849 romanum
687 1782 806 1846 habere
829 1798 960 1862 testem,
986 1784 1039 1847 cui
1062 1783 1226 1849 lenitatem
1251 1811 1342 1853 suam

285 1910 434 1977 «semper
446 1884 645 1975 approbarit,
662 1880 818 1971 quamdiu
829 1904 889 1947 suo
900 1904 935 1946 se
947 1884 1078 1973 ingenio
1092 1886 1140 1949 uti
1153 1890 1342 1974 perversitas

284 1990 513 2054 «inimicorum
529 1986 663 2049 sivisset.
683 1984 747 2047 Sed
766 1983 823 2046 ubi
838 1983 972 2067 viderit,
994 1982 1125 2049 eosdem
1143 1986 1235 2068 illos,
1255 2010 1341 2074 quo·-

282 2114 378 2153 nrum
400 2089 531 2171 injurias
553 2086 661 2175 patriae
684 2083 915 2165 condonasset,
941 2106 1032 2147 suam
1057 2086 1340 2151 mansuetudinem

281 2214 365 2281 «pro
382 2189 507 2280 ignavia
522 2188 682 2276 accipere,
701 2200 798 2273 atque
814 2184 902 2247 velut
919 2183 1054 2272 impune
1069 2184 1228 2272 quidlibet
1241 2209 1341 2250 ausu-

230 2277 235 2289 ¹
282 2315 373 2366 «ros,
385 2292 444 2379 ipsi
456 2290 629 2379 patriaeque
641 2285 787 2349 eamdem
800 2285 977 2372 perniciem
990 2284 1152 2366 meditari3
1164 2284 1229 2348 vim
1240 2302 1340 2372 atque

280 2392 513 2456 «temeritatem
537 2387 761 2479 improborum
786 2388 903 2450 virtute
928 2408 964 2450 ac
986 2385 1164 2449 constantia
1186 2384 1338 2472 repulsu·

279 2523 292 2546 «
302 2515 393 2572 rum,
406 2491 546 2556 scelestis
559 2506 656 2576 atque
670 2485 798 2551 nefariis
813 2487 910 2550 armis
922 2485 1007 2565 justa
1020 2508 1057 2550 ac
1067 2486 1120 2574 pia
1135 2485 1336 2574 opposuisse.

321 2591 413 2655 XllI.
431 2590 593 2654 «affuisse
611 2588 706 2652 etiam
726 2609 827 2650 causae
844 2586 968 2649 meliori
986 2585 1081 2668 deos,
1098 2587 1335 2673 affuturosque.

276 2721 289 2748 a
298 2689 506 2756 Conliderent
516 2690 615 2778 igitur
624 2688 784 2771 Quirites,
795 2702 827 2751 et
836 2685 1111 2774 quemadmodum
1124 2687 1336 2776 temperando

275 2816 314 2856 «a
330 2793 426 2857 bonis
443 2789 682 2869 innocentium,
703 2809 775 2874 quae
791 2785 969 2873 diripienda
985 2785 1061 2874 ipsis
1078 2786 1167 2874 pravi
1182 2787 1335 2850 homines

273 2893 504 2974 «objecissent,
528 2889 654 2978 insigne
678 2886 854 2952 edidissent
875 2886 1103 2950 benevolentiae
1126 2907 1191 2949 suae
1216 2886 1248 2948 in
1275 2886 1334 2950 bas

273 3013 402 3083 ·partes
417 2992 672 3071 documentum,
689 2991 734 3053 ite
749 2989 830 3052 nihil
845 3011 863 3051 a
878 3009 912 3052 se
932 2987 1035 3070 aliud,
1052 3009 1148 3075 quam
1167 2988 1332 3075 quaeipsis

273 3113 403 3162 «essent
421 3094 890 3185 optatissima‚‘exspectarent‚
911 3089 1007 3176 paulo
1022 3103 1096 3175 post
1111 3087 1245 3151 sublatis
1262 3087 1330 3151 dis·

271 3228 285 3255 ·
293 3197 427 3279 oordiis,
440 3217 571 3284 pacem,
583 3209 617 3258 et
628 3193 755 3280 qualem
768 3190 985 3255 desiderarent
996 3189 1178 3277 reipublice
1192 3201 1329 3269 statum,

273 3297 402 3362 nrisuri.
410 3329 424 3353 ι
433 3297 509 3359 Haec
520 3296 579 3376 ita,
592 3295 640 3358 uti
653 3293 739 3358 dicta
749 3309 855 3374 erant,
867 3315 885 3355 a
896 3291 1056 3380 plerisque
1067 3289 1326 3378 accipiebantur:

271 3415 304 3462 at
317 3396 436 3484 quibus
448 3395 609 3482 reputatio
622 3411 824 3482 temporum,
841 3408 873 3458 et
885 3415 957 3480 quae
968 3392 1064 3480 paulo
1075 3407 1150 3457 ante
1161 3391 1326 3473 viderant,

269 3499 373 3562 acrius
394 3497 585 3562 exercebant
607 3495 752 3583 ingenia,
774 3517 842 3558 rem
861 3517 929 3558 esse
951 3493 1085 3584 periculi
1107 3491 1326 3579 plenissimam

268 3600 487 3682 autumabant.

311 3703 400 3766 x1V.
416 3702 542 3767 «Etiam
563 3701 750 3765 melioribus
773 3699 905 3780 seculis,
924 3720 1025 3787 quum
1048 3697 1195 3760 nondum
1213 3696 1324 3783 quoti·

265 3804 391 3870 «dunis
401 3804 498 3868 rebus
516 3803 675 3866 accenseri
686 3803 767 3866 bella
781 3802 900 3884 civilia,
922 3819 955 3866 et
969 3803 1003 3866 in
1018 3801 1115 3882 urbe,
1131 3801 1164 3863 in
1182 3801 1274 3879 foro,
1289 3799 1321 3861 in

263 3907 376 3971 «curia
389 3893 506 3996 pugnae
521 3904 687 3993 ‹aedesquc
701 3920 850 3994 possent,
869 3927 952 3992 saepe
971 3903 1163 3968 discordiam
1179 3903 1322 3988 partium

262 4039 275 4064 ι
285 4007 325 4072 ad
337 4009 525 4096 sanguinem
537 4029 713 4096 necemque
724 4006 970 4071 imbecilliorum
984 4003 1172 4094 pervenisse.
1184 4002 1323 4083 Sullam,

262 4110 411 4174 «tametsi
427 4107 559 4173 mirifice
575 4110 683 4174 adhuc
696 4110 861 4176 lenitatem
879 4109 1043 4193 prael'erat,
1061 4107 1104 4170 ita
1118 4121 1234 4168 tantem
1249 4105 1323 4167 irri-
