2875 4900
300 381 352 448 IN
382 379 733 449 LOC.LIB.C1X
760 379 979 448 LlVIANI.
1102 377 1173 474 667

103 501 276 582 ficiscitur,
302 499 414 564 Piceni
431 498 567 581 urbem,
585 521 683 587 quam
705 500 743 564 P.
761 500 881 564 Accius
902 499 1006 563 Varus
1026 501 1177 588 praesidio

103 603 252 683 tenebat,
271 600 404 688 agendis
426 600 460 663 in
478 599 600 664 Piceno
619 599 799 664 delectibus
817 601 973 664 intentus.
990 601 1176 666 Auximates

105 705 227 768 Varum
245 718 387 783 terrent,
402 717 435 766 et
450 700 606 766 decedere
625 699 747 789 oppido
763 717 894 790 cogunt.
911 701 1102 790 Fugientem
1117 724 1176 789 per

103 804 255 894 impedita
273 805 363 886 loca,
383 802 515 891 quidam
532 803 662 868 Caesaris
680 802 798 880 milites
814 803 980 889 assequuti
1000 803 1178 868 consistere

103 922 229 994 cogunt
243 895 346 993 :post
364 905 498 968 brevem
514 927 659 994 pugnam
683 903 842 968 deseritur
859 927 879 966 a
895 903 963 967 suis
977 905 1105 968 Varus:
1123 905 1177 968 alii

104 1007 264 1088 domum,
281 1007 428 1094 plerique
446 1004 488 1070 ad
511 1006 668 1068 Caesarem
684 1019 836 1093 pergunt.
853 1006 930 1068 Hac
948 1006 1177 1092 Romamper·

104 1111 184 1189 lata,
203 1128 307 1196 quum
320 1106 449 1188 jamjam
467 1104 579 1170 adesse
595 1107 721 1187 Caesar,
740 1105 951 1192 conspicique
966 1107 1093 1194 equites
1108 1106 1178 1185 ejus

104 1210 185 1274 falso
201 1209 404 1289 dicerentur,
422 1207 468 1272 sic
482 1221 711 1272 exterruerunt
726 1206 903 1271 Lentulum
920 1208 1105 1288 consulem,
1120 1209 1177 1294 qui

105 1333 146 1374 ex
161 1308 314 1374 mandato
330 1308 499 1397 Pompeii,
517 1307 607 1395 quod
626 1331 656 1371 a.
675 1306 708 1371 d
727 1307 790 1370 Vll
804 1306 850 1370 id.
871 1307 952 1372 febr.
972 1331 1031 1395 per
1048 1310 1086 1372 C.
1101 1311 1178 1374 Cas·

105 1412 191 1476 sium
214 1411 384 1476 tribum
407 1410 511 1499 plebis
528 1411 672 1498 Capuam
694 1423 763 1472 erat
780 1408 932 1488 allatum,
948 1409 990 1474 ad
1006 1411 1177 1499 pecuniam

105 1512 319 1601 promendam
331 1512 489 1599 Pompeio
502 1525 653 1592 venerat,
671 1526 728 1592 ut,
741 1526 855 1598 aperto
870 1511 1030 1574 sanctiore
1048 1513 1178 1593 orario,

106 1614 256 1702 protinus
269 1635 308 1677 ex
322 1613 410 1677 Urbe
428 1613 624 1701 profugeret.

151 1720 232 1784 LVl.
257 1720 408 1783 Delectus
429 1718 514 1782 intra
539 1718 657 1782 urbem
681 1717 864 1799 omittitur,
887 1739 994 1804 neque
1010 1719 1079 1782 ullo
1094 1721 1181 1784 inter

106 1823 245 1885 Romam
270 1843 307 1884 ac
333 1822 478 1908 Capuam
502 1817 614 1883 fiditur
636 1819 731 1883 loco:
751 1821 870 1906 Capum
894 1817 1030 1881 demum
1048 1843 1083 1883 se
1098 1843 1180 1884 con·

99 1919 256 2001 firmant,
278 1919 392 2007 ibique
415 1919 576 1984 delectum
600 1919 778 1984 instituunt
793 1941 907 2016 agere,
925 1942 1040 2007 parum
1057 1921 1182 2009 prolixe

106 2021 381 2109 respondentibus
406 2020 599 2108 Campanis,
623 2017 713 2108 quod
733 2018 893 2083 beneficio
909 2036 943 2081 et
958 2019 1028 2108 lege
1046 2022 1179 2086 Caesaris

107 2121 241 2187 deducti
270 2143 340 2186 earn
375 2123 409 2184 in
439 2122 600 2186 coloniam
625 2123 764 2185 fuerant.
788 2119 1007 2200 Gladiatores,
1029 2122 1180 2207 quesibi

107 2226 214 2288 Caesar
229 2224 335 2288 alebat
352 2221 411 2312 (ad
428 2222 495 2286 duo
513 2221 612 2286 millia
627 2222 727 2286 luisse
741 2220 938 2309 putantur),
957 2221 1113 2285 Lentulus
1128 2239 1179 2287 at·

108 2323 241 2387 tributis
257 2324 349 2411 equis
368 2323 511 2410 sequias
526 2323 684 2405 jusserat:
705 2320 762 2387 sed
779 2339 995 2410 posteaquam
1012 2321 1048 2386 id
1067 2345 1179 2411 mpre·

107 2422 314 2488 hendebatur
330 2423 552 2505 sermonibus,
568 2423 703 2514 singulis
723 2422 1063 2512 patribusfamiliarum
1082 2425 1179 2493 binos

108 2526 284 2613 Pompeius
301 2524 467 2589 distribuit
482 2524 638 2589 custodiae
653 2547 761 2589 causa.

153 2627 251 2691 LVII.
274 2624 338 2691 Sed
352 2628 476 2707 Caesar,
492 2626 634 2691 Auximo
649 2648 861 2716 progressus,
879 2642 987 2710 totum
1001 2629 1177 2713 Picenum,

107 2728 296 2792 volentibus
314 2727 513 2814 praefecturis
536 2728 708 2809 omnibus,
733 2729 866 2817 recepit.
890 2730 996 2793 Etiam
1022 2730 1179 2819 Cingulo,

108 2848 299 2915 quanquam
320 2826 355 2889 id
377 2826 536 2914 oppidum
554 2828 716 2893 Labienus
735 2851 794 2893 sua
809 2829 948 2918 pecunia
964 2829 1180 2895 exaedificave-

108 2944 178 3008 rat,
194 2928 289 3018 legati
303 2927 345 2991 ad
359 2930 517 2993 Gaesarem
532 2945 706 2997 venerunt.
722 2931 836 3011 Quum
850 2931 981 2993 interim
997 2930 1082 3020 legio
1095 2930 1180 2995 duo·

108 3029 235 3093 decima
249 3030 451 3111 accessisset,
469 3032 574 3094 Caesar
588 3053 663 3095 curn
680 3030 809 3095 duabus
822 3031 1006 3119 legionibus
1022 3033 1179 3095 Asculum

109 3130 268 3195 Picenum
295 3130 485 3212 contendit,
510 3130 567 3195 ubi
592 3134 750 3197 Lentulus
775 3130 929 3220 Spinther
954 3131 1106 3213 curabat,
1131 3133 1182 3197 vir

107 3232 306 3312 consulatis,
326 3254 401 3295 cum
420 3232 610 3297 cohortibus
628 3233 753 3298 decern.
772 3231 836 3297 Sed
853 3254 961 3320 neque
981 3232 1036 3297 hic
1058 3234 1181 3298 ceteris

107 3332 330 3415 constantior,
341 3332 487 3422 profugit
497 3333 685 3422 exoppid03
701 3334 913 3421 desertusque
927 3358 946 3398 a
958 3335 1079 3414 majore
1090 3351 1180 3423 parte

111 3434 269 3517 militum,
288 3434 431 3521 reliquos
447 3436 482 3498 L.
500 3434 747 3499 Vibullio-Rufo
760 3434 875 3515 tradit,
891 3458 910 3497 a
925 3435 1082 3523 Pompeio
1098 3437 1182 3501 forte

110 3535 271 3617 venienti,
285 3536 326 3601 ad
337 3536 485 3601 Picentes
499 3535 687 3601 retinendos
703 3537 737 3599 in
751 3537 911 3623 partibus.
935 3538 1115 3618 Vibullius,
1132 3562 1182 3602 ac·

111 3638 214 3725 ceptis
234 3637 409 3719 militibus,
433 3660 472 3702 ex
494 3638 544 3703 his
567 3654 601 3702 ct
625 3636 804 3702 delectibus
823 3632 1034 3725 'Pompeianis
1057 3639 1181 3726 aliquot

111 3740 264 3803 cobortes
288 3737 436 3821 conficit,
455 3761 532 3803 mox
555 3740 645 3803 venit
665 3738 707 3803 ad
732 3760 809 3803 eum
831 3740 868 3803 C.
886 3740 1044 3803 Lucceius
1063 3740 1178 3804 Hirrus

146 3953 163 4019 5
177 3954 229 4001 LV.
242 3953 305 4003 Plio.
318 3955 372 4013 111,
387 3956 427 4005 13.
437 3982 470 3992 -
485 3956 547 4005 Ces.
561 3982 596 3991 ·-
607 3954 701 4005 Claud
714 3955 961 4014 Atttc.vn,21.-
973 3956 990 4021 5
1004 3957 1069 4010 avt.
1081 3955 1134 4006 Cic.
1146 3955 1179 4003 ad

84 4096 89 4101 ι
111 4038 261 4097 ΔιιίοΝΠ,
273 4046 314 4095 rt.
327 4066 361 4077 -·
374 4041 436 4089 Cas.
448 4066 483 4077 -
497 4040 513 4104 5
525 4040 674 4091 tvtaces.
691 4066 726 4081 ·-
738 4042 786 4105 Ep.
801 4041 887 4105 Pomp·
898 4040 931 4091 ad
942 4040 996 4091 Cic.
1009 4040 1053 4089 lib.
1063 4042 1140 4101 tt1113
1149 4040 1181 4091 ad

112 4120 189 4173 Attio.
199 4136 238 4185 ep.
252 4137 292 4169 ιι.
825 4155 827 4158 -
