2875 4900
286 374 358 447 650
460 382 528 448 JO.
556 380 895 450 FREINSHEMII
927 383 1172 452 SUPPLEM.

284 518 346 587 que
356 499 688 581 tabenensium,
712 514 824 567 conam
837 501 968 567 alterius
980 502 1183 592 cupiditates,
1201 508 1237 570 in
1254 507 1359 571 altera

277 602 465 688 praestitiam
467 598 558 689 fore.

329 704 371 767 X.
391 706 468 768 llaec
484 704 518 767 in
535 706 675 793 speciem
691 722 758 769 tam
779 705 916 770 honesta
933 706 1059 794 populo
1073 706 1156 770 mire
1169 706 1359 795 probaban-

284 818 358 886 tur,
373 806 426 869 cui
443 804 587 894 alioquin
602 806 646 872 ob
659 807 763 896 legem
778 806 939 888 ambitus,
959 828 1026 895 qua
1043 807 1229 896 largitiones
1243 811 1359 875 accisa

284 905 429 991 fuerant,
454 923 593 996 coeperat
610 908 787 997 Pompeius
811 930 882 974 esse
900 909 1005 974 vilior.
1029 908 1094 974 Sed
1115 909 1204 998 apud
1220 928 1359 977 caeteros

284 1007 436 1071 mortales
451 1009 622 1073 auctoritas
640 1010 709 1090 ejus
730 1025 765 1074 ct
785 1010 870 1074 lama
886 1011 985 1101 longe
999 1026 1069 1075 erat
1083 1012 1240 1095 maxima,
1252 1012 1360 1102 idque

208 1150 211 1157 ι
283 1108 349 1173 hoc
364 1125 509 1198 tempore
526 1112 694 1199 apparuit,
711 1132 816 1200 quum
838 1112 1048 1201 Campaniam
1063 1112 1195 1194 abiem,
1216 1114 1360 1202 Neapoli

283 1212 422 1300 graviter
436 1226 592 1300 aegrotare
603 1215 762 1303 cupisset.
780 1214 866 1277 'lirm
881 1215 989 1297 enirn,
1005 1230 1139 1278 auctore
1155 1215 1359 1305 Praxagora,

282 1308 488 1401 Neapolitani
509 1334 571 1402 pro
593 1316 696 1381 salute
714 1316 783 1395 ejus
800 1315 931 1404 publice
949 1332 1026 1381 vota
1044 1334 1278 1406 susceperunt,
1296 1320 1358 1406 qui

282 1430 359 1478 ante
376 1436 452 1477 eum
469 1417 578 1480 honor
595 1418 720 1481 nemini
738 1420 887 1481 Romano
905 1417 1105 1506 contigerat3
1118 1432 1152 1480 et
1163 1418 1227 1505 lroc
1242 1441 1358 1484 exem·

281 1517 393 1605 plum,
408 1518 476 1583 aliis
492 1538 622 1600 amore,
641 1520 754 1583 multis
771 1540 830 1607 per
845 1518 1085 1583 simulationem
1100 1518 1189 1605 paria
1207 1518 1358 1583 fadenti-

281 1616 362 1700 bus,
379 1620 528 1685 universa
542 1620 666 1685 imitata
684 1621 776 1684 ltalia
794 1636 854 1684 est.
875 1618 1023 1701 Deinde,
1042 1636 1216 1708 postquam
1232 1643 1357 1686 conra-

281 1720 365 1803 luit,
389 1722 535 1786 inaudita
559 1722 678 1811 passim
703 1722 813 1786 laetitia
835 1738 869 1785 et
892 1720 1064 1810 gratulatio
1087 1738 1179 1796 orta,
1204 1725 1356 1787 coronati

281 1820 504 1912 Neapolitani,
524 1824 671 1888 coronati
691 1822 883 1902 Puteolani,
911 1822 998 1885 ferite
1017 1821 1124 1885 ubivis
1145 1843 1206 1908 per
1232 1822 1355 1887 multos

282 1924 350 1989 dies
366 1927 511 1991 fuerunt.

326 2026 385 2092 XI.
408 2028 629 2113 Quocumque
651 2025 791 2107 adisset,
816 2023 943 2089 infinita
959 2022 1138 2087 multimdo
1155 2023 1354 2111 procedebat

281 2128 429 2210 obriam3
444 2129 507 2191 viai
516 2142 697 2217 portusque
707 2126 957 2191 sacrificantium
970 2124 1242 2213 epulandumque
1252 2128 1354 2215 agini·

281 2228 378 2292 nibus
403 2229 670 2317 complebantur3
697 2228 918 2318 excipiebatur
935 2247 1012 2291 eum
1030 2226 1177 2307 lacibus,
1195 2228 1230 2291 in
1250 2228 1353 2292 dedu·

254 2407 256 2420 1
281 2330 385 2395 cendo
402 2329 536 2394 lloribus
553 2331 772 2421 spargebatur.
798 2333 907 2417 Atque
933 2350 970 2392 ea
993 2348 1044 2392 res
1073 2325 1209 2392 mirifice
1230 2326 1353 2393 inflavit

251 2434 253 2440 ⁴
281 2433 493 2521 Pompeium,
510 2449 549 2498 ut
561 2436 627 2515 jam
651 2432 745 2498 valde
769 2433 927 2521 inciperet
944 2446 1155 2496 contemnere
1173 2433 1351 2512 canum,

282 2533 458 2621 minusque
474 2558 509 2599 se
525 2549 652 2625 pararet
666 2533 707 2598 ad
726 2551 793 2598 tam
809 2555 907 2621 grave
929 2548 1104 2597 certamen.
1129 2533 1291 2598 Praemisit
1309 2551 1353 2598 ta-

281 2653 356 2699 men
373 2635 414 2701 ad
431 2653 579 2701 senatum
596 2638 722 2717 literas,
737 2650 788 2717 et,
802 2635 935 2699 Caesaris
952 2631 1133 2698 honorifica
1155 2633 1240 2697 facts
1265 2657 1352 2698 men·

280 2737 387 2819 tione,
410 2738 451 2801 ad
468 2761 600 2802 suamm
619 2759 730 2801 rerum
747 2735 1026 2801 enumerationem
1043 2734 1193 2816 transiit,
1212 2759 1295 2824 quas
1309 2737 1350 2800 ab

280 2840 374 2903 initio
391 2841 431 2904 ad
448 2863 483 2905 ea
499 2861 604 2929 usque
619 2855 766 2928 tempora
782 2838 940 2928 gessisset

324 2942 399 3006 XII.
424 2942 536 3030 Neque
548 2963 580 3005 se
594 2940 764 3031 affectasse
777 2942 889 3002 nimios
901 2939 1050 3018 ltaa0m5
1068 2935 1127 3001 sed
1140 2942 1268 3004 tertiam
1282 2963 1350 3002 aaa

277 3043 434 3124 sulntum,
455 3045 689 3134 exercittunque
705 3053 736 3105 et
747 3042 926 3130 provisuros
939 3038 1023 3102 ultro
1035 3037 1179 3118 delatas,
1199 3063 1263 3127 quo
1268 3063 1348 3128 prm

278 3144 392 3208 silium
411 3145 634 3209 constituenda
644 3143 823 3232 reipublicae
833 3141 962 3204 haberet
968 3189 979 3221 ,
997 3145 1159 3229 accepisse.
1178 3141 1279 3206 Nunc
1294 3165 1348 3206 au·

279 3259 357 3324 tem,
374 3267 447 3334 quoe
465 3249 587 3333 iugata
607 3247 765 3310 recusanti
781 3259 897 3322 esseut,
918 3239 1347 3332 uolememsereddemnpe·

277 3349 410 3412 teretibus
417 3397 427 3428 ,
444 3349 518 3413 lieet
533 3348 673 3412 noudum
691 3360 842 3410 exactum
859 3344 981 3433 imperti
995 3358 1113 3434 tenpus
1126 3345 1347 3411 taberunco

279 3471 319 3514 eo
336 3451 537 3539 pertinebat,
553 3465 590 3514 ut
605 3464 637 3515 et
657 3467 748 3513 suam
765 3446 956 3511 modestiam
971 3445 1233 3526 commendaret,
1249 3463 1283 3510 et
1296 3447 1346 3510 in·

278 3550 397 3614 vidium
414 3553 534 3616 laceret
551 3551 688 3632 Caesari,
706 3550 763 3638 qui
781 3571 823 3613 ne
845 3547 939 3612 linito
955 3547 1089 3635 quidem
1104 3548 1245 3636 imperio
1259 3549 1347 3613 dece

278 3651 380 3718 deret.
399 3653 478 3717 Mox
500 3651 541 3715 ad
563 3653 686 3716 Urbem
705 3673 811 3740 quum
830 3651 987 3731 venisset,
1004 3650 1039 3712 in
1060 3650 1208 3714 eamdem
1223 3669 1347 3716 senten

278 3755 354 3820 tiam
372 3755 550 3842 loquutus,
570 3753 652 3816 rilem
673 3755 769 3816 etiam
784 3755 910 3841 plaeere
927 3751 1046 3816 cesari
1059 3750 1260 3832 affirmabat,
1276 3767 1345 3841 post

278 3873 326 3924 tot
350 3857 536 3922 exantlatos
550 3879 614 3945 pra
635 3855 795 3944 republica
817 3854 960 3932 labores,
985 3853 1194 3916 vr'atonarum
1220 3876 1344 3916 suarum

313 4079 328 4143 S
342 4083 374 4128 Χ.
390 4081 455 4128 Plut.
467 4080 492 4126 in
506 4081 592 4143 Pomp.
603 4077 707 4124 --Vcll¹
721 4079 758 4128 ll.
772 4077 813 4131 tt.
826 4075 923 4122 -Cic.
932 4075 1007 4121 Tute.
1020 4075 1048 4131 l,
1063 4075 1104 4131 35,
1114 4075 1181 4121 etad
1192 4075 1341 4123 ameum.

281 4167 326 4224 163
341 4167 392 4226 lx,
404 4166 428 4214 5.
439 4191 474 4201 -
489 4161 553 4223 Dio,
564 4161 607 4210 lib.
620 4161 686 4210 xm.
697 4161 831 4210 —Juvem
841 4161 891 4206 Sat.
902 4159 943 4217 Χ,
954 4173 981 4206 v.
992 4159 1052 4204 stt.
1061 4183 1094 4194 -
1108 4158 1216 4223 Appium
