2875 4900
311 393 383 466 350
489 396 558 462 JO.
585 393 933 462 FRElNSHEMlI
963 393 1206 461 SUPPLEM.

309 519 398 583 enim
415 517 469 581 ille
482 515 524 581 ad
540 514 729 580 Sornatium
746 530 946 602 caeterosque
960 513 1082 602 legatos
1097 536 1134 577 ac
1147 513 1291 576 tribunos
1302 535 1367 576 suos

309 621 508 708 scripsisset,
527 617 646 682 adduci
662 615 801 696 jubens,
827 637 907 702 quas
931 615 1106 702 reliquerat
1132 615 1167 678 in
1187 614 1305 694 Ponto,
1323 637 1368 677 co-

308 723 396 812 pias,
418 720 511 809 quod
523 741 583 808 per
599 718 798 806 Gordyenen
813 718 848 780 in
863 718 1001 782 Parthos
1014 718 1196 806 irrumpere
1211 717 1367 806 cogitabat,

308 825 416 889 dilatis
430 823 561 886 interim
575 822 715 909 Tigrane
728 835 760 882 et
771 819 961 883 Mithridate
973 819 1123 908 regibus3
1136 817 1262 900 milites,
1275 841 1367 906 neque

309 925 350 989 ad
368 924 543 988 Lucullum
559 922 684 1002 ituros,
702 920 963 1009 responderunt,
984 942 1094 1008 neque
1112 919 1234 986 diutius
1254 921 1367 984 futuros

307 1027 342 1089 in
358 1023 525 1115 praesidiis.

351 1127 483 1192 LXVII.
501 1121 602 1206 Quod
616 1123 675 1186 ubi
687 1123 723 1186 in
737 1123 849 1186 eastris
862 1124 990 1188 Luculli
1005 1141 1055 1188 est
1068 1126 1253 1214 cognitum,
1269 1124 1364 1190 eadem

306 1227 513 1294 contumacia
525 1226 556 1288 in
571 1240 764 1314 presentem
778 1226 957 1289 exercitum
971 1227 1132 1314 pervasit:
1146 1249 1259 1290 omnes
1273 1225 1365 1290 mirari

306 1353 344 1394 ac
357 1327 490 1392 laudare
497 1329 699 1415 ponoborum
710 1325 849 1390 nulr'twn
864 1330 987 1390 animos
994 1351 1008 1406 ,·
1024 1327 1081 1391 hos
1094 1351 1170 1392 vere
1185 1329 1307 1408 liberos,
1320 1329 1365 1390 ios

304 1434 390 1495 vt'ros
405 1430 528 1494 dicere:
543 1443 581 1492 at
594 1451 643 1507 se,
660 1442 817 1516 tastquam
833 1427 919 1490 vilio
933 1430 1095 1518 mancqria
1102 1479 1112 1510 ,
1124 1453 1313 1518 quincumque
1327 1431 1365 1492 in·

304 1534 405 1622 quieti
420 1513 544 1595 donzirii
560 1529 746 1619 cupiditates
755 1529 942 1618 jussissent,
964 1530 1019 1593 sub
1040 1529 1141 1594 olium
1150 1555 1246 1620 piene
1265 1530 1361 1608 solem,

305 1637 433 1720 ignotas
448 1636 481 1696 in
497 1647 597 1696 terras
610 1631 717 1710 troii,
736 1632 864 1694 etr'crntsi
886 1633 1034 1718 impervia
1042 1629 1139 1719 sirro
1160 1634 1294 1697 nrembm
1314 1631 1362 1694 ia·

305 1737 414 1799 herent
421 1783 432 1815 ,
447 1736 532 1797 sento
546 1748 579 1798 et
594 1735 743 1798 itinerum
757 1730 864 1796 labore
877 1730 1062 1817 defecturos.
1080 1733 1129 1796 lta
1144 1733 1278 1798 Lucullo
1291 1731 1363 1820 quie·

304 1837 464 1903 scendum
483 1833 674 1924 aliquandiu
697 1850 812 1898 contra
835 1833 935 1898 animi
952 1835 1146 1898 sententiam
1164 1835 1237 1900 luit.
1254 1835 1362 1900 Interea

304 1943 418 2005 Romae
430 1938 547 2002 iisdem
561 1937 752 2002 oonsulibus
764 1936 810 2027 Μ.
823 1936 948 2023 Pupius
960 1936 1036 2000 Piso
1049 1958 1089 2000 ex
1098 1935 1254 2025 Hispania
1264 1936 1362 2000 triuu-

303 2042 433 2131 phavit,
451 2061 520 2104 non
536 2036 716 2104 admodum
737 2039 863 2126 magnis
879 2037 977 2102 rebus
989 2039 1096 2128 gestis.
1112 2039 1258 2127 Sequens
1274 2057 1361 2102 annos

301 2165 408 2207 unum
423 2140 654 2206 tantummodo
672 2141 843 2204 consulem
862 2138 995 2221 babuit,
1013 2141 1054 2222 Q.
1072 2140 1233 2206 Marcium
1245 2142 1361 2230 Regem,

302 2246 379 2334 quia
390 2246 427 2309 L.
441 2245 592 2309 Metellus
605 2243 729 2332 collega
743 2241 812 2321 ejus
827 2242 989 2332 principio
1001 2244 1078 2308 anni
1092 2243 1254 2326 obiverat,
1266 2254 1362 2331 etpost

301 2369 379 2410 eum
399 2347 501 2427 alius,
519 2346 576 2432 qui
594 2346 701 2408 litemt
717 2344 752 2406 in
771 2343 881 2436 locum
901 2345 1023 2410 Metelli
1045 2346 1260 2436 subrogatus;
1277 2362 1361 2432 eaque

300 2472 410 2530 exre,
428 2445 640 2538 postmodum
657 2445 764 2513 suffici
780 2470 998 2535 quemquam,
1017 2448 1131 2538 religio
1150 2450 1325 2515 incesserat.

343 2551 491 2615 LXVlll.
512 2552 639 2615 lnterea
658 2548 882 2631 Mithridates,
899 2572 1068 2615 armorum
1084 2550 1227 2617 officinis
1243 2574 1298 2642 per
1312 2570 1360 2636 op·

299 2652 376 2742 pida
392 2653 569 2733 institutis,
590 2652 749 2740 omnique
768 2652 836 2715 sere
854 2652 1086 2717 Armeniorum
1104 2651 1276 2731 juventute
1294 2671 1361 2715 con·

298 2769 418 2835 tracta,
432 2754 578 2818 delectus
593 2753 726 2843 agebat3
742 2751 832 2818 unde
850 2753 1002 2834 retentis,
1019 2776 1164 2841 quorum
1186 2754 1360 2819 alacritate!

297 2856 401 2919 robur
427 2854 611 2936 eminebat,
637 2854 842 2944 septuaginta
874 2854 1019 2919 millibus
1045 2854 1219 2943 peditum,
1247 2856 1360 2944 triginta

298 2960 447 3047 quinque
470 2958 640 3045 equitum,
656 2971 806 3021 ceteram
825 2955 1072 3021 multitudinem
1090 2956 1226 3025 dimisit.
1246 2960 1302 3023 Eas
1316 2976 1360 3017 co·

296 3059 365 3150 pias
376 3060 410 3122 in
426 3059 579 3122 cohortes
592 3059 723 3145 alasque
734 3058 882 3145 proxime
894 3080 1067 3123 romanum
1081 3082 1209 3125 morem
1221 3060 1358 3133 tributas,

296 3184 357 3249 per
368 3161 519 3224 homines
534 3160 702 3248 ponticos,
719 3182 837 3250 gnaros
857 3160 926 3240 ejus
942 3161 1082 3243 militiae,
1098 3164 1277 3229 exercebat.
1293 3162 1358 3247 Spa·

298 3264 380 3327 tium
401 3265 432 3327 ei
454 3263 577 3327 dabant
594 3285 809 3327 romanorum
828 3263 969 3328 militum
987 3264 1082 3346 vitia,
1101 3265 1169 3345 jam
1183 3267 1278 3331 ¹velut
1295 3280 1357 3351 pte·

296 3365 383 3427 cario
399 3364 596 3452 parentium.
616 3366 695 3429 Haec
709 3366 817 3429 verior
840 3388 935 3429 causa
954 3364 1059 3429 dilatae
1076 3367 1287 3458 expeditionis
1304 3366 1357 3429 Lu·

296 3466 383 3529 cullo
402 3466 483 3542 suit,
502 3490 601 3554 quam
616 3467 755 3556 frigora,
771 3490 844 3555 quae
859 3467 1133 3533 obtendebantur.

339 3570 456 3633 LXIX.
476 3569 582 3657 Igitur
601 3592 669 3633 non
692 3585 769 3633 ante
791 3568 932 3635 mediam
954 3586 1097 3635 testatem
1122 3572 1221 3635 motis
1242 3566 1356 3643 castris,

295 3683 399 3757 quum
413 3669 631 3758 persequendi
647 3671 798 3760 Tigranis
820 3694 915 3736 causa
928 3674 1075 3737 Taurum
1098 3670 1354 3743 transcendisset,

294 3772 370 3836 licet
384 3773 540 3859 opinione
552 3761 610 3835 sira
624 3773 741 3854 salsus,
756 3774 792 3837 in
802 3775 897 3861 plana
911 3774 1046 3839 deduxit
1062 3776 1251 3839 exercitum.
1261 3772 1354 3855 Quam

328 3997 345 4063 s
361 3998 450 4044 txvt.
468 3998 594 4045 blemnon.
606 4022 641 4033 -—
654 3996 712 4044 Dio.
728 4024 764 4033 -
782 3997 891 4062 Appian.
908 3996 1022 4045 Mithrid.
1036 4024 1071 4035 -
1082 3998 1207 4048 rtuurch.
1219 4026 1253 4036 -
1263 4000 1353 4057 Eutrop

293 4108 329 4117 —
342 4078 359 4145 S
374 4080 477 4127 txvtt.
493 4080 525 4127 tt.
537 4080 566 4128 C.
579 4079 648 4139 6843
661 4082 692 4127 A.
705 4082 734 4130 C.
749 4080 791 4129 fit.
810 4108 845 4118 -
863 4080 916 4131 Cic.
935 4084 962 4130 in
978 4084 1027 4132 l’is.
1042 4098 1098 4148 osp.
1115 4084 1163 4142 26,
1182 4095 1207 4131 et
1223 4082 1257 4131 ibi
1273 4084 1353 4132 Δκθῐῑ·

225 4241 231 4255 ι
291 4191 327 4200 -
342 4162 487 4227 §mm
503 4162 611 4227 Appiam
623 4190 659 4200 -
671 4163 781 4228 Phlegon
793 4164 860 4229 apud
871 4164 944 4216 etot.
955 4167 1063 4227 -Dio,
1073 4166 1117 4219 lib.
1128 4168 1239 4217 xm.
