2875 4900
299 379 370 452 608
476 386 545 453 Jo.
573 368 911 455 rnamsnumi
941 388 1189 458 SUPPLEM.

299 518 491 593 potestatem
515 504 670 568 omnibus
692 505 778 569 iacit.
799 504 847 569 Ea
869 526 922 569 res
939 504 1068 571 mitifici
1086 507 1259 588 cujusdam
1278 532 1370 575 nausa

300 606 379 687 fnit,
399 623 432 670 et
448 606 608 695 inopinati
621 622 768 671 eventus.

342 708 417 771 XII.
443 707 575 797 Quippe
595 707 772 789 Sicambri,
794 707 1029 772 transrhenana
1049 708 1156 790 natio,
1176 732 1250 799 quse
1266 734 1370 803 nuper

297 809 498 874 'l'encbteros
514 808 675 897 fugientes
687 822 873 899 receperat,
885 808 1027 896 praedam
1038 830 1078 873 ex
1087 809 1273 875 infortunio
1286 814 1370 877 Ebu·

296 934 416 975 ronum
436 910 572 992 facturi,
589 908 656 973 duo
669 910 819 996 equitum
833 909 950 991 millia,
968 910 1120 974 Rhenum
1139 911 1278 977 navibus
1296 916 1369 979 rati-

295 1017 423 1103 busque
431 1012 658 1078 transiverunt.
670 1010 711 1073 lli
723 1059 732 1092 ,
747 1032 851 1099 quum
863 1033 883 1073 a
896 1011 1025 1099 captivo
1037 1009 1245 1093 didicissent,
1257 1017 1368 1101 proie-

295 1132 384 1182 ctum
405 1114 534 1203 longius
555 1113 729 1194 Caesarem,
750 1112 851 1176 totius
864 1112 1024 1176 exercitus
1040 1112 1273 1200 impedimenta
1291 1139 1367 1181 carm

296 1217 426 1283 modico
440 1212 590 1304 praesidio
603 1213 772 1301 reliquisse
783 1212 957 1294 Atuaticae,
974 1234 1042 1300 quo
1059 1212 1133 1277 loeo
1148 1229 1225 1277 ante
1241 1236 1366 1279 annum

294 1320 430 1383 hiberna
446 1315 563 1380 'liturii
576 1330 610 1380 et
624 1314 840 1380 Aurunculeii
853 1315 1002 1396 fuerant5
1017 1315 1168 1403 protinus
1183 1315 1304 1383 eodem
1315 1342 1365 1383 oa·

293 1422 384 1511 privo
395 1418 496 1500 duce,
508 1416 549 1481 ad
560 1433 664 1481 castra
673 1416 902 1479 Romanorum
915 1414 1168 1481 contendenmt

337 1522 429 1587 XIII.
443 1520 542 1584 Forte
554 1519 603 1601 Q..
611 1519 726 1583 Cicero
738 1517 891 1581 cobortes
902 1517 1027 1605 aliquot
1037 1518 1273 1584 frumentatum
1286 1522 1366 1585 emi·

293 1619 517 1689 seratzeodem
528 1635 676 1707 tempore
686 1619 824 1683 veniunt
834 1618 1005 1702 Germani,
1015 1634 1174 1707 portaque
1183 1620 1365 1687 decumana

292 1738 453 1791 conantur
472 1722 663 1809 irrumpere.
687 1720 725 1783 ln
747 1742 784 1783 re
803 1719 911 1783 subita
928 1718 1033 1807 (nihil
1051 1720 1139 1785 enim
1156 1738 1229 1797 tum
1245 1724 1364 1789 hostile

293 1821 540 1909 metuebatur),
553 1843 656 1908 quum
669 1820 831 1884 interfecti
845 1836 903 1884 aut
913 1821 1015 1909 sparsi
1026 1820 1158 1905 hostes,
1173 1840 1296 1888 etcum
1311 1849 1366 1889 no

291 1950 364 1993 vern
384 1922 570 1989 victricibus
593 1921 776 2009 legionibus
796 1922 831 1985 in
851 1923 1039 2011 propinquo
1059 1925 1164 1988 Cesar
1185 1942 1291 2007 esset,
1313 1930 1363 1991 vix

208 2057 210 2067 s
289 2026 421 2095 defendi
432 2042 533 2089 castra
543 2038 733 2113 potuerunt.
744 2025 835 2087 Inter
842 2022 912 2087 boc
924 2046 1059 2088 reversas
1070 2025 1242 2108 cobortes,
1255 2050 1362 2115 quum

290 2148 323 2195 et
344 2131 421 2219 ipsae
447 2126 623 2214 improviso
649 2123 836 2187 incidissent
859 2125 894 2187 in
914 2124 1062 2205 hostem,
1085 2126 1195 2191 multis
1213 2128 1360 2209 amissis,

290 2254 373 2323 aegre
390 2241 610 2319 perruperunt
627 2222 668 2289 ad
689 2246 777 2289 suos.
798 2224 971 2309 Germani,
987 2248 1045 2314 spe
1059 2244 1242 2293 castrorum
1255 2252 1362 2319 expu-

290 2331 495 2424 gnandorum
513 2327 643 2407 amissa,
663 2348 739 2389 curn
758 2324 885 2414 praeda,
907 2348 1006 2414 quarn
1030 2345 1204 2415 ceperant,
1223 2330 1360 2418 impune

288 2455 377 2501 trans
387 2433 542 2498 Rhenum
555 2428 740 2510 redierunt,
752 2427 844 2515 quod
852 2428 925 2493 illos
937 2429 1089 2518 persequi
1102 2444 1251 2519 tempore
1261 2435 1359 2517 anni,

198 2567 206 2582 ¹
286 2555 319 2603 et
332 2541 539 2600 cura‘rertun
557 2530 775 2610 urbanarum,
791 2545 824 2593 et
840 2527 1017 2616 cupiditate
1029 2529 1177 2619 capiendi
1191 2532 1358 2599 Ambiori·

286 2641 354 2732 gis,
379 2637 483 2700 Caesar
510 2629 755 2722 prohibebatur.
785 2628 848 2694 Sed
869 2630 942 2710 ille,
967 2652 1157 2719 quanquam
1184 2632 1358 2700 Cesariani

285 2758 374 2809 tanta
391 2736 556 2828 diligentia
571 2734 810 2822 sequebantur,
830 2746 869 2794 ut
884 2753 968 2819 saepe
980 2732 1015 2794 in
1033 2735 1358 2824 conspectubtgien·

283 2864 351 2912 tem
370 2837 544 2930 aliquando
563 2859 655 2925 paene
673 2835 707 2899 in
730 2833 881 2898 manibus
898 2832 1076 2916 baberent3
1092 2834 1210 2924 effugit
1224 2851 1356 2918 tamen,

284 2963 425 3037 quatuor
436 2939 602 3030 equitibus
616 2938 805 3016 comitatus,
823 2935 943 3023 quibus
956 2935 1033 2998 solis
1043 2935 1142 3000 vitam
1153 2957 1247 2999 suana
1257 2939 1357 3004 sude·
1408 2972 1409 2987 t

281 3051 338 3114 bat
350 3045 491 3112 credere.
504 3042 630 3105 Interea
642 3041 762 3119 Caesar,
775 3036 990 3100 Durocortori
999 3036 1201 3100 Rbemorurn
1212 3042 1354 3104 concilio

282 3149 391 3215 Galliae
402 3145 514 3210 habito
524 3191 534 3224 ,
544 3141 585 3206 de
594 3145 725 3206 Accone
733 3139 901 3202 Senonum
912 3138 1076 3226 principe,
1088 3139 1146 3226 qui
1157 3137 1353 3208 deiectionis

280 3266 395 3314 auctor
407 3243 528 3310 civitati
540 3243 660 3323 fuerat,
679 3239 874 3328 supplicium
891 3241 1044 3328 sumpsit3
1062 3239 1183 3304 deinde
1198 3240 1354 3308 distribu-

278 3352 320 3414 tis
330 3371 389 3437 per
399 3346 535 3410 hiberna
547 3340 747 3433 legionibus,
759 3362 818 3428 per
829 3363 957 3403 cansam
972 3358 1196 3406 conventuum
1207 3343 1353 3432 agendo-

279 3473 355 3516 rum
372 3449 407 3512 in
425 3446 547 3510 ltaliam
567 3445 732 3534 profectus
750 3457 816 3523 est,
840 3440 882 3506 de
902 3441 1001 3504 rebus
1020 3441 1154 3506 urbanis
1170 3444 1348 3526 sollicitus,

278 3573 352 3641 quae
371 3547 534 3613 continuis
554 3544 785 3610 certaminibus
804 3541 1083 3630 seditionibusque
1099 3543 1197 3632 supra
1214 3546 1348 3612 solitum

278 3647 552 3744 ingravescebant.

321 3753 409 3820 XIV.
439 3747 576 3813 Tribuni
603 3746 730 3834 plebis,
759 3745 907 3833 exemplo
931 3744 1159 3832 superiorum,
1182 3747 1347 3830 comitiis,

276 3877 418 3948 quorum
436 3852 554 3916 iterum
571 3866 699 3935 tempus
718 3844 846 3928 aderat,
864 3867 991 3912 moram
1011 3846 1218 3930 injiciebant3
1236 3849 1346 3912 tribu·

275 3983 335 4026 nos
350 3958 489 4022 militnm
501 4003 510 4035 ‚
523 3952 607 4017 sicut
619 3950 717 4032 olim,
736 3947 804 4012 fieri
816 3963 969 4036 oportere
984 3947 1159 4032 dictantes,
1173 3949 1262 4038 quod
1274 3973 1346 4015 res·

308 4163 324 4230 S
337 4163 383 4213 11.
396 4163 460 4212 l'lor.
474 4162 523 4220 tv,
535 4177 559 4209 a.
574 4186 608 4198 -
622 4157 686 4207 Cos.
695 4183 729 4193 —-
740 4153 757 4220 5
767 4155 838 4203 x111.
850 4154 909 4202 Dio.
919 4181 953 4192 -·
962 4153 1023 4202 Οτι.
