2875 4900
256 384 308 453 m
339 382 454 452 soc.
479 382 575 450 Lm.
604 380 698 449 cm
730 360 946 451 arvum.
1065 386 1131 469 481

90 589 92 592 Ι
124 502 274 568 LXXVII.
295 503 366 566 lam
389 501 533 591 primum
559 501 594 563 iu
621 500 780 588 petitione
808 502 1013 585 consulatus,
1033 529 1136 595 quum

88 604 206 669 baberet
217 604 442 691 competitores
456 601 541 666 duos
555 602 675 683 Caesar,
686 603 722 666 L.
739 601 914 666 Lucceium
928 604 1136 673 historiarum

88 706 279 793 scriptorem,
296 719 329 768 et
347 704 394 767 M.
414 702 590 783 Bibulum,
606 725 666 791 per
679 702 811 767 Arrium
829 725 905 769 cum
920 706 1060 772 Lucceio
1073 712 1139 775 coi-

87 806 142 888 vit,
163 821 289 895 pactus,
307 817 345 869 ut
362 806 407 885 is,
428 806 508 893 quia
519 807 654 891 gratiis,
673 826 772 893 quam
795 804 920 888 coesar,
946 812 1063 893 minus,
1076 836 1138 900 pe·

88 908 179 969 cunm
188 906 260 994 plus
279 906 433 984 habebat,
454 928 598 969 mmmtos
616 905 657 969 de
675 928 751 985 suo,
774 911 934 972 communi
947 915 1070 977 nomme
1080 936 1142 1002 per

87 1008 227 1070 naenias
236 1009 467 1094 pronuntiaret.
484 1007 607 1095 Contra
620 1007 811 1095 optimates,
829 1009 910 1074 nihil
927 1033 993 1075 non
1015 1014 1049 1077 in
1065 1038 1141 1080 con·

89 1107 182 1171 sulatu
199 1108 330 1172 Caesaris
349 1107 519 1190 timentes,
533 1108 562 1171 si
579 1107 777 1172 concordem
793 1110 948 1201 collegam
965 1130 1078 1179 nactus
1092 1139 1142 1181 es·

89 1223 145 1289 set,
159 1225 302 1273 auctores
317 1208 434 1272 Bibulo
449 1208 585 1273 fuerunt
600 1207 805 1272 tantumdem
817 1211 1011 1298 pollicendI:
1027 1239 1066 1280 ac
1077 1218 1144 1305 ple·

61 1305 66 1315 '
90 1310 171 1397 rique
188 1311 398 1375 contulerunt
415 1310 588 1398 pecunias,
610 1332 652 1373 ne
675 1311 798 1374 Catone
814 1310 948 1398 quidem
964 1315 1143 1400 infitiante,

90 1434 178 1475 essee
191 1412 374 1501 republica,
387 1411 590 1499 largitionem
608 1432 679 1475 eam
695 1408 783 1475 lieri:
797 1410 866 1475 haec
879 1428 950 1476 tum
962 1434 1054 1482 erant
1066 1433 1145 1482 tern-

90 1534 167 1599 pora.
184 1516 287 1577 Caesar
304 1536 381 1577 cum
396 1511 514 1576 Bibulo
531 1511 728 1600 designatus
744 1510 851 1599 Igitur
863 1511 1032 1599 optimates
1050 1514 1146 1580 dede·

90 1628 158 1677 mut
172 1636 325 1703 operam,
342 1630 381 1678 ut
396 1613 571 1701 provincia-,³
592 1612 713 1675 futuris
733 1611 922 1677 consulibus
945 1615 1071 1679 minimi
1088 1640 1146 1681 ned

91 1716 175 1802 gotii,
188 1715 222 1779 id
236 1733 302 1800 est,
322 1715 409 1780 silrae
423 1714 583 1802 callesque
596 1711 858 1777 decernerentur.

127 1816 301 1881 LXXVIII.
320 1815 457 1881 interim
474 1817 510 1879 C.
529 1810 682 1879 Octavius
700 1838 741 1879 ex
755 1831 913 1902 praetura,
933 1840 1059 1881 summa
1070 1842 1146 1885 cum

90 1916 173 1981 laude
185 1934 294 2007 gesta,
310 1915 536 1981 Macedoniam
553 1916 687 1981 sortitus
703 1915 817 2004 (quod
839 1916 875 1982 C.
894 1920 1041 1983 Antonio
1064 1922 1148 1985 male

90 2020 275 2105 provinciam
291 2019 528 2084 administranti
539 2040 758 2083 successorem
773 2018 858 2082 mitti
872 2019 1072 2107 placuerat),
1089 2045 1148 2086 ne·

91 2121 169 2208 gotio
186 2122 247 2186 sibi
261 2122 304 2186 ab
320 2134 436 2185 senatu
452 2135 541 2188 extra
561 2118 710 2183 ordinem
729 2118 825 2199 dato,
842 2142 957 2208 agrum
976 2122 1147 2187 thurinum

90 2224 247 2311 purgavit,
273 2224 342 2304 jam
368 2222 448 2285 oIIm
470 2222 625 2284 infamem
649 2220 845 2303 latrocimis,
864 2220 1093 2312 residuumque
1111 2248 1150 2289 ex

92 2322 221 2410 Spartaci
237 2341 271 2390 ct
288 2324 432 2389 Catilina
450 2323 551 2410 copiis
569 2321 782 2410 lugitivorum
804 2344 938 2386 manum
952 2323 1079 2391 delevit.
1098 2327 1153 2391 Se·

92 2425 192 2510 quitur
206 2428 273 2508 jam
297 2449 365 2490 non
385 2425 573 2490 consulatus
593 2425 630 2488 C.
652 2422 806 2506 Caesaris,
830 2422 887 2488 sed
905 2448 1064 2516 regnum,
1083 2451 1151 2516 quo
1257 2438 1265 2452 ⁴

95 2541 229 2618 tempore
249 2529 407 2617 collegam
428 2525 596 2615 potestatis
617 2523 664 2589 M.
682 2524 896 2612 Calpurnium
918 2527 1069 2592 Bibulum
1089 2552 1152 2593 no-

93 2628 187 2711 mine,
201 2653 236 2696 re
247 2646 282 2696 et
294 2651 392 2718 opere
403 2629 465 2692 Cn.
479 2628 654 2715 Magnum,
666 2626 712 2689 M.
722 2627 873 2690 Crassum
885 2626 1010 2693 babuit.
1025 2628 1152 2694 Idcirco

94 2731 175 2796 nullo
184 2733 251 2812 jam
263 2731 382 2796 veteris
396 2746 430 2794 et
445 2729 542 2818 probi
560 2728 661 2792 moris
680 2743 849 2815 respectu,
864 2743 991 2793 tantum
1007 2752 1060 2810 ea,
1080 2753 1153 2818 quae

94 2829 129 2893 ad
141 2831 322 2898 fundandus
335 2829 570 2912 conjurationis
587 2851 666 2919 opes
686 2829 911 2916 pertinebant,
933 2830 1065 2918 ingenio
1082 2835 1153 2896 Cae-

94 2934 183 3015 saris,
204 2933 399 3000 auctoritate
420 2931 590 3019 Pompeii,
611 2930 729 2994 divitiis
755 2930 860 2994 Crassi
880 2922 1153 3018 perficiebantura

95 3055 191 3122 neque
204 3034 362 3101 Romanis
373 3032 471 3098 fiebat
480 3032 598 3112 injuria
606 3031 789 3094 libertatern
798 3030 1039 3112 amittentibus,
1055 3054 1155 3119 quam

95 3131 232 3223 ingratus
244 3133 450 3222 stolidusque
461 3134 603 3222 populus
614 3180 623 3213 ,
636 3147 766 3220 accepta
779 3129 941 3208 mercede,
954 3131 1155 3198 vendiderat.

133 3235 280 3302 LXXIX.
299 3234 451 3324 Prodigia
467 3250 538 3298 tum
553 3233 673 3312 multa,
687 3254 756 3295 non
775 3232 845 3295 sine
864 3231 960 3296 mInIs
975 3249 1008 3296 et
1019 3233 1157 3300 horrore

96 3337 246 3404 malorum
273 3336 539 3415 imminentium,
562 3334 710 3398 nuntiata
736 3349 794 3399 aut
815 3333 882 3397 visa
904 3349 992 3398 sunt.
1014 3335 1158 3402 Procella

96 3458 202 3526 repens
219 3443 256 3505 in
274 3439 365 3502 Urbe
381 3454 415 3502 et
429 3437 554 3501 clrcum
571 3436 703 3500 arbores
722 3434 925 3522 exstirpavit,
944 3434 1077 3500 oedilioia
1095 3438 1158 3502 sci-

96 3535 154 3621 dit,
168 3565 266 3608 naves
278 3544 314 3605 in
326 3539 436 3604 Tiberi
444 3539 536 3618 juxta
548 3536 665 3602 urbem
675 3552 710 3600 et
721 3535 763 3601 ad
775 3536 855 3600 ostia
868 3533 1011 3599 lluminis
1028 3540 1158 3621 mersit,

97 3659 222 3726 pontem
236 3643 412 3708 sublicium
425 3640 535 3728 rupit:
550 3638 713 3703 theatrum
729 3655 862 3726 quoque
872 3685 881 3720 ,
893 3637 936 3702 ad
948 3637 1043 3703 ludos
1058 3664 1163 3727 quos·,

96 3738 164 3808 (lem
179 3767 197 3809 e
212 3745 304 3834 ligno
320 3758 480 3807 structum
497 3790 506 3825 ,
532 3741 678 3821 corruit5
702 3740 922 3827 omnibusque
940 3739 991 3805 his
1014 3741 1160 3806 cladibus

127 3966 285 4033 §mm
299 3973 399 4021 Sueten.
418 3998 453 4006 -
469 3969 522 4020 cic.
534 3969 568 4017 ad
581 3969 658 4018 Attio.
673 3972 698 4028 I,
716 3985 756 4030 ¹7·
774 3996 809 4007 -
822 3968 930 4034 Appian.
945 3968 1000 4018 Cir.
1013 3968 1056 4016 lib
1074 3971 1108 4016 11.
1126 3995 1163 4006 -

97 4050 157 4115 -S
172 4055 317 4104 LXXVIII.
330 4056 363 4103 U.
374 4054 405 4103 C.
418 4053 484 4116 69³3
497 4055 529 4102 Δ.
540 4053 569 4102 G,
582 4055 731 4118 59.-Cic.
743 4053 775 4102 ad
784 4055 816 4115 Q.
828 4053 896 4102 fratr.
909 4055 934 4110 1,
948 4067 1050 4112 1,7.—
1059 4055 1162 4104 sueton

97 4131 156 4197 lug.
165 4151 220 4201 cap.
230 4138 256 4186 3.
274 4164 310 4174 -
324 4137 386 4197 Dio,
397 4137 442 4188 lib.
457 4137 606 4186 xxxvm.
663 4169 666 4173 -

214 4235 259 4302 Χ.
940 4175 986 4300 ‘31
