2875 4900
270 377 321 446 IN
349 377 464 445 LOC.
490 378 585 446 LIB.
610 377 713 446 CXV
742 377 959 446 LIVIANI.
1074 377 1142 448 283

137 498 233 562 XVII.
250 497 295 560 Fa
306 519 358 560 res
373 497 470 560 etiam
483 497 624 563 niceam
637 495 770 562 tradidit
785 497 956 580 Romanis,
969 496 1144 587 diffugien-

101 601 176 662 tibus
191 614 290 662 noctu
306 597 349 661 ad
366 595 605 680 Mithridatem,
621 597 680 684 qui
696 597 825 661 tuendae
840 598 970 662 fuerant
983 598 1143 687 impositi,

99 699 177 787 quod
188 702 311 765 animos
324 699 541 764 Nicaeensium
562 699 603 763 ad
621 721 788 762 romanam
801 699 973 764 amicitiam
990 698 1144 762 inclinare

99 802 269 866 sensissent.
282 805 325 866 At
339 823 417 865 vero
433 801 604 882 Lucullus,
623 801 679 888 qui
695 800 736 864 ab
753 800 964 888 Hellesponto
982 798 1142 863 Troadem

99 905 233 991 petierat,
246 927 351 991 quum
363 904 398 966 iu
415 904 492 968 fano
498 905 634 968 Veneris
647 917 884 990 pernoctasset,
897 902 1005 966 vocari
1015 923 1077 965 seu
1085 900 1144 964 dea

98 1005 133 1070 ad
150 1006 352 1070 oberrantem
375 1003 409 1068 in
431 1004 581 1092 proximo
602 1003 744 1092 predam
764 1001 937 1067 somniavit
949 1025 957 1066 :
971 1001 1145 1087 statimque

96 1107 180 1185 jussis
196 1105 370 1170 convocari
386 1104 519 1187 amich,
537 1105 714 1195 graecisque
729 1103 920 1186 comitibus,
937 1103 1035 1167 «Non
1052 1101 1145 1189 potui

98 1207 258 1288 «differre,
272 1207 397 1294 inquit,
412 1207 493 1294 quin
505 1207 654 1294 protinus
669 1227 829 1295 exponam
841 1205 949 1286 vobis,
963 1201 1054 1292 quod
1064 1201 1145 1266 mibi

98 1309 212 1371 «visum
223 1307 359 1371 obvenit
370 1308 405 1370 iu
416 1308 537 1395 templo
547 1337 571 1372 ι.
585 1307 722 1372 Somnio
732 1305 851 1370 deiude
863 1321 1009 1386 narrato,
1022 1335 1035 1360 ι
1043 1304 1144 1383 Talis,

97 1410 258 1497 «inquam,
279 1431 338 1497 per
355 1409 497 1496 quietem
510 1409 679 1472 obversata
695 1407 777 1472 mihi
797 1406 918 1494 species
939 1422 1003 1486 est,
1026 1403 1084 1468 sed
1102 1404 1146 1468 ita

97 1533 258 1598 «expressa
270 1525 303 1576 et
314 1509 403 1573 velut
415 1507 524 1573 solidor
539 1507 855 1597 comprehensionis,
871 1522 910 1570 ut
920 1506 980 1569 ista
991 1505 1100 1569 videre
1110 1526 1148 1570 ac

97 1610 239 1690 «auum,
258 1610 334 1674 totis
351 1608 517 1692 sensibus,
536 1631 605 1674 non
618 1625 727 1674 autem
744 1629 803 1696 per
817 1609 929 1672 inanes
943 1607 1049 1672 somni
1064 1605 1147 1696 figu-

97 1733 161 1774 ·ras
175 1710 361 1801 imaginari,
379 1709 555 1774 crederem.

133 1813 250 1877 XVIII.
267 1813 373 1876 «Sane
384 1812 451 1890 jam
465 1811 543 1875 olim
560 1811 692 1899 saepius,
708 1809 767 1874 sed
783 1810 937 1891 maxime,
953 1831 1056 1896 quum
1070 1829 1147 1895 pro·

95 1928 270 1998 «questore
278 1911 395 1976 ntissus
406 1935 423 1975 a
433 1912 521 1976 Sulla
531 1911 573 1976 ad
582 1911 791 1976 Ptolemaeum
801 1909 998 1976 Alexandriae
1008 1931 1146 1998 agerem,

97 2011 151 2076 ·de
168 2012 326 2077 omnibus
343 2012 504 2091 ejusmodi
524 2013 622 2076 rebus
643 2012 814 2100 diligenter
828 2009 935 2074 audivi
954 2011 1146 2074 disserentes

95 2111 314 2179 «doctissimus
325 2114 411 2178 viros
421 2128 508 2176 :erat
521 2113 610 2175 euim
624 2128 694 2176 tum
709 2112 806 2176 etiam
821 2113 874 2176 hic
883 2111 1064 2176 Antiochus
1081 2133 1149 2174 ure·

95 2239 200 2294 mum,
217 2233 254 2280 et
270 2231 365 2278 autea
381 2202 449 2292 jain
466 2214 647 2278 Heraclitus
664 2213 782 2301 Tyrius
799 2212 913 2300 agebat
932 2208 1146 2292 Alexandrioe,

95 2316 165 2402 ·qui
178 2331 210 2379 et
226 2314 434 2380 Clitomacho
451 2314 560 2378 multis
579 2313 690 2395 annis,
707 2327 740 2376 et
757 2312 887 2377 Philoni
902 2335 1033 2401 operam
1047 2312 1147 2377 dede·

93 2433 165 2481 «rat.
177 2416 243 2483 Sed
259 2417 304 2480 ita
318 2415 399 2480 mibi
413 2415 481 2481 luec
498 2415 663 2491 intricata,
680 2431 713 2480 et
725 2414 766 2479 ab
781 2414 923 2499 hominis
939 2431 1025 2479 certa
1036 2414 1148 2505 cogni·

95 2520 196 2584 -doue
218 2534 346 2585 remota
360 2517 572 2599 videbantur,
592 2534 630 2582 ut
645 2519 731 2581 inter
746 2518 980 2607 disputationes
1001 2518 1147 2583 erudito·

93 2643 199 2702 «mm,
219 2620 258 2685 id
279 2641 407 2708 semper
428 2619 594 2707 probabile
614 2621 799 2703 videretur,
824 2619 914 2708 quod
935 2643 954 2683 a
972 2619 1148 2684 disserente

93 2719 368 2787 defendebatur:
386 2743 462 2783 uam
477 2721 573 2785 etiam
589 2722 647 2812 qui
666 2720 794 2785 decretu
817 2742 875 2785 sua
895 2743 1010 2809 parum
1030 2718 1149 2784 confir·

92 2841 251 2904 amarent,
265 2822 459 2911 plerumque
469 2822 663 2889 sententiam
672 2822 930 2887 adversariorum
942 2821 1030 2885 haud
1041 2823 1149 2909 inepte

93 2924 309 2988 nrefellebaut.

130 3025 219 3088 XIX.
236 3024 367 3112 flgitur
382 3046 423 3087 eo
440 3023 651 3103 inclinabam,
668 3040 706 3089 ut
725 3026 881 3089 incertam
904 3024 1053 3087 omnium
1078 3023 1149 3109 opi·

92 3124 262 3206 ¹nioneru,
278 3148 385 3212 neque
401 3124 537 3189 finniter
551 3124 785 3214 comprehendi
802 3147 896 3213 posse
910 3122 1088 3215 quidquam
1102 3146 1150 3187 att·

93 3226 257 3291 -bitraren
275 3225 339 3290 Sed
354 3248 458 3289 unum
477 3226 600 3316 ubique
616 3226 808 3291 occurrebat
823 3225 1047 3316 irrefragabilis
1063 3224 1149 3288 neri·

92 3327 182 3391 «tatis
196 3340 449 3416 argumentum,
471 3343 523 3408 ut,
546 3328 575 3391 si
596 3326 816 3392 dubitandum
839 3348 908 3392 esse
933 3326 975 3391 de
997 3328 1150 3393 omuibus

93 3444 277 3515 «putarem,
300 3426 334 3491 id
356 3444 465 3491 tamen
488 3428 570 3492 scire
591 3427 736 3511 viderer,
758 3451 827 3493 esse
850 3427 963 3516 utique
988 3426 1030 3491 de
1053 3428 1151 3491 rebus

94 3525 350 3592 ·dubitationem
360 3574 369 3607 ,
378 3545 412 3593 et
423 3550 477 3592 me
490 3550 577 3611 esse,
595 3530 653 3616 qui
667 3528 860 3595 dubitarem.
876 3530 925 3593 Ab
940 3531 1004 3594 hoc
1017 3530 1152 3593 minime

93 3629 253 3693 ·obscuro
267 3645 324 3693 aut
340 3630 442 3693 fallaci
459 3630 561 3718 gradu
573 3631 682 3695 statim
702 3654 743 3695 eo
761 3630 1013 3709 adscendebam,
1029 3646 1067 3694 ut
1083 3630 1153 3694 sinc

92 3730 174 3793 «ulla
191 3728 405 3795 fluctuatione
421 3732 752 3819 comprehenderem,
767 3756 835 3798 esse
852 3734 992 3821 aliquam
1009 3733 1152 3795 humana

93 3831 314 3918 ·superiorem
337 3845 505 3912 naturam,
526 3833 659 3919 qrtando
684 3857 744 3901 nec
764 3836 833 3923 ipse
856 3858 908 3899 rue
928 3834 1095 3912 fecissem,
1120 3848 1153 3895 et

123 4034 236 4097 §xvtn
246 4036 326 4084 strab.
338 4036 382 4084 lib.
397 4037 462 4093 XII,
476 4052 533 4101 pag.
543 4038 603 4093 564.
615 4068 649 4074 --
663 4042 772 4105 Appisn.
785 4068 818 4078 -
830 4042 958 4089 Memnon.
977 4066 1011 4075 -
1030 4038 1151 4087 Plutarch.

93 4144 124 4155 -·
140 4118 157 4183 S
170 4122 268 4169 XVIII.
280 4120 334 4169 cic.
346 4120 425 4170 Acad.
438 4122 532 4185 Quat.
546 4123 591 4179 tv,
603 4140 617 4170 a
631 4134 656 4171 et
669 4130 694 4181 l.
