2875 4900
312 381 384 481 546
467 384 541 453 10.
568 382 927 453 Fltssiitsnfflltll
958 384 1213 455 SUPPLEM.

309 504 1360 593 bmtdbunusessenonpoucssaduscmimnomtmmsuie,

307 605 713 696 quietusetdepatn‘cti's,
733 604 800 693 lege
818 604 1168 695 thitla,priusqttam
1184 608 1361 673 tribunatus

302 710 431 797 petisset
442 706 631 795 adeptusque
644 720 730 770 esset.

351 811 547 876 LXXXVII.
562 810 612 873 Ex
632 830 670 871 ea
689 829 784 871 musa
804 808 930 871 refrixit
944 807 1108 897 paulisper
1119 809 1206 873 iuter
1218 812 1362 873 Catonem

306 931 405 1001 atque
426 912 617 975 Ciceronem
638 909 730 996 prior
751 907 901 989 dilectio,
925 930 993 971 non
1016 908 1058 973 ad
1077 910 1246 973 manifesta
1266 925 1362 973 tamen
1405 910 1406 921 ’

307 1015 402 1096 odia,
422 1012 480 1077 scd
495 1026 534 1075 ut
548 1034 608 1099 per
623 1009 758 1097 aliquod
771 1026 900 1098 tempus
915 1026 1031 1074 mutua
1052 1010 1258 1075 consucmdo
1272 1012 1363 1075 inter·

305 1116 500 1178 mitteremr.
521 1111 581 1174 His
603 1111 790 1199 principum
810 1110 981 1175 discordiis
1000 1134 1104 1198 quum
1126 1127 1194 1175 tou
1215 1112 1322 1178 civitas
1336 1130 1363 1177 et

305 1215 398 1303 plebs
421 1210 658 1293 involveretur,
679 1226 749 1274 crat
774 1210 870 1275 etiam
891 1211 1036 1299 alioquin
1058 1213 1242 1277 exulcerato
1263 1216 1362 1278 artium

294 1330 440 1404 ‘propter
455 1312 620 1376 mrimtem
635 1334 793 1395 annonas,
813 1334 902 1400 quar,
919 1312 995 1377 licet
1012 1336 1090 1379 cura
1111 1314 1260 1403 Pompeii
1277 1316 1362 1379 susti·
1405 1338 1406 1345 ¹

303 1429 457 1495 neretur,
475 1428 584 1477 tamen
604 1412 649 1477 ob
667 1414 870 1477 sterilitatem
887 1436 1060 1503 agrorum,
1082 1430 1116 1481 et
1135 1416 1279 1505 inopiam
1299 1416 1361 1480 im·

305 1538 385 1605 gum
408 1513 558 1579 nondum
581 1536 661 1578 sane
691 1515 860 1579 laxaverat.
884 1516 924 1579 ln
949 1538 1046 1580 musa
1071 1532 1139 1581 erat
1163 1518 1359 1605 potissimum

303 1617 494 1681 nummariae
514 1615 561 1680 rei
582 1614 773 1697 difficultas,
791 1615 882 1704 quod
903 1617 1098 1683 factionibus
1114 1620 1298 1707 potentium
1312 1617 1360 1681 de·

304 1734 399 1781 crette
414 1738 521 1805 nuper
539 1716 673 1793 Caesari,
689 1716 884 1805 Pisonique,
900 1732 934 1781 et
947 1718 1087 1783 Gabinio
1107 1720 1256 1785 mammae
1270 1740 1359 1809 pecu·

303 1820 365 1883 niae
378 1820 526 1883 erarium
540 1818 765 1883 exhauserant.

347 1920 561 1985 LXXXVIII.
579 1918 706 1983 Idcirco
727 1920 823 1985 nonis
843 1920 997 2009 aprilibus
1018 1919 1180 1985 difficilior
1199 1922 1358 2007 acriorque

303 2014 422 2087 de'tota
437 2046 473 2086 re
486 2021 676 2109 disceptatio
690 2021 753 2084 luit
765 2044 773 2085 :
786 2036 820 2085 et
832 2044 956 2109 quum,
970 2021 1103 2087 decreto
1113 2023 1154 2087 ad
1164 2023 1358 2088 frumentum

301 2121 518 2187 coemendum
525 2118 935 2211 quadringenties,publicu
942 2140 1113 2211 paupertas
1121 2123 1358 2189 devariismbus

301 2221 540 2300 admonuisset,
564 2221 686 2284 factum
709 2236 759 2284 est
776 2225 1093 2289 senatusconsultum
1117 2226 1152 2287 in
1174 2226 1359 2289 sententium
1405 2270 1406 2295 ,

301 2322 484 2401 Ciceronis,
498 2322 549 2383 uti
556 2320 597 2383 de
608 2344 689 2407 agro
701 2344 859 2409 compano
862 2322 1033 2411 frequenti
1039 2340 1151 2388 senatu
1162 2328 1270 2391 idibus
1280 2329 1359 2390 maii
1405 2342 1406 2385 3

302 2422 468 2511 rfferretur
482 2446 495 2486 .·
514 2421 572 2510 qui
595 2423 738 2487 revocari
763 2444 837 2487 eum
861 2422 974 2504 adjus
995 2424 1164 2514 publicum
1183 2428 1360 2517 gravissim
1405 2475 1406 2480 η

300 2524 448 2592 oratione
461 2523 617 2604 jusserat,
633 2545 669 2586 eo
681 2544 746 2587 uno
758 2526 899 2588 omnim
910 2527 1077 2590 certissimo
1089 2529 1261 2614 vectigali,
1277 2527 1359 2593 subsi·

300 2627 389 2691 dium
412 2623 504 2705 belli,
525 2623 670 2688 horreum
692 2625 868 2712 legeboum,
892 2626 1040 2692 solutilem
1059 2651 1197 2693 atutonoe
1220 2627 1361 2694 concissi

301 2727 538 2793 demonstrans.
555 2724 712 2790 Famdem
731 2749 860 2791 causam
876 2727 911 2791 P.
930 2729 1071 2793 Rutilius
1088 2729 1201 2818 Lupus
1219 2731 1359 2796 tribuum

300 2827 404 2918 plebis
416 2826 570 2916 urgebat,
587 2827 645 2914 qui
658 2827 766 2915 priore
779 2827 844 2908 jam
861 2849 968 2911 anno,
987 2831 1083 2894 simul
1095 2831 1210 2896 inisset
1225 2833 1360 2897 tribum·
1405 2841 1406 2852 ³

300 2946 391 3010 tum,
409 2927 451 2993 de
463 2950 542 3018 agro
556 2949 713 3016 campano
730 2945 878 2994 accurate
897 2930 932 2993 in
956 2947 1070 2995 senatu
1086 2947 1207 3022 egerat.
1225 2933 1315 2998 Nihil
1329 2953 1358 2996 er
1405 2961 1406 2974 ¹

300 3053 337 3094 re
355 3030 478 3095 moren'
498 3045 580 3094 tunc
598 3028 706 3094 adhuc
728 3029 905 3119 Pompeius
921 3030 1112 3114 videbatur,
1130 3032 1197 3112 jam
1219 3049 1359 3123 suspecu
1405 3047 1406 3056 ’

300 3132 425 3196 babens
445 3131 644 3196 incrementa
661 3131 811 3213 Caesan's,
827 3146 876 3214 et,
894 3147 934 3196 ut
952 3129 1052 3198 infida
1074 3149 1122 3198 est
1143 3136 1301 3222 potentie
1312 3155 1359 3198 so·
1405 3161 1406 3170 ¹

300 3234 418 3313 cletas,
435 3254 568 3297 suarum
583 3254 693 3296 rerum
709 3234 834 3297 anxius.

345 3333 527 3397 LXXXIX.
539 3332 678 3414 Idcirco,
691 3355 772 3421 quas
783 3333 852 3422 ipse
862 3334 1020 3400 esurierat
1029 3353 1228 3426 auxeratque
1238 3336 1359 3404 eslans

300 3456 393 3522 opes,
416 3449 503 3498 tanta
525 3434 714 3515 securitate,
732 3436 822 3499 utin
841 3435 1053 3502 decernendis
1075 3441 1358 3528 supplicationibus
1405 3503 1406 3506 ,

300 3535 489 3623 ampliorem
502 3536 532 3598 ei
545 3535 705 3599 bonorem
717 3537 891 3622 tribueret,
904 3563 1001 3628 qtram
1011 3541 1081 3628 ipsc
1093 3543 1287 3631 accepisset3
1300 3563 1357 3618 eas,

299 3635 523 3701 animadverso
535 3657 662 3719 errore,
675 3637 755 3701 citra
769 3660 860 3704 suam
875 3641 1029 3708 iuvidiam
1040 3643 1144 3708 minui
1155 3643 1360 3709 vehementer

333 3881 349 3947 §
363 3881 504 3930 LXXXVI,
516 3879 581 3929 Plut.
592 3879 618 3927 iu
630 3880 685 3929 Cat.
697 3892 722 3930 et
736 3881 788 3931 Cic.
804 3910 838 3920 -
854 3883 912 3934 Dio.
930 3911 966 3922 -
979 3887 1032 3936 Cic.
1044 3902 1091 3952 pro
1102 3883 1190 3946 domo,
1209 3903 1265 3952 cup.
1278 3887 1315 3935 15.
1330 3909 1358 3922 -

297 3965 313 4030 ς
327 3965 483 4014 LXXXVII.
496 3963 550 4013 Cic.
566 3962 597 4011 sle
614 3963 674 4012 ilar.
689 3965 767 4030 llcsp.
777 3981 832 4032 cap.
846 3975 895 4029 at,
914 3967 983 4017 etad
997 3971 1028 4033 Q.
1040 3969 1107 4017 fratr.
1117 3971 1157 4030 11,
1170 3969 1194 4018 5.
1213 3997 1249 4007 --
1263 3971 1325 4018 Plut.
1335 3969 1358 4014 in

298 4051 384 4113 Pomp.
395 4073 431 4085 —
443 4047 503 4097 Dio.
515 4075 549 4085 -
563 4047 579 4112 s
591 4048 763 4097 LXXXVIII.
777 4051 830 4100 cic.
840 4050 872 4099 sd
882 4053 966 4102 Fuluii.
982 4055 1010 4111 l,
1021 4067 1050 4115 93
1067 4053 1098 4102 dr
1108 4053 1155 4118 leg.
1166 4053 1254 4118 Astur.
1268 4055 1292 4102 ll
1300 4089 1307 4112 ,
1316 4066 1358 4112 29·

294 4139 318 4179 et
329 4129 611 4192 ndo.n·c.11·,1.-
623 4130 681 4178 Dio.
