2875 4900
259 382 304 473 74
430 374 870 446 JO.FREINSHEM11
898 371 1146 444 SUPPLEM.

303 499 401 564 XLll.
415 497 537 563 Marius
554 497 715 588 precipue
730 496 878 578 furebat,
896 513 930 560 et
948 494 1054 562 Cinna
1070 496 1136 575 jam
1152 497 1255 560 ferme
1272 518 1327 560 sa-

257 601 353 682 tiato,
374 601 490 679 etiam,
509 621 592 688 quos
613 599 683 688 ipse
703 614 838 664 noverat
854 597 1022 679 inimicos,
1041 598 1234 679 interfectis,
1246 621 1326 662 nee·

259 703 339 769 dum
356 717 482 792 poterat
493 701 677 789 quiescere3
691 700 894 788 jubebatque
906 699 1092 788 prorniscue
1104 719 1220 762 omnes
1234 698 1277 762 ad
1290 721 1327 762 se

258 805 416 869 adeuntes
437 802 560 883 occidi,
579 803 698 890 quibus
714 805 783 892 ipse
800 823 935 866 manum
952 823 1021 864 non
1039 799 1256 887 porrexisset:
1270 800 1325 862 in·

178 948 182 956 ·
259 923 309 970 ter
321 927 405 994 quos
416 921 449 971 et
463 907 505 988 Q.
517 904 698 969 Ancharius
710 904 761 969 vir
771 902 958 993 praetorius,
976 922 1080 989 quum
1093 899 1325 965 saorilioantem
1385 911 1391 924 “

258 1009 293 1070 in
305 1007 463 1095 Capitolio
474 1006 613 1070 Marium
627 1004 795 1086 adivisset,
813 1020 851 1069 ut
859 1003 1024 1094 religionis
1033 1001 1242 1068 veneratione
1251 1023 1329 1090 pm-

259 1108 376 1197 pitium
392 1107 543 1188 haberet,
561 1121 636 1172 ante
651 1108 764 1172 oculos
782 1106 913 1196 tyranni
930 1106 967 1170 in
982 1107 1052 1194 ipsa
1066 1103 1136 1170 tede
1153 1104 1327 1168 confossus

260 1224 319 1274 est.
335 1207 491 1296 Quinque
510 1208 578 1274 dies
594 1209 786 1292 continuos,
806 1208 1011 1296 totidemque
1023 1224 1137 1272 noctes
1151 1207 1213 1270 ista
1226 1207 1329 1271 eoele-

258 1333 333 1374 rum
351 1310 499 1374 omnium
514 1309 642 1376 duravit
657 1311 787 1376 lieentia
799 1333 807 1376 τ
821 1332 929 1398 neque
943 1309 1097 1375 mdavera
1107 1307 1235 1397 sepeliri
1247 1329 1327 1395 per·

260 1413 396 1476 missurn
415 1426 500 1495 erat,
519 1429 552 1478 et
566 1413 600 1479 in
618 1413 737 1478 liberos
750 1412 970 1502 eonjugesque
983 1411 1227 1476 interfectorum
1243 1407 1329 1472 indi·

261 1536 341 1603 gna,
361 1514 498 1578 maxime
514 1537 532 1578 a
548 1514 955 1604 servis,perpet1abantur.

305 1614 423 1678 XLlll.
437 1614 553 1702 Neque
565 1615 627 1704 ipsi
643 1616 730 1680 inter
742 1637 778 1678 se
789 1614 931 1679 oedibus
942 1629 1040 1702 atque
1048 1613 1170 1701 rapinis
1180 1609 1327 1676 seditiosi

260 1711 475 1780 abstinebant.
485 1718 575 1780 Inter
584 1717 652 1780 haeo
660 1716 897 1804 publiostiones
905 1715 1070 1780 bonorum
1079 1711 1328 1795 assiduoeerant,

259 1831 293 1879 et
312 1816 557 1906 magistratuum
579 1833 689 1882 coacta
710 1816 890 1899 abdicatio,
911 1815 1175 1901 sullauaromque
1199 1814 1327 1877 eversio

261 1918 388 2007 legum,
404 1935 437 1982 et
451 1920 632 1984 amicorum
649 1920 735 2002 ejus,
752 1934 918 2007 quotquot
933 1917 1053 2006 oorripi
1069 1931 1259 2004 potuerant,
1273 1916 1328 1978 in-

260 2020 414 2085 ternecio.
422 2019 558 2100 Metella
574 2041 708 2108 quoqne
722 2041 806 2083 uxor
818 2041 894 2084 oum
909 2017 1017 2083 liberis
1027 2017 1123 2082 Sullas
1135 2016 1189 2080 rix
1202 2016 1329 2105 effuge·

260 2137 340 2184 runt
363 2121 564 2209 perieulum,
589 2143 692 2209 quum
711 2120 832 2186 domus
855 2119 924 2200 ejus
948 2135 1047 2208 atque
1067 2117 1150 2180 villu
1171 2115 1329 2181 incendio

260 2218 456 2286 delerentur.
470 2222 541 2285 Hoc
557 2236 703 2309 tempore
721 2220 857 2285 mirifios
871 2242 948 2284 sane
961 2219 1075 2308 populi
1085 2218 1211 2284 romani
1224 2217 1329 2282 absti-

262 2320 371 2384 nentia
385 2321 458 2384 fuit.
473 2322 586 2402 Quum
598 2322 686 2386 enim
697 2324 880 2387 occisorum
892 2321 1009 2385 domos
1021 2319 1136 2409 praedae
1146 2319 1330 2385 multitudi-

261 2421 312 2485 nis
326 2421 551 2509 exposuissent
560 2423 715 2505 rictores,
732 2439 852 2513 negant
864 2421 1003 2487 inveniri
1015 2443 1214 2509 quemquam
1227 2422 1329 2511 paulo

192 2608 197 2615 Ι
261 2522 480 2587 honestiorem
496 2524 614 2587 civium
627 2525 792 2613 potuisse,
808 2524 866 2611 qui
877 2524 976 2587 ullam
988 2544 1028 2587 ex
1041 2522 1092 2585 his
1108 2544 1178 2585 rem
1192 2540 1330 2610 cuperet

261 2639 429 2713 attingere.

307 2725 421 2789 XLIV.
437 2725 517 2790 Post
530 2742 580 2790 tot
593 2727 694 2807 mala,
711 2740 865 2814 tanquam
880 2748 921 2790 eo
932 2747 1043 2789 rerum
1054 2741 1141 2791 statu
1152 2725 1279 2815 legibus
1290 2728 1329 2792 in

263 2826 390 2891 civitate
411 2843 495 2892 esset
514 2828 625 2909 locus,
643 2830 678 2893 L.
694 2828 835 2908 Merula,
860 2842 893 2891 et
910 2826 953 2908 Q.
967 2828 1119 2908 Camlus,
1141 2826 1329 2893 subornatis

261 2928 523 3011 accusatoribus,
544 2930 590 2993 rei
611 2928 707 2993 fiunt.
731 2929 890 2993 Merulam
912 2945 1047 3016 propter
1069 2928 1230 3008 ablatum,
1251 2928 1331 2994 lieet

263 3030 354 3095 nullo
367 3031 509 3111 ambitu,
523 3031 684 3095 bonorem
698 3031 804 3096 Cinna
815 3028 942 3113 odernt3
962 3030 1004 3112 Q.
1013 3030 1128 3094 Catulo
1142 3030 1244 3093 iratus
1258 3048 1330 3097 erat

262 3130 401 3212 Marius,
415 3132 506 3220 quasi
520 3132 676 3197 cimbrico
688 3132 774 3197 bello
787 3147 947 3213 servatus,
963 3132 1079 3195 malam
1094 3154 1156 3221 pro
1166 3130 1330 3198 beneficio

261 3233 394 3321 gratiam
419 3236 597 3318 retulisset,
618 3236 720 3301 exsilii
741 3235 793 3299 sui
814 3235 990 3299 acerrimus
1009 3249 1134 3299 auctor.
1156 3232 1221 3297 Sed
1237 3234 1329 3299 ludi·

261 3331 371 3396 brium
390 3334 477 3400 istud
493 3335 691 3415 judiciorum
709 3336 807 3401 ambo
824 3334 1004 3425 dedignati,
1023 3350 1202 3423 spontanea
1219 3352 1330 3401 morte

261 3434 368 3497 functi
381 3452 471 3501 sunt.
488 3436 630 3520 Merula,
645 3437 797 3527 deposito
812 3440 918 3527 apios,
936 3438 1027 3526 quod
1041 3440 1204 3527 apioatum
1222 3438 1329 3504 darni-

263 3554 339 3597 nem
356 3536 439 3600 mori
457 3538 547 3602 triste
565 3554 599 3603 et
613 3539 851 3628 inauspiontum
869 3540 951 3604 Urbi
971 3541 1162 3622 habebatur,
1178 3541 1279 3629 idque
1293 3566 1341 3609 se..

262 3634 374 3699 iecisse
389 3637 510 3725 scripto
526 3654 679 3722 testatus,
695 3641 729 3704 in
744 3641 816 3730 ipso
832 3640 918 3707 loris
932 3643 1071 3707 sacrario
1084 3642 1200 3707 incidit
1210 3664 1328 3727 venas,

190 3784 193 3794 ,
260 3750 477 3824 porrectoque
494 3742 714 3825 superaltaria
731 3744 906 3831 sanguine,
924 3744 1077 3808 cinnanas
1090 3760 1195 3832 partes
1210 3767 1330 3810 conse·

262 3835 382 3901 orarit:
397 3860 464 3925 quo
481 3838 515 3903 in
533 3838 668 3905 homine
683 3841 921 3931 propemodum
941 3844 1010 3932 ipsa
1022 3842 1193 3909 sacerdotii
1211 3846 1329 3936 religio

294 4044 311 4111 3
330 4048 408 4095 xm.
423 4047 531 4112 Appian-
545 4074 580 4085 ·-
594 4048 653 4097 Dio.
673 4076 709 4085 -
727 4049 852 4099 Plutarch.
864 4050 892 4098 in
904 4048 1094 4114 Senoriomap.
1108 4066 1134 4111 7.
1153 4078 1189 4089 —
1205 4051 1328 4116 §XfflL

259 4130 380 4181 Plutarch.
392 4131 419 4179 in
432 4132 512 4193 Sulla,
525 4148 579 4197 sap.
591 4134 634 4190 dt.
644 4160 679 4171 -
689 4133 744 4180 Vel.
754 4134 824 4182 Max.
834 4134 1002 4184 -bmaiau,
1011 4136 1105 4195 m,
1116 4137 1159 4183 ab.
1171 4162 1207 4173 -
1216 4136 1327 4201 Appian.
