2875 4900
281 419 326 491 38
446 419 515 488 JO.
541 416 879 488 FREINSIIEMII
908 414 1153 487 SUPPLEM.

324 539 456 604 XLVII.
478 539 555 604 Haeo
570 539 628 603 ubi
643 538 794 626 dixisset,
806 537 935 603 silentio
946 537 1157 626 interposito,
1172 558 1276 625 quum
1293 561 1345 602 cao

281 642 348 729 pita
364 641 449 705 inter
463 663 497 704 se
518 639 666 704 conferre
684 639 855 720 homines,
869 655 903 703 et
918 637 1070 702 derebus
1085 653 1152 701 tarn
1168 637 1344 726 inopinatis

280 741 437 806 disserere
444 741 569 805 videret
577 788 586 821 ,
594 741 763 830 perfricuit
776 742 917 805 frontem
926 755 1166 828 ,et,resumpto
1174 761 1341 818 sermone,

278 842 394 925 «Quid
418 840 517 932 igitur
536 842 629 906 robis
654 841 848 906 consulam?
867 842 985 930 inquit.
1010 840 1099 924 Quid
1120 841 1208 906 enim
1230 841 1344 906 aliud?

210 979 214 996 =
277 975 291 1000 ι
302 967 401 1032 quam
420 959 458 1007 ut
475 943 707 1032 rempublicam
725 942 795 1006 sine
810 958 900 1006 certo
918 941 1057 1032 imperio
1071 939 1194 1006 diutius
1209 963 1280 1006 esse
1298 964 1343 1006 ne

278 1073 291 1098 κ
304 1043 425 1108 sinatis.
443 1043 579 1108 Senatus
594 1065 750 1108 romanus
766 1043 858 1107 urhis
875 1057 993 1108 nostrie
1007 1041 1049 1106 ad
1065 1065 1100 1106 se
1114 1043 1275 1108 revocarit
1289 1065 1345 1106 ar·

281 1173 294 1198 a
308 1141 460 1226 bitrium;
484 1144 651 1232 vetuitque
668 1144 873 1233 magistratus
891 1141 1000 1208 officio
1021 1143 1132 1232 iungi,
1150 1143 1343 1232 priusquam

279 1273 291 1296 a
307 1243 395 1331 ipse,
410 1245 489 1332 quid
498 1242 567 1308 fieri
579 1245 694 1328 vellet,
705 1245 936 1310 constituisset.
953 1245 1082 1334 Ergone
1098 1246 1221 1310 clausas
1233 1245 1345 1334 adspi-

282 1342 431 1409 nciemus
450 1345 586 1410 deorum
607 1345 709 1430 tedes,
723 1345 903 1433 squalentia
920 1345 1105 1435 gymnasia,
1123 1340 1242 1409 theatri
1258 1345 1346 1410 hanc

280 1475 293 1499 ι
309 1444 537 1524 solitudinem,
555 1462 589 1510 et
605 1446 671 1512 hoc
687 1447 853 1513 silentium
871 1445 959 1511 fori?
973 1469 1096 1512 sacram
1108 1445 1217 1512 Iacchi
1229 1469 1345 1511 rocem

280 1569 374 1610 «non
397 1545 566 1614 audiemus
592 1547 755 1637 amplius?
776 1547 866 1631 Quid
890 1563 999 1612 autem
1023 1547 1162 1614 deorum
1180 1548 1347 1636 responsis

281 1663 493 1713 «consecrata
509 1647 624 1736 Pnyx?
641 1649 729 1737 quid,
739 1648 964 1713 vetustissimis
978 1647 1189 1738 religionibus
1212 1670 1347 1713 venera·

281 1747 373 1812 ·bile
402 1747 574 1816 Castorum
603 1749 784 1839 templum?
801 1749 880 1835 ipsae
909 1747 1051 1836 denique
1070 1747 1345 1837 philosophorum

280 1877 294 1903 ι
308 1847 449 1912 schole?
466 1865 663 1939 perpetuane
686 1847 852 1913 oblivione
873 1848 1136 1930 damnabuntur,
1154 1865 1187 1913 et
1203 1849 1293 1914 velut
1310 1850 1347 1914 in

282 1979 295 2004 ι
309 1964 401 2037 capta
414 1948 588 2038 dirutaque
596 1951 679 2014 urbe
694 1952 914 2015 conticescent
925 1950 959 2015 i'»

325 2051 474 2117 XLVIII.
493 2051 551 2116 llis
572 2066 669 2140 atque
685 2051 802 2116 talibus
815 2053 994 2120 animatum
1009 2051 1143 2139 vulgus,
1163 2068 1196 2116 et
1208 2053 1295 2117 inter
1311 2075 1349 2116 se

282 2153 493 2216 tumultuarie
503 2153 748 2241 colloquutum,
761 2154 796 2218 in
807 2153 971 2221 theatrum
985 2173 1020 2216 se
1029 2153 1184 2241 proripit,
1196 2169 1244 2234 et,
1253 2153 1348 2242 quod

281 2254 366 2317 bene
380 2268 500 2336 vertat,
509 2254 682 2342 imperium
691 2271 789 2342 atque
802 2270 974 2343 praeturam
985 2253 1140 2318 Aristioni
1154 2253 1347 2320 decernunt.

282 2354 341 2418 Ille
354 2377 456 2443 quum
471 2354 505 2418 in
517 2355 717 2420 orchestram
728 2354 964 2435 adscendisset,
983 2353 1091 2443 gratiis
1106 2355 1233 2442 populo
1247 2356 1347 2437 actis,

281 2470 449 2543 postremo
475 2455 544 2519 baec
568 2455 708 2537 adjecit:
733 2454 1037 2545 «Quandoquidem
1063 2477 1140 2544 ergo
1160 2456 1350 2545 reipublicae

282 2584 295 2611 ι
308 2578 435 2621 summa
450 2554 491 2619 ad
508 2577 566 2621 vos
585 2555 698 2639 rediit,
714 2557 828 2622 restris
845 2572 955 2621 autem
971 2556 1139 2620 sententiis
1158 2578 1221 2645 ego
1242 2556 1350 2623 lectus

282 2678 380 2722 «sum
402 2657 573 2746 princeps,
595 2680 726 2745 teqnum
747 2674 813 2739 est,
838 2673 966 2721 utnon
994 2655 1103 2719 miuus
1124 2678 1185 2744 ego
1205 2658 1349 2744 possim,

282 2788 296 2815 ι
307 2779 405 2845 quem
423 2758 565 2825 universi
588 2759 738 2847 potestis,
762 2772 860 2845 atque
883 2756 1010 2845 polletis
1028 2779 1058 2838 ις
1074 2756 1247 2843 statimque
1265 2756 1352 2836 juris

281 2857 463 2947 usurpandi
478 2880 589 2941 causa,
605 2860 737 2923 nomina
753 2857 989 2946 quorumdam,
1004 2880 1088 2945 quos
1107 2858 1244 2947 collegas
1263 2876 1352 2924 esset

281 2958 473 3041 habiturus,
491 2959 602 3027 edidit

326 3060 444 3126 XLIX.
461 3061 577 3149 Neque
593 3062 713 3127 multos
726 3077 801 3150 post
814 3059 900 3143 dies,
913 3060 1064 3149 proesidio
1075 3059 1214 3125 militum
1226 3058 1352 3124 Arche·
1365 3114 1369 3122 .

281 3161 458 3243 tetherus,
474 3178 583 3250 aperte
599 3162 737 3251 arripuit
749 3161 972 3253 tyrannidem,
989 3161 1189 3250 grassarique
1207 3161 1243 3224 in
1258 3162 1350 3249 opti-

282 3282 375 3325 mum
393 3284 557 3349 quemque
572 3278 629 3327 aut
643 3263 932 3352 locupletissimum
952 3262 1033 3326 mira
1046 3261 1166 3325 ferocia
1181 3276 1214 3325 et
1229 3260 1352 3325 enide-

282 3362 372 3426 litate
381 3362 486 3451 coepit.
493 3363 589 3428 Unde
596 3386 699 3452 quum
708 3386 748 3427 ex
756 3364 838 3429 urbe
847 3363 941 3430 multi
954 3356 1175 3451 profugerent,
1184 3361 1352 3427 custodias

284 3464 318 3527 in
331 3463 434 3551 portis
448 3464 579 3552 posuit:
593 3480 627 3531 at
642 3464 688 3527 illi
702 3481 804 3529 noctu
817 3487 837 3529 e
850 3464 953 3532 muris
966 3462 1230 3527 demittebantur.
1243 3463 1353 3550 Igitur

285 3563 426 3646 emissis,
441 3564 498 3652 qui
517 3564 675 3653 fugientes
688 3582 977 3654 persequerentur,
996 3565 1178 3653 equitibus,
1193 3564 1289 3629 muhi
1305 3566 1352 3630 ab

282 3665 334 3729 his
350 3664 449 3729 occisi
465 3680 558 3745 sunt,
573 3665 625 3729 alii
638 3664 673 3730 in
684 3666 822 3731 vinculis
837 3667 976 3732 retracti.
987 3666 1077 3754 Saepe
1090 3666 1176 3730 inter
1190 3665 1260 3731 haec
1272 3688 1355 3753 pro-

283 3766 373 3831 dibat
388 3766 421 3829 in
444 3765 636 3831 concionem
658 3789 733 3831 cunr
750 3782 874 3833 armato
889 3766 1055 3848 satellitio,
1072 3767 1260 3853 multosque
1275 3782 1352 3829 stu-

282 3866 360 3931 dere
371 3866 526 3931 Romanis
539 3868 748 3949 insimulans,
764 3891 880 3957 resque
895 3890 995 3933 novas
1011 3867 1138 3949 moliri,
1155 3890 1193 3931 ac
1209 3868 1292 3931 clam
1306 3868 1353 3931 ad

316 4079 463 4144 sxtvtu.
476 4083 577 4137 Persen.
590 4084 635 4137 lib·
650 4086 671 4139 1.
691 4111 727 4123 -
744 4082 862 4137 tendor.
880 4081 946 4149 apud
962 4082 1055 4134 Athen.
1067 4084 1100 4142 V,
1119 4084 1159 4133 13.
1182 4108 1217 4121 -·-
1236 4082 1351 4154 Appisn.

280 4162 393 4217 Il'nbrid.
410 4194 438 4225 3
