2875 4900
293 388 364 472 lab
469 394 535 461 JO.
562 393 904 463 FRElNSHEMll
934 398 1181 466 SUPPLEM.

148 567 152 577 .
292 512 452 577 minorem
470 512 595 577 Othoni
609 514 760 601 plausum
772 515 859 602 ipsa,
876 538 976 604 qnam
992 517 1136 605 equites,
1151 516 1278 582 darent.
1290 518 1352 583 bb·

288 612 393 693 jorem
410 612 529 678 deinde
548 614 791 681 dimicationem
805 640 867 706 pro
882 621 920 682 C.
931 618 1065 681 Rabirio
1079 618 1198 699 subiit,
1213 619 1269 683 cui
1282 619 1353 683 sub·

292 730 427 781 ornatus
439 738 459 779 a
472 719 508 780 C.
521 718 645 781 Caesare
658 718 812 782 tribunus
824 719 929 807 plebis
942 720 982 783 T.
991 718 1154 783 Labienus
1166 717 1354 806 perduellio·

293 816 436 883 uisdiem
443 818 576 901 dixerat,
585 821 673 908 quod
679 834 756 884 ante
762 823 995 910 sexetor'ffl'ma
1003 842 1108 884 annos
1115 819 1355 885 &Satuminwn

290 920 452 983 tribunum
457 920 560 1007 plebis
572 922 741 987 ocer'disset.
752 923 902 1012 Negabat
913 924 1038 987 factum
1046 921 1217 986 Rabirius:
1228 921 1287 985 sed
1295 944 1354 985 non

293 1034 357 1083 mm
374 1020 443 1101 ille,
458 1044 558 1108 quam
574 1038 705 1088 senatus
721 1025 899 1089 auctoritas
912 1024 1103 1113 petebatur,
1115 1023 1198 1087 nibil
1209 1022 1355 1110 deinceps

291 1120 442 1202 valitura,
462 1122 537 1202 ubi,
553 1123 644 1210 quod
661 1125 764 1213 ipsius
778 1125 874 1206 jussu
887 1142 974 1190 esset
988 1127 1130 1204 neum,
1144 1140 1222 1212 post
1237 1140 1289 1189 tot
1305 1148 1354 1188 au·

292 1244 353 1285 nos
369 1222 404 1285 in
424 1221 685 1311 disquisitionem
706 1226 830 1307 vocari,
847 1248 1009 1314 pronaque
1029 1241 1062 1289 et
1079 1225 1243 1313 supplicio
1257 1226 1355 1289 vindi·

291 1323 357 1387 cari
376 1346 471 1411 posse
487 1327 696 1391 constitisset.

336 1424 454 1489 XLIII.
468 1426 581 1509 Quum
596 1450 724 1491 summa
741 1450 805 1516 ope
817 1428 987 1491 restitisset
1000 1427 1117 1491 melior
1126 1449 1201 1514 pars
1215 1444 1354 1506 senams,

291 1546 333 1589 ue
344 1524 504 1604 judicium
516 1551 555 1592 ea
567 1527 608 1593 de
624 1551 659 1592 re
674 1530 786 1609 fieret,
802 1528 1061 1617 tribuniplebis,
1077 1530 1219 1593 factione
1234 1531 1356 1594 Caeam

291 1624 410 1708 adjuti,
424 1629 590 1695 vicerunt:
604 1632 648 1694 ita
661 1630 828 1695 duumviri
842 1654 908 1694 non
923 1654 1015 1695 more
1026 1632 1179 1718 antiquo,
1194 1654 1213 1694 a
1226 1633 1356 1721 populo,

292 1729 350 1816 qui
365 1729 621 1817 perduellionem
633 1730 835 1813 judicarent,
852 1732 911 1797 sed
923 1756 943 1797 a
954 1749 1094 1822 praetore
1106 1733 1189 1814 dati,
1204 1735 1253 1797 sic
1268 1734 1356 1798 ducta

294 1844 399 1912 sorte,
415 1848 469 1912 ut,
484 1855 535 1897 res
550 1833 836 1922 suspiciosissima,
850 1835 970 1899 Lucius
986 1850 1020 1899 et
1032 1835 1128 1899 Caius
1138 1836 1215 1899 lolii
1226 1838 1357 1900 Caesares

293 1928 407 1995 fierent
421 1956 429 1997 t
444 1935 553 1998 aCaio
570 1952 658 1999 certe
673 1952 739 1999 tam
753 1935 873 2025 cupide
883 1934 1120 2000 condemnatus
1137 1952 1206 2015 est,
1222 1953 1262 2001 ut
1275 1959 1359 2000 more

293 2032 454 2113 majorum
478 2034 520 2099 ad
542 2038 702 2126 populum
724 2038 936 2126 provocanti,
962 2038 1045 2101 nibil
1068 2059 1168 2126 aeque
1186 2058 1241 2109 ac,
1248 2036 1357 2118 judicis

294 2136 451 2201 acerbitas
467 2138 636 2225 profuerit.
647 2140 711 2203 Pro
724 2141 789 2203 boc
799 2162 856 2203 reo
869 2138 1037 2203 Ciceronis
1049 2153 1151 2201 exstat
1164 2137 1281 2220 oratio,
1295 2159 1358 2224 qua

295 2237 366 2325 ipso
382 2238 506 2321 indice,
525 2256 638 2327 quarta
660 2241 847 2305 habitamm
865 2240 900 2303 in
917 2239 1091 2304 consulatu
1107 2238 1180 2302 fuis.
1203 2238 1357 2303 Periclita-

296 2338 392 2403 batur
414 2356 523 2405 tamen
544 2364 638 2425 reus,
655 2358 745 2406 tanta
760 2342 809 2405 vis
825 2340 968 2405 adversas
987 2340 1137 2403 metionis
1156 2353 1356 2426 erat3qun1n

299 2440 340 2522 Q.
349 2440 471 2506 Metelli
486 2443 623 2528 Celeris,
641 2444 700 2532 qui
717 2459 838 2533 praetor
852 2457 886 2505 et
902 2463 1009 2530 augur
1020 2455 1103 2522 erat,
1118 2439 1204 2503 facto
1221 2455 1271 2502 est
1285 2437 1357 2502 libe

297 2560 395 2609 ratus.
410 2548 605 2611 Centuriatis
623 2547 764 2612 comitiis
781 2545 823 2610 de
841 2543 1065 2633 perduellione
1082 2542 1226 2630 populus
1239 2540 1358 2620 judica·

298 2645 354 2708 bat
369 2669 377 2709 :
390 2647 443 2710 illa
454 2669 558 2734 quum
571 2649 654 2738 intra
668 2649 863 2738 pomoerium
878 2645 948 2710 beri
962 2645 1051 2709 nefas
1070 2659 1171 2724 esset,
1186 2643 1359 2730 antiquitus

299 2763 368 2811 erat
384 2764 561 2830 statutum,
580 2766 637 2830 ut,
654 2766 814 2839 occupato
832 2750 866 2811 in
882 2747 1044 2836 'suffragiis
1062 2745 1205 2810 ferendis
1223 2745 1359 2832 populo,

300 2851 459 2914 exercitam
476 2850 614 2940 praesidii
632 2873 728 2916 causa
742 2851 958 2939 imperaretur
973 2873 981 2913 ε
996 2850 1040 2912 ita
1053 2847 1166 2928 fiebat,
1180 2863 1219 2910 ut
1231 2869 1309 2910 eum
1321 2868 1363 2908 ar·

300 2951 361 3015 mis
378 2953 522 3034 exirent,
540 2975 601 3019 nec
617 2954 715 3018 simul
734 2952 877 3017 universi
896 2952 997 3032 cives,
1013 2949 1070 3014 sed
1083 2971 1144 3040 per
1160 2965 1288 3038 partes,
1304 2949 1362 3012 fer·

298 3071 374 3118 rent
388 3055 558 3144 suffragia,
576 3079 644 3144 quo
658 3078 787 3144 semper
805 3053 924 3118 idonea
937 3075 1054 3117 manus
1068 3050 1109 3115 ad
1126 3051 1264 3115 tutelam
1278 3065 1364 3114 cete·

299 3177 412 3220 rorum
428 3171 461 3220 et
477 3157 574 3222 Urbis
590 3159 624 3220 in
639 3158 788 3222 laniculo
803 3157 987 3220 excubaret.

343 3257 456 3322 XLIV.
472 3258 555 3324 Nam
568 3259 653 3323 inter
666 3259 758 3323 initia
772 3275 878 3322 metus
892 3259 934 3321 ab
950 3257 1085 3336 accolis,
1102 3256 1195 3319 tenui
1210 3255 1320 3319 adbuc
1334 3277 1365 3315 re

300 3381 448 3440 romam,
468 3359 671 3425 desiderabat
694 3361 879 3426 cautionem
898 3360 948 3424 :is
967 3358 1087 3424 ddnde
1106 3381 1196 3440 mos,
1214 3372 1253 3422 ut
1271 3357 1364 3432 solet,

301 3461 509 3547 quantumvis
519 3477 645 3527 mutato
658 3485 768 3528 rerum
780 3477 882 3542 statu,
897 3461 1039 3550 prolege
1053 3459 1253 3523 servabatur.
1263 3457 1366 3522 Vexil-

300 3561 371 3624 lum
390 3561 490 3649 igitur
505 3561 605 3656 lixum
621 3579 690 3627 erat
706 3567 740 3626 in
761 3563 927 3638 laniculo,
945 3559 1104 3650 mandis
1119 3560 1253 3624 comitia
1269 3559 1366 3624 babe-

301 3662 441 3745 bantur3
459 3685 499 3726 eo
514 3662 656 3746 dimoto,
673 3664 860 3754 praesidium
873 3663 1077 3744 discedebat,
1094 3684 1204 3749 neque
1218 3659 1365 3746 deinceps

302 3763 352 3852 egi
363 3786 438 3828 cum
448 3765 571 3852 populo
580 3781 715 3853 poterat.
725 3765 875 3830 Metellus
884 3767 999 3854 igitur,
1011 3786 1114 3852 quum
1124 3765 1245 3828 frustra
1255 3762 1366 3827 docere

211 4013 214 4022 ·
337 3997 353 4061 s
371 3999 451 4044 xus.
466 3995 518 4045 Cic.
531 3994 563 4042 ad
574 3995 650 4043 arec.
661 3997 697 4054 11,
714 4011 738 4052 r,
752 4005 777 4045 et
789 4012 836 4060 pro
847 3995 932 4044 Rabir.
944 4023 980 4033 -
992 3995 1055 4043 run.
1068 4021 1104 4032 -
1113 3994 1172 4042 Dio.
1185 4021 1222 4030 -
1232 3996 1332 4042 Suetou.
1342 3991 1365 4036 in

303 4085 364 4130 (lu.
376 4097 431 4146 cap.
447 4097 485 4129 ra.
497 4107 532 4118 -·
546 4079 562 4146 s
580 4081 671 4128 mn.
687 4082 739 4127 Lis.
752 4083 777 4136 Ι,
791 4083 835 4129 26.
849 4107 885 4117 -
899 4081 1002 4128 Sueten.
1019 4105 1050 4116 ·-
1070 4079 1129 4128 Dio.
1143 4111 1176 4124 .-
1189 4076 1242 4125 Cic.
1253 4075 1284 4124 ad
1295 4073 1366 4125 Attie-

305 4167 341 4221 ll,
355 4181 376 4212 1.
387 4193 420 4202 -
430 4167 516 4216 Rosiu-
529 4163 757 4230 bntiq.llom.V1,
771 4181 795 4228 ῃ.
808 4192 840 4204 -
850 4165 929 4228 ΑμΙΙ.
939 4165 998 4216 XV.
1012 4177 1054 4223 ²7·
