2875 4900
331 379 387 448 IN
415 377 531 446 LOC.
557 378 650 446 LIII.
678 377 745 445 CX
772 377 990 447 LIVIANI.
1125 377 1196 452 685

122 495 228 560 nianis
243 511 484 585 comportatum
497 495 638 560 Ilerdam
656 496 777 578 fuerat3
791 497 956 587 reliquum
974 499 1197 588 superioribus

120 596 238 662 diebus
249 597 352 685 copim
363 597 497 662 Caesaris
508 597 767 688 absumpserant.
779 601 824 663 At
833 599 984 664 hostibus
992 600 1198 668 frumentum

119 716 198 765 ante
216 699 383 788 provisum
404 715 496 766 erat:
515 697 624 764 adhuc
642 698 789 790 quotidie
804 699 952 788 undique
968 703 1198 790 comportaba-

119 816 191 884 tur;
209 817 344 888 eratque
360 799 472 889 pabuli
486 817 519 866 et
536 823 647 865 rerum
665 802 814 865 omnium
833 825 949 892 magna
967 803 1077 890 copia,
1093 827 1198 892 quum

119 917 224 990 ponte
240 923 337 966 saxeo
353 901 394 966 ad
409 900 548 966 Ilerdam
566 923 679 968 secure
695 916 883 986 uterentur,
902 919 935 967 et
947 903 1019 967 loca
1032 919 1121 970 trans
1134 903 1199 969 flu-

120 1026 199 1068 men
220 1004 365 1094 integra,
382 1025 449 1094 quo
467 1003 638 1092 pervenire
652 1005 758 1068 Casas
775 1026 843 1069 uon
861 1018 1005 1093 poterat,
1026 1004 1096 1069 siue
1113 1006 1200 1094 peri·

118 1105 197 1169 culo
211 1103 371 1168 habereut
381 1105 416 1168 in
428 1119 599 1192 potestate.
617 1101 745 1168 Idcirco
762 1105 888 1194 magnis
901 1104 936 1168 in
950 1103 1198 1172 difficultatibus

119 1209 228 1272 Cesar
244 1223 329 1288 erat,
355 1206 544 1293 multosque
567 1203 736 1270 amittebat
756 1203 922 1292 quotidie,
940 1205 999 1293 qui
1019 1206 1198 1295 pabulandi

118 1305 384 1372 frumentandire
405 1329 501 1372 causa
518 1305 699 1395 progressi,
716 1304 759 1370 ab
775 1306 929 1393 Hispania
948 1306 1042 1370 facile
1057 1308 1199 1396 excipie-

117 1409 253 1474 bantur.
271 1408 408 1498 Hispani
424 1408 531 1490 enirn,
548 1408 625 1496 quia
641 1408 712 1472 siue
729 1405 860 1471 utribus
876 1407 912 1470 iu
925 1407 1051 1474 bellurn
1064 1410 1114 1474 ire
1128 1432 1198 1474 non

118 1527 380 1592 consueverant,
404 1509 440 1573 in
464 1510 526 1574 hos
546 1509 740 1576 vestimenta
760 1507 994 1592 conjiciebant,
1019 1511 1081 1599 ipsi
1102 1512 1200 1577 cenis
1304 1563 1308 1569 .

118 1613 297 1703 suppositis
309 1612 403 1678 facile
413 1611 611 1700 superabant
622 1609 768 1676 flumina.
780 1609 918 1698 Aliquot
927 1609 996 1675 dies
1008 1628 1200 1677 manserunt

117 1735 223 1802 aquae.
239 1714 301 1778 Per
315 1733 399 1801 quos
412 1713 622 1793 comitatum,
636 1713 694 1802 qui
706 1733 747 1777 ex
760 1711 864 1776 Gallia
874 1710 1026 1776 veniebat
1038 1712 1081 1777 ad
1094 1715 1199 1784 Casa·

117 1837 207 1896 rem,
224 1815 379 1880 Afranius
398 1813 510 1878 subito
532 1835 723 1903 aggressus,
740 1811 913 1899 intercepit
929 1812 1112 1900 sagittarios
1127 1816 1198 1878 llu-

117 1917 299 1982 thenorum
318 1917 447 1982 circiter
461 1915 641 1998 ducentos,
666 1937 743 1980 cum
765 1913 932 2002 equitibus
952 1914 1045 2004 gallis
1066 1917 1197 2003 paucis,

117 2039 225 2107 quum
242 2018 359 2106 reliqui
375 2019 410 2082 in
429 2034 558 2082 montes
572 2017 740 2105 proximos
755 2016 962 2104 refugissent.
1247 2085 1257 2102 Ι

164 2121 286 2184 XVIII.
304 2122 396 2186 Inter
407 2120 477 2186 haec
493 2119 736 2209 ingravescebat
752 2119 787 2180 in
801 2119 914 2182 castris
929 2118 1061 2182 Caesaris
1075 2119 1197 2202 sames,

117 2237 208 2286 tanta
220 2222 287 2301 jam
303 2222 435 2286 caritate
446 2243 600 2298 annonae,
614 2236 653 2284 ut
668 2219 809 2285 denariis
822 2219 1061 2310 quinquaginta
1076 2220 1110 2283 in
1127 2243 1199 2284 mo·

117 2321 194 2386 dios
223 2324 427 2386 liumeutum
450 2337 624 2386 erneretur.
657 2323 736 2386 Ilaec
761 2344 865 2409 quum
892 2323 988 2386 ctiam
1013 2320 1196 2406 inflatiora,

117 2446 219 2512 quarn
246 2439 355 2507 erant,
379 2425 518 2489 Romam
539 2422 836 2513 perscriberentur,
859 2424 954 2489 multi
979 2448 1113 2509 eorum,
1139 2424 1198 2515 qui

117 2526 229 2591 adhuc
245 2526 280 2589 iu
294 2526 386 2591 Italia
401 2527 578 2608 haeserant,
594 2524 636 2591 ad
649 2524 844 2613 Pompeium
857 2527 995 2615 profecti
1008 2544 1088 2593 sunt
1102 2551 1110 2593 ε
1123 2529 1197 2607 alii,

112 2642 158 2693 -ut
175 2628 337 2716 principes
359 2628 423 2693 boc
445 2628 627 2715 perferrent
643 2626 820 2709 nuntium3
841 2628 912 2710 alii,
927 2651 969 2693 no
989 2645 1066 2717 post
1081 2652 1196 2695 omnes

114 2731 247 2793 venisse
262 2727 461 2793 viderentur.
485 2731 530 2795 At
548 2728 671 2811 Caesar,
694 2728 815 2794 frustra
836 2732 953 2819 saepius
971 2746 1094 2795 tentata
1109 2754 1196 2821 pon·

115 2831 204 2897 tium
225 2829 479 2895 reficiendorum
497 2852 572 2920 spe,
597 2852 701 2920 quum
723 2831 835 2895 irritus
850 2832 920 2913 ejus
938 2848 1075 2897 conatus
1096 2854 1198 2921 aqua·

115 2955 195 2997 rum
209 2948 243 2997 et
257 2932 401 2997 hostium
415 2932 447 2997 ri
459 2931 667 3014 redderetur,
682 2954 781 2997 naves
795 2932 900 2997 facere
911 2932 1067 3016 instituit,
1084 2934 1196 3021 quales

115 3034 252 3099 Venetis
269 3057 306 3099 ac
318 3034 482 3098 Britannis
498 3034 532 3097 in
549 3056 614 3097 usu
629 3049 726 3115 sunt,
740 3032 831 3097 Pado
845 3048 903 3097 aut
921 3033 1002 3097 mari
1018 3033 1196 3123 stagnanti·

115 3136 194 3201 bus.
209 3136 333 3201 Corium
344 3135 465 3201 fiebant
473 3158 514 3200 ex
524 3136 587 3199 levi
601 3136 752 3218 materia3
766 3135 931 3221 reliquum
941 3134 1197 3223 corpusvimini·

115 3238 183 3303 bus
210 3254 426 3319 contextum,
456 3237 552 3301 coriis
575 3238 791 3327 integebatur.
819 3237 884 3301 llas
911 3235 1032 3299 idoneo
1055 3258 1196 3301 numero

117 3340 286 3430 profectus
300 3342 406 3405 Caesar
420 3339 518 3405 carris
529 3340 651 3419 junctis
666 3356 770 3405 noctu
786 3338 827 3403 ad
841 3338 941 3403 millia
953 3360 1108 3427 passuum
1127 3339 1196 3406 duo

118 3458 153 3509 et
167 3442 282 3532 viginti
298 3464 317 3505 a
333 3442 444 3507 castris
459 3440 625 3528 deportat;
640 3440 753 3527 ibique
770 3439 911 3505 militum
928 3440 1039 3528 aliquo
1055 3464 1194 3507 numero

117 3546 270 3626 trajecto,
294 3543 517 3607 continentem
539 3542 616 3629 ripae
641 3542 757 3607 collem
777 3542 980 3625 communit,
1001 3544 1193 3631 priusquam

116 3645 292 3712 adversarii
307 3668 376 3711 rem
393 3660 637 3735 cognoscerent.

163 3748 256 3813 XIX.
284 3748 334 3811 Eo
356 3762 468 3835 postca
490 3744 670 3811 transducit
694 3745 877 3835 legionem,
905 3761 938 3810 et
963 3762 1102 3834 utraque
1123 3748 1194 3836 ripa

117 3850 263 3938 potitus,
281 3865 417 3938 pontem
438 3847 508 3912 sine
528 3848 674 3912 molestia
691 3845 819 3935 perficit
839 3846 953 3911 biduo.
976 3848 1029 3913 Sic
1052 3846 1093 3912 ad
1115 3870 1193 3914 eum

117 3950 332 4039 perveniunt,
351 3948 410 4037 qui
423 3970 462 4011 ex
478 3948 592 4037 gallico
612 3948 769 4013 comitatu
783 3964 969 4030 evaserant,
986 3950 1110 4038 quique
1124 3950 1194 4014 fru-

155 4162 170 4227 ς
184 4164 280 4211 xvut.
294 4160 359 4210 Plut.
371 4161 396 4208 in
407 4162 469 4209 Caes.
482 4188 514 4196 —
526 4159 592 4206 Flor.
606 4159 654 4219 tv,
667 4175 692 4206 a.
705 4186 742 4195 -
752 4160 815 4208 Caes.
828 4186 863 4195 -
875 4158 933 4206 Dio.
941 4185 976 4195 -
984 4160 1076 4206 lucan
