<?xml version="1.0" encoding="UTF-8"?>
<!DOCTYPE html PUBLIC "-//W3C//DTD XHTML 1.0 Transitional//EN"
    "http://www.w3.org/TR/xhtml1/DTD/xhtml1-transitional.dtd">
<html xmlns="http://www.w3.org/1999/xhtml" xml:lang="en" lang="en">
 <head>
  <title>
</title>
<meta http-equiv="Content-Type" content="text/html;charset=utf-8" />
  <meta name='ocr-system' content='tesseract 3.04.00' />
  <meta name='ocr-capabilities' content='ocr_page ocr_carea ocr_par ocr_line ocrx_word'/>
</head>
<body>
  <div class='ocr_page' id='page_1' title='image "bibliothecaclas116lemagoog_0632.png"; bbox 0 0 2875 4900; ppageno 0'>
   <div class='ocr_carea' id='block_1_1' title="bbox 287 371 1172 454">
    <p class='ocr_par' dir='ltr' id='par_1_1' title="bbox 287 371 1172 454">
     <span class='ocr_line' id='line_1_1' title="bbox 287 371 1172 454; baseline 0 -14"><span class='ocrx_word' id='word_1_1' title='bbox 287 371 359 454; x_wconf 73' lang='lat'><strong>624</strong></span> <span class='ocrx_word' id='word_1_2' title='bbox 454 373 522 438; x_wconf 86' lang='lat' dir='ltr'><strong>JO.</strong></span> <span class='ocrx_word' id='word_1_3' title='bbox 551 371 894 438; x_wconf 86' lang='lat' dir='ltr'><strong>FREINSHEMII</strong></span> <span class='ocrx_word' id='word_1_4' title='bbox 926 371 1172 442; x_wconf 84' lang='lat' dir='ltr'><strong>SUPPLEM.</strong></span> 
     </span>
    </p>
   </div>
   <div class='ocr_carea' id='block_1_2' title="bbox 274 490 1342 4223">
    <p class='ocr_par' dir='ltr' id='par_1_2' title="bbox 286 490 1342 1391">
     <span class='ocr_line' id='line_1_2' title="bbox 287 490 1340 580; baseline 0.006 -26"><span class='ocrx_word' id='word_1_5' title='bbox 287 490 405 554; x_wconf 83' lang='lat' dir='ltr'><strong>simum</strong></span> <span class='ocrx_word' id='word_1_6' title='bbox 425 506 496 554; x_wconf 88' lang='lat' dir='ltr'><strong>erat</strong></span> <span class='ocrx_word' id='word_1_7' title='bbox 517 490 595 553; x_wconf 90' lang='lat' dir='ltr'><strong>anni</strong></span> <span class='ocrx_word' id='word_1_8' title='bbox 612 505 758 578; x_wconf 86' lang='lat' dir='ltr'><strong>tempus,</strong></span> <span class='ocrx_word' id='word_1_9' title='bbox 776 512 843 577; x_wconf 90' lang='lat' dir='ltr'><strong>quo</strong></span> <span class='ocrx_word' id='word_1_10' title='bbox 857 490 954 556; x_wconf 85' lang='lat' dir='ltr'><strong>tantis</strong></span> <span class='ocrx_word' id='word_1_11' title='bbox 971 491 1037 580; x_wconf 87' lang='lat' dir='ltr'><strong>tegi</strong></span> <span class='ocrx_word' id='word_1_12' title='bbox 1055 492 1187 557; x_wconf 85' lang='lat' dir='ltr'><strong>nivibus</strong></span> <span class='ocrx_word' id='word_1_13' title='bbox 1203 493 1340 560; x_wconf 76' lang='lat' dir='ltr'>Cebenna</span> 
     </span>
     <span class='ocr_line' id='line_1_3' title="bbox 288 589 1342 685; baseline 0.009 -33"><span class='ocrx_word' id='word_1_14' title='bbox 288 591 381 671; x_wconf 88' lang='lat' dir='ltr'><strong>solet,</strong></span> <span class='ocrx_word' id='word_1_15' title='bbox 394 606 431 654; x_wconf 91' lang='lat' dir='ltr'><strong>ut</strong></span> <span class='ocrx_word' id='word_1_16' title='bbox 443 591 496 654; x_wconf 85' lang='lat' dir='ltr'><strong>vix</strong></span> <span class='ocrx_word' id='word_1_17' title='bbox 508 589 665 679; x_wconf 88' lang='lat' dir='ltr'><strong>expeditis</strong></span> <span class='ocrx_word' id='word_1_18' title='bbox 678 606 711 654; x_wconf 90' lang='lat' dir='ltr'><strong>et</strong></span> <span class='ocrx_word' id='word_1_19' title='bbox 722 589 856 679; x_wconf 84' lang='lat' dir='ltr'><strong>singulis</strong></span> <span class='ocrx_word' id='word_1_20' title='bbox 870 612 910 654; x_wconf 92' lang='lat' dir='ltr'><strong>eo</strong></span> <span class='ocrx_word' id='word_1_21' title='bbox 925 606 1072 679; x_wconf 91' lang='lat' dir='ltr'><strong>tempore</strong></span> <span class='ocrx_word' id='word_1_22' title='bbox 1085 595 1164 658; x_wconf 89' lang='lat' dir='ltr'><strong>anni</strong></span> <span class='ocrx_word' id='word_1_23' title='bbox 1175 595 1218 658; x_wconf 89' lang='lat' dir='ltr'><strong>sit</strong></span> <span class='ocrx_word' id='word_1_24' title='bbox 1228 618 1342 685; x_wconf 85' lang='lat' dir='ltr'><strong>supera·</strong></span> 
     </span>
     <span class='ocr_line' id='line_1_4' title="bbox 286 689 1341 774; baseline 0.007 -19"><span class='ocrx_word' id='word_1_25' title='bbox 286 691 370 756; x_wconf 89' lang='lat' dir='ltr'><strong>bilis.</strong></span> <span class='ocrx_word' id='word_1_26' title='bbox 387 691 487 774; x_wconf 90' lang='lat' dir='ltr'><strong>Quod</strong></span> <span class='ocrx_word' id='word_1_27' title='bbox 510 707 618 756; x_wconf 89' lang='lat' dir='ltr'><strong>tamen</strong></span> <span class='ocrx_word' id='word_1_28' title='bbox 638 689 788 755; x_wconf 89' lang='lat' dir='ltr'><strong>nondum</strong></span> <span class='ocrx_word' id='word_1_29' title='bbox 810 692 886 756; x_wconf 86' lang='lat' dir='ltr'><strong>satis</strong></span> <span class='ocrx_word' id='word_1_30' title='bbox 905 691 947 756; x_wconf 84' lang='lat' dir='ltr'><strong>ad</strong></span> <span class='ocrx_word' id='word_1_31' title='bbox 966 693 1090 760; x_wconf 86' lang='lat' dir='ltr'><strong>bellum</strong></span> <span class='ocrx_word' id='word_1_32' title='bbox 1111 696 1231 760; x_wconf 86' lang='lat' dir='ltr'><strong>virium</strong></span> <span class='ocrx_word' id='word_1_33' title='bbox 1254 697 1341 762; x_wconf 79' lang='lat' dir='ltr'><strong>habe-</strong></span> 
     </span>
     <span class='ocr_line' id='line_1_5' title="bbox 286 792 1341 888; baseline 0.004 -29"><span class='ocrx_word' id='word_1_34' title='bbox 286 795 360 876; x_wconf 87' lang='lat' dir='ltr'><strong>bat,</strong></span> <span class='ocrx_word' id='word_1_35' title='bbox 380 794 483 859; x_wconf 91' lang='lat' dir='ltr'><strong>biduo</strong></span> <span class='ocrx_word' id='word_1_36' title='bbox 505 809 668 874; x_wconf 85' lang='lat' dir='ltr'><strong>moratus,</strong></span> <span class='ocrx_word' id='word_1_37' title='bbox 688 816 757 880; x_wconf 93' lang='lat' dir='ltr'><strong>quo</strong></span> <span class='ocrx_word' id='word_1_38' title='bbox 778 792 1077 883; x_wconf 82' lang='lat' dir='ltr'>Vercingetorigem</span> <span class='ocrx_word' id='word_1_39' title='bbox 1100 819 1141 860; x_wconf 87' lang='lat' dir='ltr'><strong>ex</strong></span> <span class='ocrx_word' id='word_1_40' title='bbox 1158 797 1341 888; x_wconf 79' lang='lat' dir='ltr'><strong>Biturigibru</strong></span> 
     </span>
     <span class='ocr_line' id='line_1_6' title="bbox 286 893 1342 985; baseline 0.003 -25"><span class='ocrx_word' id='word_1_41' title='bbox 286 897 479 976; x_wconf 87' lang='lat' dir='ltr'><strong>attraheret,</strong></span> <span class='ocrx_word' id='word_1_42' title='bbox 502 917 629 959; x_wconf 87' lang='lat' dir='ltr'><strong>summa</strong></span> <span class='ocrx_word' id='word_1_43' title='bbox 654 893 816 958; x_wconf 88' lang='lat' dir='ltr'><strong>celeritate</strong></span> <span class='ocrx_word' id='word_1_44' title='bbox 837 895 1022 977; x_wconf 82' lang='lat' dir='ltr'><strong>Viennam,</strong></span> <span class='ocrx_word' id='word_1_45' title='bbox 1048 894 1170 960; x_wconf 90' lang='lat' dir='ltr'><strong>deinde</strong></span> <span class='ocrx_word' id='word_1_46' title='bbox 1193 921 1251 985; x_wconf 90' lang='lat' dir='ltr'><strong>per</strong></span> <span class='ocrx_word' id='word_1_47' title='bbox 1274 897 1342 963; x_wconf 79' lang='lat' dir='ltr'><strong>lines</strong></span> 
     </span>
     <span class='ocr_line' id='line_1_7' title="bbox 286 994 1342 1089; baseline 0 -25"><span class='ocrx_word' id='word_1_48' title='bbox 286 997 471 1064; x_wconf 83' lang='lat' dir='ltr'><strong>AEduorum</strong></span> <span class='ocrx_word' id='word_1_49' title='bbox 484 999 519 1062; x_wconf 91' lang='lat' dir='ltr'><strong>in</strong></span> <span class='ocrx_word' id='word_1_50' title='bbox 535 998 697 1086; x_wconf 81' lang='lat' dir='ltr'><strong>Lingones</strong></span> <span class='ocrx_word' id='word_1_51' title='bbox 711 994 892 1060; x_wconf 88' lang='lat' dir='ltr'><strong>contendit.</strong></span> <span class='ocrx_word' id='word_1_52' title='bbox 908 995 990 1060; x_wconf 86' lang='lat' dir='ltr'><strong>lude</strong></span> <span class='ocrx_word' id='word_1_53' title='bbox 1004 997 1046 1060; x_wconf 89' lang='lat' dir='ltr'><strong>ad</strong></span> <span class='ocrx_word' id='word_1_54' title='bbox 1059 998 1203 1086; x_wconf 88' lang='lat' dir='ltr'><strong>reliquas</strong></span> <span class='ocrx_word' id='word_1_55' title='bbox 1215 999 1342 1089; x_wconf 74' lang='lat' dir='ltr'><strong>legiones</strong></span> 
     </span>
     <span class='ocr_line' id='line_1_8' title="bbox 287 1097 1341 1188; baseline 0.002 -24"><span class='ocrx_word' id='word_1_56' title='bbox 287 1099 392 1182; x_wconf 89' lang='lat' dir='ltr'><strong>misit,</strong></span> <span class='ocrx_word' id='word_1_57' title='bbox 411 1115 508 1188; x_wconf 90' lang='lat' dir='ltr'><strong>atque</strong></span> <span class='ocrx_word' id='word_1_58' title='bbox 525 1098 570 1162; x_wconf 86' lang='lat' dir='ltr'><strong>ita</strong></span> <span class='ocrx_word' id='word_1_59' title='bbox 587 1121 627 1162; x_wconf 89' lang='lat' dir='ltr'><strong>ex</strong></span> <span class='ocrx_word' id='word_1_60' title='bbox 646 1097 843 1162; x_wconf 89' lang='lat' dir='ltr'><strong>distantibus</strong></span> <span class='ocrx_word' id='word_1_61' title='bbox 854 1097 1000 1162; x_wconf 85' lang='lat' dir='ltr'><strong>hibernis</strong></span> <span class='ocrx_word' id='word_1_62' title='bbox 1014 1114 1185 1164; x_wconf 87' lang='lat' dir='ltr'><strong>contracto</strong></span> <span class='ocrx_word' id='word_1_63' title='bbox 1200 1102 1341 1182; x_wconf 74' lang='lat' dir='ltr'><strong>emmim,</strong></span> 
     </span>
     <span class='ocr_line' id='line_1_9' title="bbox 286 1199 1341 1286; baseline -0.001 -21"><span class='ocrx_word' id='word_1_64' title='bbox 286 1199 575 1265; x_wconf 86' lang='lat' dir='ltr'><strong>Vellaunodunum</strong></span> <span class='ocrx_word' id='word_1_65' title='bbox 597 1199 718 1280; x_wconf 89' lang='lat' dir='ltr'><strong>movit,</strong></span> <span class='ocrx_word' id='word_1_66' title='bbox 740 1199 803 1262; x_wconf 89' lang='lat' dir='ltr'><strong>iter</strong></span> <span class='ocrx_word' id='word_1_67' title='bbox 827 1215 1001 1286; x_wconf 89' lang='lat' dir='ltr'><strong>aperturus</strong></span> <span class='ocrx_word' id='word_1_68' title='bbox 1023 1199 1057 1261; x_wconf 86' lang='lat' dir='ltr'><strong>in</strong></span> <span class='ocrx_word' id='word_1_69' title='bbox 1082 1200 1239 1265; x_wconf 89' lang='lat' dir='ltr'><strong>Boiorum</strong></span> <span class='ocrx_word' id='word_1_70' title='bbox 1259 1201 1341 1280; x_wconf 82' lang='lat' dir='ltr'><strong>linet,</strong></span> 
     </span>
     <span class='ocr_line' id='line_1_10' title="bbox 286 1299 1099 1391; baseline 0 -26"><span class='ocrx_word' id='word_1_71' title='bbox 286 1324 428 1390; x_wconf 91' lang='lat' dir='ltr'><strong>quorum</strong></span> <span class='ocrx_word' id='word_1_72' title='bbox 443 1301 603 1390; x_wconf 91' lang='lat' dir='ltr'><strong>oppidum</strong></span> <span class='ocrx_word' id='word_1_73' title='bbox 619 1299 865 1389; x_wconf 81' lang='lat' dir='ltr'><strong>Vercingetorix</strong></span> <span class='ocrx_word' id='word_1_74' title='bbox 881 1300 1099 1391; x_wconf 89' lang='lat' dir='ltr'><strong>oppugnabat.</strong></span> 
     </span>
    </p>

    <p class='ocr_par' dir='ltr' id='par_1_3' title="bbox 280 1399 1341 2813">
     <span class='ocr_line' id='line_1_11' title="bbox 330 1399 1340 1493; baseline -0.002 -25"><span class='ocrx_word' id='word_1_75' title='bbox 330 1403 411 1468; x_wconf 92' lang='lat' dir='ltr'><strong>LIV.</strong></span> <span class='ocrx_word' id='word_1_76' title='bbox 441 1401 694 1467; x_wconf 90' lang='lat' dir='ltr'><strong>Vellaunoduno</strong></span> <span class='ocrx_word' id='word_1_77' title='bbox 719 1401 888 1466; x_wconf 85' lang='lat' dir='ltr'><strong>Senonum</strong></span> <span class='ocrx_word' id='word_1_78' title='bbox 915 1401 1000 1464; x_wconf 89' lang='lat' dir='ltr'><strong>intra</strong></span> <span class='ocrx_word' id='word_1_79' title='bbox 1028 1399 1179 1466; x_wconf 89' lang='lat' dir='ltr'><strong>triduum</strong></span> <span class='ocrx_word' id='word_1_80' title='bbox 1205 1420 1340 1493; x_wconf 85' lang='lat' dir='ltr'><strong>recepto,</strong></span> 
     </span>
     <span class='ocr_line' id='line_1_12' title="bbox 286 1502 1341 1590; baseline 0 -21"><span class='ocrx_word' id='word_1_81' title='bbox 286 1504 458 1569; x_wconf 86' lang='lat' dir='ltr'><strong>Genabum</strong></span> <span class='ocrx_word' id='word_1_82' title='bbox 479 1504 638 1568; x_wconf 86' lang='lat' dir='ltr'><strong>exercitus</strong></span> <span class='ocrx_word' id='word_1_83' title='bbox 657 1502 799 1566; x_wconf 85' lang='lat' dir='ltr'><strong>ducitur.</strong></span> <span class='ocrx_word' id='word_1_84' title='bbox 824 1502 1051 1584; x_wconf 86' lang='lat' dir='ltr'><strong>Geuabenses,</strong></span> <span class='ocrx_word' id='word_1_85' title='bbox 1068 1503 1162 1590; x_wconf 92' lang='lat' dir='ltr'><strong>quod</strong></span> <span class='ocrx_word' id='word_1_86' title='bbox 1177 1503 1296 1568; x_wconf 89' lang='lat' dir='ltr'><strong>diutius</strong></span> <span class='ocrx_word' id='word_1_87' title='bbox 1309 1505 1341 1569; x_wconf 84' lang='lat' dir='ltr'><strong>ad</strong></span> 
     </span>
     <span class='ocr_line' id='line_1_13' title="bbox 284 1603 1340 1693; baseline 0.004 -27"><span class='ocrx_word' id='word_1_88' title='bbox 284 1603 571 1670; x_wconf 86' lang='lat' dir='ltr'><strong>Vellaunodunum</strong></span> <span class='ocrx_word' id='word_1_89' title='bbox 591 1620 774 1693; x_wconf 84' lang='lat' dir='ltr'><strong>pugnatum</strong></span> <span class='ocrx_word' id='word_1_90' title='bbox 795 1604 836 1667; x_wconf 92' lang='lat' dir='ltr'><strong>iri</strong></span> <span class='ocrx_word' id='word_1_91' title='bbox 852 1609 1061 1693; x_wconf 78' lang='lat' dir='ltr'><strong>putaverant,</strong></span> <span class='ocrx_word' id='word_1_92' title='bbox 1079 1605 1232 1693; x_wconf 82' lang='lat' dir='ltr'><strong>imparati</strong></span> <span class='ocrx_word' id='word_1_93' title='bbox 1246 1605 1284 1670; x_wconf 89' lang='lat' dir='ltr'><strong>ad</strong></span> <span class='ocrx_word' id='word_1_94' title='bbox 1300 1629 1340 1669; x_wconf 86' lang='lat' dir='ltr'><strong>re·</strong></span> 
     </span>
     <span class='ocr_line' id='line_1_14' title="bbox 284 1705 1341 1796; baseline 0.003 -26"><span class='ocrx_word' id='word_1_95' title='bbox 284 1705 476 1787; x_wconf 89' lang='lat' dir='ltr'><strong>sistendum,</strong></span> <span class='ocrx_word' id='word_1_96' title='bbox 490 1721 593 1769; x_wconf 91' lang='lat' dir='ltr'><strong>noctu</strong></span> <span class='ocrx_word' id='word_1_97' title='bbox 604 1721 692 1770; x_wconf 88' lang='lat' dir='ltr'><strong>trans</strong></span> <span class='ocrx_word' id='word_1_98' title='bbox 705 1706 845 1795; x_wconf 82' lang='lat' dir='ltr'><strong>Ligerim</strong></span> <span class='ocrx_word' id='word_1_99' title='bbox 858 1721 1027 1770; x_wconf 84' lang='lat' dir='ltr'><strong>tentarunt</strong></span> <span class='ocrx_word' id='word_1_100' title='bbox 1037 1706 1151 1796; x_wconf 84' lang='lat' dir='ltr'><strong>fugam</strong></span> <span class='ocrx_word' id='word_1_101' title='bbox 1164 1731 1173 1772; x_wconf 76' lang='grc' dir='ltr'><strong><em>ε</em></strong></span> <span class='ocrx_word' id='word_1_102' title='bbox 1185 1708 1242 1773; x_wconf 92' lang='lat' dir='ltr'><strong>sed</strong></span> <span class='ocrx_word' id='word_1_103' title='bbox 1253 1710 1341 1772; x_wconf 75' lang='lat' dir='ltr'><strong>Cesar</strong></span> 
     </span>
     <span class='ocr_line' id='line_1_15' title="bbox 283 1807 1340 1897; baseline 0 -25"><span class='ocrx_word' id='word_1_104' title='bbox 283 1808 364 1872; x_wconf 89' lang='lat' dir='ltr'><strong>duas</strong></span> <span class='ocrx_word' id='word_1_105' title='bbox 375 1807 536 1897; x_wconf 87' lang='lat' dir='ltr'><strong>legiones,</strong></span> <span class='ocrx_word' id='word_1_106' title='bbox 548 1829 628 1894; x_wconf 85' lang='lat' dir='ltr'><strong>quas</strong></span> <span class='ocrx_word' id='word_1_107' title='bbox 643 1824 768 1896; x_wconf 85' lang='lat' dir='ltr'><strong>paratas</strong></span> <span class='ocrx_word' id='word_1_108' title='bbox 781 1809 816 1872; x_wconf 90' lang='lat' dir='ltr'><strong>in</strong></span> <span class='ocrx_word' id='word_1_109' title='bbox 829 1809 919 1872; x_wconf 90' lang='lat' dir='ltr'><strong>hunc</strong></span> <span class='ocrx_word' id='word_1_110' title='bbox 932 1831 1030 1872; x_wconf 89' lang='lat' dir='ltr'><strong>usum</strong></span> <span class='ocrx_word' id='word_1_111' title='bbox 1041 1825 1205 1892; x_wconf 88' lang='lat' dir='ltr'><strong>tenuerat,</strong></span> <span class='ocrx_word' id='word_1_112' title='bbox 1218 1811 1340 1874; x_wconf 82' lang='lat' dir='ltr'><strong>incensis</strong></span> 
     </span>
     <span class='ocr_line' id='line_1_16' title="bbox 284 1907 1340 2000; baseline 0.001 -27"><span class='ocrx_word' id='word_1_113' title='bbox 284 1910 407 2000; x_wconf 89' lang='lat' dir='ltr'><strong>portis,</strong></span> <span class='ocrx_word' id='word_1_114' title='bbox 422 1909 614 1992; x_wconf 82' lang='lat' dir='ltr'><strong>intromisit3</strong></span> <span class='ocrx_word' id='word_1_115' title='bbox 629 1907 817 1998; x_wconf 90' lang='lat' dir='ltr'><strong>oppidoque</strong></span> <span class='ocrx_word' id='word_1_116' title='bbox 828 1926 1006 1998; x_wconf 85' lang='lat' dir='ltr'><strong>occupato,</strong></span> <span class='ocrx_word' id='word_1_117' title='bbox 1021 1911 1135 1998; x_wconf 87' lang='lat' dir='ltr'><strong>paucis</strong></span> <span class='ocrx_word' id='word_1_118' title='bbox 1149 1913 1282 2000; x_wconf 84' lang='lat' dir='ltr'><strong>elapsis,</strong></span> <span class='ocrx_word' id='word_1_119' title='bbox 1296 1935 1340 1974; x_wconf 68' lang='lat' dir='ltr'><strong>co</strong></span> 
     </span>
     <span class='ocr_line' id='line_1_17' title="bbox 284 2009 1340 2103; baseline -0.002 -26"><span class='ocrx_word' id='word_1_120' title='bbox 284 2030 372 2077; x_wconf 85' lang='lat' dir='ltr'><strong>teros</strong></span> <span class='ocrx_word' id='word_1_121' title='bbox 390 2033 503 2099; x_wconf 89' lang='lat' dir='ltr'><strong>omnes</strong></span> <span class='ocrx_word' id='word_1_122' title='bbox 524 2009 647 2100; x_wconf 91' lang='lat' dir='ltr'><strong>redegit</strong></span> <span class='ocrx_word' id='word_1_123' title='bbox 668 2012 701 2073; x_wconf 90' lang='lat' dir='ltr'><strong>in</strong></span> <span class='ocrx_word' id='word_1_124' title='bbox 722 2027 934 2100; x_wconf 85' lang='lat' dir='ltr'><strong>potestatem,</strong></span> <span class='ocrx_word' id='word_1_125' title='bbox 954 2011 1046 2100; x_wconf 91' lang='lat' dir='ltr'><strong>quod</strong></span> <span class='ocrx_word' id='word_1_126' title='bbox 1065 2015 1227 2102; x_wconf 70' lang='lat' dir='ltr'><strong>angustie</strong></span> <span class='ocrx_word' id='word_1_127' title='bbox 1247 2013 1340 2103; x_wconf 89' lang='lat' dir='ltr'><strong>pontis</strong></span> 
     </span>
     <span class='ocr_line' id='line_1_18' title="bbox 283 2112 1340 2203; baseline 0.002 -27"><span class='ocrx_word' id='word_1_128' title='bbox 283 2131 317 2178; x_wconf 90' lang='lat' dir='ltr'><strong>et</strong></span> <span class='ocrx_word' id='word_1_129' title='bbox 332 2113 487 2176; x_wconf 90' lang='lat' dir='ltr'><strong>itinerum</strong></span> <span class='ocrx_word' id='word_1_130' title='bbox 507 2113 617 2200; x_wconf 85' lang='lat' dir='ltr'><strong>fugam</strong></span> <span class='ocrx_word' id='word_1_131' title='bbox 632 2113 854 2176; x_wconf 86' lang='lat' dir='ltr'><strong>morabantur.</strong></span> <span class='ocrx_word' id='word_1_132' title='bbox 874 2112 1004 2203; x_wconf 92' lang='lat' dir='ltr'><strong>Oppido</strong></span> <span class='ocrx_word' id='word_1_133' title='bbox 1019 2129 1158 2202; x_wconf 90' lang='lat' dir='ltr'><strong>propter</strong></span> <span class='ocrx_word' id='word_1_134' title='bbox 1168 2115 1288 2178; x_wconf 88' lang='lat' dir='ltr'><strong>crimen</strong></span> <span class='ocrx_word' id='word_1_135' title='bbox 1297 2137 1340 2177; x_wconf 82' lang='lat' dir='ltr'><strong>oo-</strong></span> 
     </span>
     <span class='ocr_line' id='line_1_19' title="bbox 283 2212 1339 2301; baseline -0.003 -23"><span class='ocrx_word' id='word_1_136' title='bbox 283 2216 426 2278; x_wconf 88' lang='lat' dir='ltr'><strong>cisorum</strong></span> <span class='ocrx_word' id='word_1_137' title='bbox 445 2213 564 2277; x_wconf 86' lang='lat' dir='ltr'><strong>civium</strong></span> <span class='ocrx_word' id='word_1_138' title='bbox 580 2235 791 2277; x_wconf 82' lang='lat' dir='ltr'><strong>romanorum</strong></span> <span class='ocrx_word' id='word_1_139' title='bbox 806 2214 959 2294; x_wconf 88' lang='lat' dir='ltr'><strong>incenso,</strong></span> <span class='ocrx_word' id='word_1_140' title='bbox 974 2212 1080 2301; x_wconf 81' lang='lat' dir='ltr'><strong>praeda</strong></span> <span class='ocrx_word' id='word_1_141' title='bbox 1094 2214 1255 2278; x_wconf 82' lang='lat' dir='ltr'><strong>militibus</strong></span> <span class='ocrx_word' id='word_1_142' title='bbox 1272 2236 1339 2278; x_wconf 90' lang='lat' dir='ltr'><strong>con·</strong></span> 
     </span>
     <span class='ocr_line' id='line_1_20' title="bbox 282 2312 1338 2404; baseline -0.005 -23"><span class='ocrx_word' id='word_1_143' title='bbox 282 2339 388 2400; x_wconf 83' lang='lat' dir='ltr'><strong>cessa,</strong></span> <span class='ocrx_word' id='word_1_144' title='bbox 411 2314 551 2404; x_wconf 87' lang='lat' dir='ltr'><strong>Ligerim</strong></span> <span class='ocrx_word' id='word_1_145' title='bbox 577 2316 684 2378; x_wconf 89' lang='lat' dir='ltr'><strong>Caesar</strong></span> <span class='ocrx_word' id='word_1_146' title='bbox 707 2312 891 2378; x_wconf 86' lang='lat' dir='ltr'><strong>transduxit</strong></span> <span class='ocrx_word' id='word_1_147' title='bbox 906 2313 1101 2395; x_wconf 87' lang='lat' dir='ltr'><strong>exercitum,</strong></span> <span class='ocrx_word' id='word_1_148' title='bbox 1117 2315 1155 2378; x_wconf 93' lang='lat' dir='ltr'><strong>in</strong></span> <span class='ocrx_word' id='word_1_149' title='bbox 1173 2315 1338 2404; x_wconf 88' lang='lat' dir='ltr'><strong>Biturigum</strong></span> 
     </span>
     <span class='ocr_line' id='line_1_21' title="bbox 283 2414 1339 2507; baseline -0.001 -26"><span class='ocrx_word' id='word_1_150' title='bbox 283 2417 373 2483; x_wconf 84' lang='lat' dir='ltr'><strong>fines.</strong></span> <span class='ocrx_word' id='word_1_151' title='bbox 400 2414 637 2481; x_wconf 81' lang='lat' dir='ltr'><strong>Noviodunum</strong></span> <span class='ocrx_word' id='word_1_152' title='bbox 655 2417 689 2481; x_wconf 92' lang='lat' dir='ltr'><strong>in</strong></span> <span class='ocrx_word' id='word_1_153' title='bbox 715 2438 754 2479; x_wconf 91' lang='lat' dir='ltr'><strong>ea</strong></span> <span class='ocrx_word' id='word_1_154' title='bbox 771 2415 824 2480; x_wconf 80' lang='lat' dir='ltr'><strong>via</strong></span> <span class='ocrx_word' id='word_1_155' title='bbox 840 2415 939 2479; x_wconf 86' lang='lat' dir='ltr'><strong>situm</strong></span> <span class='ocrx_word' id='word_1_156' title='bbox 962 2431 1031 2480; x_wconf 91' lang='lat' dir='ltr'><strong>erat</strong></span> <span class='ocrx_word' id='word_1_157' title='bbox 1050 2439 1059 2481; x_wconf 76' lang='grc' dir='ltr'><strong>ε</strong></span> <span class='ocrx_word' id='word_1_158' title='bbox 1082 2416 1178 2504; x_wconf 92' lang='lat' dir='ltr'><strong>quod</strong></span> <span class='ocrx_word' id='word_1_159' title='bbox 1197 2415 1339 2507; x_wconf 89' lang='lat' dir='ltr'><strong>oppidum</strong></span> 
     </span>
     <span class='ocr_line' id='line_1_22' title="bbox 281 2514 1339 2607; baseline -0.005 -24"><span class='ocrx_word' id='word_1_160' title='bbox 281 2542 384 2607; x_wconf 91' lang='lat' dir='ltr'><strong>quum</strong></span> <span class='ocrx_word' id='word_1_161' title='bbox 402 2514 594 2599; x_wconf 88' lang='lat' dir='ltr'><strong>dederetur,</strong></span> <span class='ocrx_word' id='word_1_162' title='bbox 607 2520 740 2605; x_wconf 88' lang='lat' dir='ltr'><strong>jamque</strong></span> <span class='ocrx_word' id='word_1_163' title='bbox 755 2538 828 2604; x_wconf 87' lang='lat' dir='ltr'><strong>pars</strong></span> <span class='ocrx_word' id='word_1_164' title='bbox 847 2515 999 2581; x_wconf 89' lang='lat' dir='ltr'><strong>obsidum</strong></span> <span class='ocrx_word' id='word_1_165' title='bbox 1018 2532 1103 2580; x_wconf 85' lang='lat' dir='ltr'><strong>esset</strong></span> <span class='ocrx_word' id='word_1_166' title='bbox 1118 2518 1255 2599; x_wconf 87' lang='lat' dir='ltr'><strong>tradita,</strong></span> <span class='ocrx_word' id='word_1_167' title='bbox 1272 2518 1339 2579; x_wconf 91' lang='lat' dir='ltr'><strong>Ver·</strong></span> 
     </span>
     <span class='ocr_line' id='line_1_23' title="bbox 281 2616 1340 2709; baseline -0.003 -26"><span class='ocrx_word' id='word_1_168' title='bbox 281 2620 461 2709; x_wconf 76' lang='lat' dir='ltr'><strong>cingetorIx</strong></span> <span class='ocrx_word' id='word_1_169' title='bbox 476 2616 587 2699; x_wconf 85' lang='lat' dir='ltr'><strong>alluit,</strong></span> <span class='ocrx_word' id='word_1_170' title='bbox 606 2618 680 2706; x_wconf 92' lang='lat' dir='ltr'><strong>qui,</strong></span> <span class='ocrx_word' id='word_1_171' title='bbox 697 2618 829 2681; x_wconf 81' lang='lat' dir='ltr'><strong>Caesaris</strong></span> <span class='ocrx_word' id='word_1_172' title='bbox 843 2617 955 2682; x_wconf 85' lang='lat' dir='ltr'><strong>audito</strong></span> <span class='ocrx_word' id='word_1_173' title='bbox 966 2617 1124 2699; x_wconf 83' lang='lat' dir='ltr'><strong>adventu,</strong></span> <span class='ocrx_word' id='word_1_174' title='bbox 1144 2620 1242 2685; x_wconf 87' lang='lat' dir='ltr'><strong>Boios</strong></span> <span class='ocrx_word' id='word_1_175' title='bbox 1254 2640 1340 2708; x_wconf 87' lang='lat' dir='ltr'><strong>oppu-</strong></span> 
     </span>
     <span class='ocr_line' id='line_1_24' title="bbox 280 2736 556 2813; baseline -0.004 -28"><span class='ocrx_word' id='word_1_176' title='bbox 280 2744 378 2813; x_wconf 87' lang='lat' dir='ltr'><strong>gnare</strong></span> <span class='ocrx_word' id='word_1_177' title='bbox 392 2736 556 2784; x_wconf 75' lang='lat' dir='ltr'><strong>omiserat.</strong></span> 
     </span>
    </p>

    <p class='ocr_par' dir='ltr' id='par_1_4' title="bbox 274 2820 1338 4223">
     <span class='ocr_line' id='line_1_25' title="bbox 323 2820 1338 2910; baseline -0.005 -25"><span class='ocrx_word' id='word_1_178' title='bbox 323 2823 390 2889; x_wconf 88' lang='lat' dir='ltr'><strong>LV.</strong></span> <span class='ocrx_word' id='word_1_179' title='bbox 418 2822 523 2901; x_wconf 89' lang='lat' dir='ltr'><strong>Hujus</strong></span> <span class='ocrx_word' id='word_1_180' title='bbox 547 2820 663 2907; x_wconf 91' lang='lat' dir='ltr'><strong>procul</strong></span> <span class='ocrx_word' id='word_1_181' title='bbox 689 2821 758 2884; x_wconf 84' lang='lat' dir='ltr'><strong>riso</strong></span> <span class='ocrx_word' id='word_1_182' title='bbox 787 2821 953 2907; x_wconf 90' lang='lat' dir='ltr'><strong>equitatu,</strong></span> <span class='ocrx_word' id='word_1_183' title='bbox 976 2820 1137 2910; x_wconf 89' lang='lat' dir='ltr'><strong>Bituriges</strong></span> <span class='ocrx_word' id='word_1_184' title='bbox 1162 2820 1338 2886; x_wconf 81' lang='lat' dir='ltr'><strong>Novioduni</strong></span> 
     </span>
     <span class='ocr_line' id='line_1_26' title="bbox 279 2918 1338 3012; baseline -0.002 -25"><span class='ocrx_word' id='word_1_185' title='bbox 279 2924 393 2989; x_wconf 84' lang='lat' dir='ltr'><strong>incolae</strong></span> <span class='ocrx_word' id='word_1_186' title='bbox 416 2920 526 2986; x_wconf 88' lang='lat' dir='ltr'><strong>denuo</strong></span> <span class='ocrx_word' id='word_1_187' title='bbox 554 2921 741 2985; x_wconf 90' lang='lat' dir='ltr'><strong>clauserunt</strong></span> <span class='ocrx_word' id='word_1_188' title='bbox 764 2938 884 3009; x_wconf 84' lang='lat' dir='ltr'><strong>portas.</strong></span> <span class='ocrx_word' id='word_1_189' title='bbox 909 2924 1038 2987; x_wconf 87' lang='lat' dir='ltr'><strong>Interea</strong></span> <span class='ocrx_word' id='word_1_190' title='bbox 1061 2924 1185 3005; x_wconf 82' lang='lat' dir='ltr'><strong>Caesar,</strong></span> <span class='ocrx_word' id='word_1_191' title='bbox 1212 2918 1338 3012; x_wconf 84' lang='lat' dir='ltr'><strong>equestri</strong></span> 
     </span>
     <span class='ocr_line' id='line_1_27' title="bbox 279 3023 1337 3115; baseline -0.003 -27"><span class='ocrx_word' id='word_1_192' title='bbox 279 3026 389 3113; x_wconf 83' lang='lat' dir='ltr'><strong>praelio</strong></span> <span class='ocrx_word' id='word_1_193' title='bbox 415 3023 607 3103; x_wconf 89' lang='lat' dir='ltr'><strong>commisso,</strong></span> <span class='ocrx_word' id='word_1_194' title='bbox 628 3039 800 3111; x_wconf 85' lang='lat' dir='ltr'><strong>postquam</strong></span> <span class='ocrx_word' id='word_1_195' title='bbox 822 3045 899 3087; x_wconf 88' lang='lat' dir='ltr'><strong>suos</strong></span> <span class='ocrx_word' id='word_1_196' title='bbox 921 3024 1031 3111; x_wconf 88' lang='lat' dir='ltr'><strong>urgeri</strong></span> <span class='ocrx_word' id='word_1_197' title='bbox 1050 3023 1158 3107; x_wconf 80' lang='lat' dir='ltr'><strong>videt,</strong></span> <span class='ocrx_word' id='word_1_198' title='bbox 1181 3043 1337 3115; x_wconf 84' lang='lat' dir='ltr'><strong>germanos</strong></span> 
     </span>
     <span class='ocr_line' id='line_1_28' title="bbox 279 3123 1337 3215; baseline -0.003 -26"><span class='ocrx_word' id='word_1_199' title='bbox 279 3128 405 3215; x_wconf 89' lang='lat' dir='ltr'><strong>equites</strong></span> <span class='ocrx_word' id='word_1_200' title='bbox 424 3125 550 3189; x_wconf 89' lang='lat' dir='ltr'><strong>circiter</strong></span> <span class='ocrx_word' id='word_1_201' title='bbox 562 3123 837 3213; x_wconf 86' lang='lat' dir='ltr'><strong>quadringentos,</strong></span> <span class='ocrx_word' id='word_1_202' title='bbox 853 3146 937 3211; x_wconf 88' lang='lat' dir='ltr'><strong>quos</strong></span> <span class='ocrx_word' id='word_1_203' title='bbox 951 3124 1071 3189; x_wconf 90' lang='lat' dir='ltr'><strong>habere</strong></span> <span class='ocrx_word' id='word_1_204' title='bbox 1084 3147 1217 3213; x_wconf 85' lang='lat' dir='ltr'><strong>semper</strong></span> <span class='ocrx_word' id='word_1_205' title='bbox 1228 3126 1337 3189; x_wconf 88' lang='lat' dir='ltr'><strong>circum</strong></span> 
     </span>
     <span class='ocr_line' id='line_1_29' title="bbox 279 3224 1338 3314; baseline -0.005 -24"><span class='ocrx_word' id='word_1_206' title='bbox 279 3250 313 3290; x_wconf 91' lang='lat' dir='ltr'><strong>se</strong></span> <span class='ocrx_word' id='word_1_207' title='bbox 330 3241 561 3307; x_wconf 87' lang='lat' dir='ltr'><strong>consuevemt,</strong></span> <span class='ocrx_word' id='word_1_208' title='bbox 578 3226 738 3314; x_wconf 90' lang='lat' dir='ltr'><strong>impetum</strong></span> <span class='ocrx_word' id='word_1_209' title='bbox 753 3226 858 3289; x_wconf 87' lang='lat' dir='ltr'><strong>facere</strong></span> <span class='ocrx_word' id='word_1_210' title='bbox 867 3224 963 3305; x_wconf 84' lang='lat' dir='ltr'><strong>jubet</strong></span> <span class='ocrx_word' id='word_1_211' title='bbox 974 3248 982 3289; x_wconf 92' lang='lat'>:</span> <span class='ocrx_word' id='word_1_212' title='bbox 995 3226 1035 3289; x_wconf 89' lang='lat' dir='ltr'><strong>ab</strong></span> <span class='ocrx_word' id='word_1_213' title='bbox 1050 3226 1101 3288; x_wconf 89' lang='lat' dir='ltr'><strong>his</strong></span> <span class='ocrx_word' id='word_1_214' title='bbox 1113 3226 1198 3291; x_wconf 86' lang='lat' dir='ltr'><strong>Galli</strong></span> <span class='ocrx_word' id='word_1_215' title='bbox 1210 3224 1338 3290; x_wconf 89' lang='lat' dir='ltr'><strong>fundun-</strong></span> 
     </span>
     <span class='ocr_line' id='line_1_30' title="bbox 278 3326 1336 3416; baseline -0.003 -26"><span class='ocrx_word' id='word_1_216' title='bbox 278 3343 334 3390; x_wconf 90' lang='lat' dir='ltr'><strong>tur</strong></span> <span class='ocrx_word' id='word_1_217' title='bbox 350 3328 580 3415; x_wconf 86' lang='lat' dir='ltr'><strong>fuganturque.</strong></span> <span class='ocrx_word' id='word_1_218' title='bbox 603 3326 785 3416; x_wconf 91' lang='lat' dir='ltr'><strong>Oppidani,</strong></span> <span class='ocrx_word' id='word_1_219' title='bbox 804 3343 924 3390; x_wconf 80' lang='lat' dir='ltr'><strong>eventu</strong></span> <span class='ocrx_word' id='word_1_220' title='bbox 942 3349 1060 3415; x_wconf 82' lang='lat' dir='ltr'><strong>pugnae</strong></span> <span class='ocrx_word' id='word_1_221' title='bbox 1077 3345 1271 3415; x_wconf 87' lang='lat' dir='ltr'><strong>conspecto,</strong></span> <span class='ocrx_word' id='word_1_222' title='bbox 1288 3348 1336 3389; x_wconf 85' lang='lat' dir='ltr'><strong>au·</strong></span> 
     </span>
     <span class='ocr_line' id='line_1_31' title="bbox 278 3425 1338 3515; baseline 0.001 -25"><span class='ocrx_word' id='word_1_223' title='bbox 278 3443 384 3490; x_wconf 89' lang='lat' dir='ltr'><strong>ctores</strong></span> <span class='ocrx_word' id='word_1_224' title='bbox 397 3425 659 3515; x_wconf 88' lang='lat' dir='ltr'><strong>recipiendorum</strong></span> <span class='ocrx_word' id='word_1_225' title='bbox 675 3450 841 3490; x_wconf 87' lang='lat' dir='ltr'><strong>armorum</strong></span> <span class='ocrx_word' id='word_1_226' title='bbox 860 3427 986 3491; x_wconf 84' lang='lat' dir='ltr'><strong>vinctos</strong></span> <span class='ocrx_word' id='word_1_227' title='bbox 1005 3427 1215 3493; x_wconf 89' lang='lat' dir='ltr'><strong>adduxerunt</strong></span> <span class='ocrx_word' id='word_1_228' title='bbox 1227 3428 1267 3493; x_wconf 85' lang='lat' dir='ltr'><strong>ad</strong></span> <span class='ocrx_word' id='word_1_229' title='bbox 1284 3430 1338 3491; x_wconf 71' lang='lat' dir='ltr'><strong>Ce-</strong></span> 
     </span>
     <span class='ocr_line' id='line_1_32' title="bbox 276 3526 1335 3615; baseline -0.005 -24"><span class='ocrx_word' id='word_1_230' title='bbox 276 3548 396 3608; x_wconf 83' lang='lat' dir='ltr'><strong>sarem,</strong></span> <span class='ocrx_word' id='word_1_231' title='bbox 415 3550 514 3615; x_wconf 89' lang='lat' dir='ltr'><strong>seque</strong></span> <span class='ocrx_word' id='word_1_232' title='bbox 532 3528 563 3591; x_wconf 88' lang='lat' dir='ltr'><strong>ei</strong></span> <span class='ocrx_word' id='word_1_233' title='bbox 585 3526 791 3592; x_wconf 85' lang='lat' dir='ltr'><strong>dediderunt.</strong></span> <span class='ocrx_word' id='word_1_234' title='bbox 814 3526 897 3591; x_wconf 90' lang='lat' dir='ltr'><strong>Inde</strong></span> <span class='ocrx_word' id='word_1_235' title='bbox 916 3530 1022 3591; x_wconf 82' lang='lat' dir='ltr'><strong>Caesar</strong></span> <span class='ocrx_word' id='word_1_236' title='bbox 1036 3530 1209 3593; x_wconf 81' lang='lat' dir='ltr'><strong>Araricum</strong></span> <span class='ocrx_word' id='word_1_237' title='bbox 1231 3526 1335 3603; x_wconf 86' lang='lat' dir='ltr'><strong>movit,</strong></span> 
     </span>
     <span class='ocr_line' id='line_1_33' title="bbox 276 3629 1335 3719; baseline -0.006 -26"><span class='ocrx_word' id='word_1_238' title='bbox 276 3647 347 3693; x_wconf 91' lang='lat' dir='ltr'><strong>tum</strong></span> <span class='ocrx_word' id='word_1_239' title='bbox 370 3653 503 3717; x_wconf 87' lang='lat' dir='ltr'><strong>quoque</strong></span> <span class='ocrx_word' id='word_1_240' title='bbox 525 3630 707 3719; x_wconf 87' lang='lat' dir='ltr'><strong>Biturigum</strong></span> <span class='ocrx_word' id='word_1_241' title='bbox 727 3646 842 3717; x_wconf 88' lang='lat' dir='ltr'><strong>caput,</strong></span> <span class='ocrx_word' id='word_1_242' title='bbox 867 3652 1010 3717; x_wconf 89' lang='lat' dir='ltr'><strong>quorum</strong></span> <span class='ocrx_word' id='word_1_243' title='bbox 1024 3629 1066 3694; x_wconf 90' lang='lat' dir='ltr'><strong>de</strong></span> <span class='ocrx_word' id='word_1_244' title='bbox 1086 3632 1221 3694; x_wconf 91' lang='lat' dir='ltr'><strong>nomine</strong></span> <span class='ocrx_word' id='word_1_245' title='bbox 1236 3644 1335 3718; x_wconf 87' lang='lat' dir='ltr'><strong>postea</strong></span> 
     </span>
     <span class='ocr_line' id='line_1_34' title="bbox 275 3730 1336 3821; baseline -0.005 -26"><span class='ocrx_word' id='word_1_246' title='bbox 275 3732 416 3819; x_wconf 81' lang='lat' dir='ltr'><strong>Bourges</strong></span> <span class='ocrx_word' id='word_1_247' title='bbox 436 3732 632 3820; x_wconf 89' lang='lat' dir='ltr'><strong>appellatum</strong></span> <span class='ocrx_word' id='word_1_248' title='bbox 655 3748 713 3795; x_wconf 90' lang='lat' dir='ltr'><strong>est.</strong></span> <span class='ocrx_word' id='word_1_249' title='bbox 734 3734 775 3795; x_wconf 81' lang='lat' dir='ltr'><strong>At</strong></span> <span class='ocrx_word' id='word_1_250' title='bbox 794 3730 1059 3821; x_wconf 84' lang='lat' dir='ltr'><strong>Vercingetorix,</strong></span> <span class='ocrx_word' id='word_1_251' title='bbox 1076 3747 1255 3795; x_wconf 85' lang='lat' dir='ltr'><strong>convocato</strong></span> <span class='ocrx_word' id='word_1_252' title='bbox 1271 3750 1336 3792; x_wconf 84' lang='lat' dir='ltr'><strong>suo·</strong></span> 
     </span>
     <span class='ocr_line' id='line_1_35' title="bbox 275 3832 1336 3920; baseline -0.005 -24"><span class='ocrx_word' id='word_1_253' title='bbox 275 3856 348 3896; x_wconf 92' lang='lat' dir='ltr'><strong>rum</strong></span> <span class='ocrx_word' id='word_1_254' title='bbox 363 3833 520 3913; x_wconf 92' lang='lat' dir='ltr'><strong>concilio,</strong></span> <span class='ocrx_word' id='word_1_255' title='bbox 535 3854 599 3893; x_wconf 86' lang='lat' dir='ltr'><strong>non</strong></span> <span class='ocrx_word' id='word_1_256' title='bbox 613 3854 674 3895; x_wconf 84' lang='lat' dir='ltr'><strong>esse</strong></span> <span class='ocrx_word' id='word_1_257' title='bbox 686 3832 787 3896; x_wconf 63' lang='lat' dir='ltr'><strong>altum</strong></span> <span class='ocrx_word' id='word_1_258' title='bbox 799 3855 883 3920; x_wconf 85' lang='lat' dir='ltr'><strong>spem</strong></span> <span class='ocrx_word' id='word_1_259' title='bbox 897 3835 1039 3897; x_wconf 79' lang='lat' dir='ltr'><strong>vz&#39;cton‘oe</strong></span> <span class='ocrx_word' id='word_1_260' title='bbox 1051 3832 1163 3914; x_wconf 89' lang='lat' dir='ltr'><strong>docet,</strong></span> <span class='ocrx_word' id='word_1_261' title='bbox 1182 3834 1245 3895; x_wconf 80' lang='lat' dir='ltr'><strong>nisi</strong></span> <span class='ocrx_word' id='word_1_262' title='bbox 1254 3832 1336 3893; x_wconf 72' lang='lat' dir='ltr'><strong>utut·</strong></span> 
     </span>
     <span class='ocr_line' id='line_1_36' title="bbox 275 3928 1337 4020; baseline -0.005 -25"><span class='ocrx_word' id='word_1_263' title='bbox 275 3935 348 4019; x_wconf 80' lang='lat' dir='ltr'><strong>opio</strong></span> <span class='ocrx_word' id='word_1_264' title='bbox 358 3930 476 4020; x_wconf 85' lang='lat' dir='ltr'><strong>pabuli</strong></span> <span class='ocrx_word' id='word_1_265' title='bbox 474 3928 697 4019; x_wconf 75' lang='lat' dir='ltr'><strong>frumentique</strong></span> <span class='ocrx_word' id='word_1_266' title='bbox 715 3933 824 3998; x_wconf 80' lang='lat' dir='ltr'><strong>Coesar</strong></span> <span class='ocrx_word' id='word_1_267' title='bbox 838 3948 1036 3998; x_wconf 83' lang='lat' dir='ltr'><strong>maceretur:</strong></span> <span class='ocrx_word' id='word_1_268' title='bbox 1050 3934 1087 3997; x_wconf 86' lang='lat' dir='ltr'><strong>id</strong></span> <span class='ocrx_word' id='word_1_269' title='bbox 1097 3948 1201 3998; x_wconf 76' lang='lat' dir='ltr'><strong>autem</strong></span> <span class='ocrx_word' id='word_1_270' title='bbox 1216 3929 1337 3995; x_wconf 71' lang='lat' dir='ltr'><strong>obtinen‘</strong></span> 
     </span>
     <span class='ocr_line' id='line_1_37' title="bbox 274 4028 1336 4124; baseline -0.001 -29"><span class='ocrx_word' id='word_1_271' title='bbox 274 4034 363 4097; x_wconf 81' lang='lat' dir='ltr'><strong>nullo</strong></span> <span class='ocrx_word' id='word_1_272' title='bbox 373 4046 470 4120; x_wconf 82' lang='lat' dir='ltr'><strong>pacto</strong></span> <span class='ocrx_word' id='word_1_273' title='bbox 484 4056 589 4121; x_wconf 86' lang='lat' dir='ltr'><strong>posse,</strong></span> <span class='ocrx_word' id='word_1_274' title='bbox 610 4031 709 4097; x_wconf 76' lang='lat' dir='ltr'><strong>donec</strong></span> <span class='ocrx_word' id='word_1_275' title='bbox 726 4047 809 4098; x_wconf 80' lang='lat' dir='ltr'><strong>stent</strong></span> <span class='ocrx_word' id='word_1_276' title='bbox 825 4050 871 4099; x_wconf 83' lang='lat' dir='ltr'><strong>tot</strong></span> <span class='ocrx_word' id='word_1_277' title='bbox 889 4035 1027 4124; x_wconf 68' lang='lat' dir='ltr'><strong>oppilio,</strong></span> <span class='ocrx_word' id='word_1_278' title='bbox 1047 4058 1121 4123; x_wconf 77' lang='lat' dir='ltr'><strong>quer</strong></span> <span class='ocrx_word' id='word_1_279' title='bbox 1144 4057 1200 4099; x_wconf 83' lang='lat' dir='ltr'><strong>nec</strong></span> <span class='ocrx_word' id='word_1_280' title='bbox 1215 4028 1336 4120; x_wconf 75' lang='lat' dir='ltr'><strong>defendi</strong></span> 
     </span>
     <span class='ocr_line' id='line_1_38' title="bbox 274 4136 1329 4223; baseline 0.009 -28"><span class='ocrx_word' id='word_1_281' title='bbox 274 4136 400 4197; x_wconf 80' lang='lat' dir='ltr'><strong>omnino</strong></span> <span class='ocrx_word' id='word_1_282' title='bbox 424 4146 557 4221; x_wconf 79' lang='lat' dir='ltr'><strong>queant,</strong></span> <span class='ocrx_word' id='word_1_283' title='bbox 578 4150 610 4197; x_wconf 85' lang='lat' dir='ltr'><strong>et</strong></span> <span class='ocrx_word' id='word_1_284' title='bbox 631 4136 695 4199; x_wconf 77' lang='lat' dir='ltr'><strong>sint</strong></span> <span class='ocrx_word' id='word_1_285' title='bbox 711 4140 806 4223; x_wconf 79' lang='lat' dir='ltr'><strong>quasi</strong></span> <span class='ocrx_word' id='word_1_286' title='bbox 824 4137 954 4200; x_wconf 79' lang='lat' dir='ltr'><strong>totidem</strong></span> <span class='ocrx_word' id='word_1_287' title='bbox 976 4136 1191 4203; x_wconf 72' lang='lat' dir='ltr'><strong>Romanorum</strong></span> <span class='ocrx_word' id='word_1_288' title='bbox 1211 4137 1329 4205; x_wconf 64' lang='lat' dir='ltr'><strong>how,</strong></span> 
     </span>
    </p>
   </div>
   <div class='ocr_carea' id='block_1_3' title="bbox 0 0 1442 4900">
    <p class='ocr_par' dir='ltr' id='par_1_5' title="bbox 0 0 1442 4900">
     <span class='ocr_line' id='line_1_39' title="bbox 0 0 1442 4900; baseline 0 3"><span class='ocrx_word' id='word_1_289' title='bbox 0 0 1442 4900; x_wconf 95' lang='lat' dir='ltr'><strong> </strong></span> 
     </span>
    </p>
   </div>
  </div>
 </body>
</html>
