2875 4900
264 438 317 506 IN
345 436 458 507 LOC.
484 436 577 504 LIB.
605 436 698 505 Clll
727 438 942 509 LIVIANI.
1064 442 1135 527 483

86 566 149 637 tur,
166 556 251 644 quod
267 580 306 621 cx
323 580 438 621 eorum
458 578 596 619 numero
613 556 730 645 viginti
744 557 831 622 viros
847 556 1033 625 dividundis
1051 566 1135 654 agris

86 661 199 724 creabat
208 662 326 742 Caesar,
336 682 436 747 seque
445 658 638 723 nominatim
648 658 841 747 excipiebat,
853 682 895 724 ne
905 661 1026 728 scilicet
1037 687 1135 731 suum

86 761 113 823 in
126 785 215 825 usum
229 761 350 850 aliquid
361 762 446 825 ferre
457 760 702 825 existimaretur.

121 862 276 926 LXXXII
300 865 421 927 Caetera
441 884 574 950 quoque
598 862 642 925 ita
664 862 852 951 complexus
870 880 955 947 erat,
975 882 1013 930 ut
1028 890 1137 958 neque

86 964 291 1049 prudentiam,
302 988 410 1053 neque
420 979 605 1051 equitatem
618 961 829 1029 desiderares.
838 964 1136 1085 Publicumagrum

85 1085 201 1129 omnem
222 1064 385 1131 dividebat
392 1067 612 1153 „Campano
628 1065 672 1128 ob
688 1066 906 1153 praestantiam
922 1070 1081 1159 regionis,
1095 1074 1137 1139 ad

85 1165 212 1231 subsidia
227 1168 413 1257 reipublicae
428 1182 609 1231 reservato:
625 1166 787 1281 privatum
804 1190 871 1233 non
892 1170 954 1234 nisi
971 1194 988 1235 a
1004 1174 1139 1240 volenti·

85 1265 137 1330 bus
151 1270 211 1333 emi
224 1270 378 1351 jubebat,
392 1290 499 1357 neque
516 1267 651 1332 minoris
666 1268 827 1356 plurisre,
846 1294 942 1358 quarn
961 1274 1137 1341 aestimatus

86 1367 114 1429 iu
140 1392 235 1434 censu
260 1386 354 1436 esset.
382 1370 557 1436 Pecuniam
588 1384 696 1432 autem
724 1368 848 1434 affatim
872 1372 1138 1442 subministrabat

86 1492 175 1555 quum
199 1472 386 1563 triumphus
409 1470 577 1560 Pompeii,
604 1485 676 1534 tum
699 1493 812 1536 recens
834 1474 875 1537 ab
896 1496 936 1539 eo
962 1478 1139 1543 constituta

85 1572 233 1661 vectigalia
239 1599 249 1658 ;
268 1597 342 1662 quae
363 1574 482 1637 civium
509 1570 642 1654 usibus,
662 1593 805 1659 quorum
824 1588 857 1637 et
877 1576 1028 1661 periculis
1049 1594 1141 1666 parta

85 1673 195 1755 forent,
212 1700 277 1739 non
299 1674 463 1739 immerito
483 1672 611 1737 dicebat
627 1670 785 1760 impendi.
810 1672 886 1737 Haec
905 1692 1060 1742 utrumne
1073 1682 1140 1768 pla·

85 1792 157 1838 ceret
168 1778 260 1859 ferri,
273 1776 420 1867 singulos
435 1774 673 1861 interrogabat,
691 1787 935 1855 correcturum,
950 1776 977 1839 si
990 1777 1071 1865 quid
1087 1804 1140 1845 se·

85 1896 132 1939 cus
144 1878 295 1967 scripturn
307 1876 491 1956 videretur,
503 1889 560 1937 aut
571 1875 666 1962 plane
678 1872 880 1957 deleturum,
892 1874 1067 1962 pollicitus.

120 1978 294 2045 LXXXIII.
314 1979 383 2060 llli,
405 1998 509 2091 quum
530 1997 590 2039 nec
613 1975 762 2039 incusare
782 1975 885 2063 legem
904 1994 1057 2062 possent,
1078 2001 1139 2044 nec

86 2074 149 2140 leni
167 2082 303 2162 vellent,
324 2078 506 2167 promisso,
528 2092 696 2140 auctorem
716 2090 865 2140 senatum
887 2075 974 2175 fore,
996 2081 1139 2199 quaesitis

85 2176 309 2267 impedimentis
329 2180 550 2244 morabantur.
570 2180 613 2242 At
625 2180 705 2241 Cato
722 2198 783 2265 pro
795 2177 964 2241 libertate
955 2181 1076 2268 ingenii
1089 2182 1140 2245 sui

85 2281 193 2366 palam,
209 2308 281 2373 qnae
299 2283 434 2348 sentiret
443 2280 656 2369 ‚praeferens,
671 2278 776 2369 legem
791 2299 859 2341 non
873 2278 1063 2363 damnabat;
1081 2304 1140 2347 οω-

86 2392 176 2448 terum
194 2386 350 2476 negabat,
374 2406 413 2446 ex
429 2382 499 2466 his,
518 2402 591 2470 quae
608 2395 702 2443 antea
721 2381 897 2444 constituta
916 2399 1044 2465 essent,
1066 2407 1139 2451 mo·

85 2485 141 2546 veri
153 2487 329 2576 quidquam
344 2501 514 2574 oportere:
528 2482 733 2570 ducebatque
747 2481 886 2548 dicendo
899 2483 1005 2567 diem,
1019 2509 1061 2551 ne
1072 2511 1138 2577 per·

85 2577 126 2647 fici
141 2610 188 2652 res
199 2612 235 2652 ea
246 2603 378 2678 posset;
394 2587 515 2674 quippe
530 2584 724 2650 senteutiam
741 2601 856 2673 rogato
869 2587 1012 2649 senatori
1022 2587 1141 2652 licebat

85 2684 167 2750 etiarn
182 2690 249 2753 aliis
263 2690 307 2755 de
322 2688 439 2768 rebus,
457 2685 565 2773 quoad
584 2683 697 2765 vellet,
719 2683 886 2752 disserere.
906 2686 1000 2756 Tum,
1014 2689 1143 2773 Caesar,

85 2782 122 2847 ita
131 2807 328 2870 commotus,
340 2788 438 2852 slmul
453 2804 492 2850 ut
507 2786 629 2851 caeteris
643 2786 805 2850 incuteret
819 2802 961 2870 metum,
978 2789 1136 2853 Catonem

84 2889 191 2953 extrahi
214 2893 306 2956 curia
329 2912 388 2978 per
410 2887 556 2952 lictorem
567 2885 774 2973 ,ducique
766 2909 799 2949 m
826 2910 1004 2970 carcerem,
1021 2889 1137 2968 jussit.

85 3007 147 3053 nam
157 2992 245 3057 allum
259 2992 413 3058 tribunos
423 2989 661 3083 appellaturum
678 2987 836 3076 sperabat.
850 2990 948 3070 Cato,
960 2990 1049 3053 nulla
1058 3013 1138 3055 voce

85 3089 165 3156 missa
173 3093 418 3184 ,:sequebatur
438 3112 547 3178 neque
558 3111 673 3177 pauci
692 3089 803 3152 rehcto
815 3103 946 3169 senatu
958 3077 1092 3155 comites
1108 3091 1137 3155 ei

85 3187 177 3256 ibant·
170 3217 340 3283 ,quorum
363 3193 410 3258 M.
435 3191 580 3256 Petreius
590 3189 807 3280 ,objurgatus
826 3211 844 3252 a
862 3135 1003 3274 Coesaire,
1026 3191 1136 3279 quod,
1190 3263 1194 3274 Ι

85 3294 216 3362 nondum
228 3298 330 3361 misso
341 3311 475 3374 senatu,
492 3290 690 3371 discederet,
702 3320 715 3347 ι
725 3291 850 3372 Malo,'
842 3290 966 3377 inquit,
979 3313 1049 3356 esse
1060 3316 1135 3357 curn

86 3393 214 3461 ιΕιιοιιιι
225 3398 260 3461 in
274 3417 423 3477 carcere,
438 3416 536 3482 quam
550 3409 660 3457 tecum
676 3393 711 3455 in
726 3391 848 3456 curia».

119 3495 290 3564 LXXXIV.
316 3497 369 3562 Ob
393 3497 478 3560 bane
502 3494 674 3575 invidiam,
696 3508 730 3557 et
753 3495 828 3582 quia
849 3495 978 3582 plebem
1002 3519 1135 3586 quoque

86 3601 221 3678 gravatim
237 3601 309 3664 haec
325 3601 410 3664 ferre
427 3596 759 3678 animadvertebatur,
778 3594 901 3660 destitit
919 3597 1038 3680 Caesar,
1057 3599 1135 3665 sub·

85 3696 231 3789 missoque
242 3703 378 3766 tribuno
389 3700 509 3789 plebis,
525 3697 759 3763 dimittendum
774 3698 932 3763 Catonem
944 3699 1076 3764 curavit.
1086 3699 1135 3764 Eo

85 3808 214 3887 tempore
234 3827 339 3894 quum
362 3819 511 3868 senatum
537 3804 698 3880 mitteret,
717 3801 809 3863 laetus
826 3801 1019 3888 contigisse,
1036 3823 1135 3888 quem

84 3913 252 3987 optaverat,
274 3904 317 3969 ad
335 3905 464 3993 plebem
481 3924 515 3968 se
531 3900 711 3992 applicandi
733 3901 897 3982 colorem,
920 3901 985 3964 hoc
1006 3903 1134 3966 tantum

112 4109 126 4173 S
140 4115 277 4166 txxnn.
289 4118 370 4182 Agell.
383 4119 430 4175 tv,
446 4132 485 4164 ro.
499 4143 534 4154 -
548 4116 650 4163 Sueton.
672 4140 708 4150 -
727 4113 791 4162 Plut.
808 4111 835 4159 in
847 4111 909 4159 eas.
929 4120 954 4157 et
971 4109 1023 4158 Cat.
1037 4137 1072 4150 -
1081 4112 1139 4164 vu.

84 4187 143 4242 liu.
157 4197 192 4258 11,
207 4214 246 4250 ro.
257 4229 295 4239 -
306 4201 364 4249 Dio.

903 4285 941 4358 31
957 4340 965 4355 .
