2875 4900
289 330 360 402 arti
462 336 531 402 JO.
556 324 889 405 FRElNSHEMll
919 334 1158 405 SUPPLEM.

289 454 462 518 uretuebat
476 454 592 540 ltaque
602 450 740 523 nubidis
753 452 982 532 concionibus,
996 452 1096 517 veluti
1105 448 1249 533 'classium
1260 476 1328 517 cun·

288 554 383 619 citata
397 554 490 643 inopi
506 553 614 642 plebe,
632 552 755 623 italicos
776 554 870 617 etiam
886 553 1025 641 populor
1048 575 1104 641 spe
1126 550 1328 617 restituendo·

289 676 364 722 rum
377 677 528 743 agrorum
541 654 743 720 oonoiliabat.

334 756 376 821 X.
398 755 513 820 Sunior
535 776 608 843 pars
634 754 746 843 populi
771 752 861 817 facile
885 752 1090 840 providebat,
1112 752 1138 817 si
1161 766 1227 815 acu
1243 749 1330 815 Sullae
1382 796 1383 809 ,

290 853 565 934 rucinderentur,
578 853 808 941 rempublicam
821 868 997 940 utcumque
1008 853 1232 940 compositam,
1247 850 1331 913 noris
1383 855 1384 885 ¹

291 954 486 1019 tumultibus
500 955 654 1042 bellisque
670 976 825 1019 arsuram.
842 954 1057 1020 Movebuntur
1071 970 1104 1018 et
1120 950 1332 1043 prodigiorum
1385 989 1386 999 κ

291 1054 516 1138 obseoenitate3
530 1078 602 1143 qun
615 1057 699 1121 iuter
715 1076 836 1121 norum
850 1052 929 1119 illud
940 1070 974 1117 et
990 1052 1172 1120 inauditum
1185 1067 1289 1130 antea,
1301 1050 1331 1113 io
1386 1057 1388 1137 ζ

291 1154 476 1222 ariminensi
494 1177 573 1245 agro
590 1156 623 1221 in
640 1156 714 1221 villa
732 1154 861 1220 Gallerii
882 1153 1055 1240 loquutum
1073 1154 1192 1242 gallum
1211 1152 1334 1241 gallim·

291 1273 386 1318 reum
396 1275 475 1319 osae.
487 1253 613 1319 Idciroo
622 1270 754 1321 senatus
768 1264 945 1340 utrumque
957 1254 1123 1319 oonsulem
1135 1251 1334 1343 jurejurando

291 1352 417 1442 adegit,
436 1377 470 1421 so
491 1354 584 1443 liujus
606 1358 820 1421 controuersia
841 1377 939 1421 causo
964 1376 1057 1419 arma
1077 1377 1140 1419 aon
1162 1366 1335 1443 surpturus.

291 1451 431 1540 Lepido,
444 1476 486 1518 ue
499 1455 579 1542 quid
595 1455 629 1519 in
642 1457 731 1520 Urbe
747 1457 916 1520 turbarum
932 1454 1040 1535 daret,
1056 1455 1213 1521 exeruitus
1226 1469 1259 1519 et
1269 1476 1337 1541 pro·
1392 1458 1394 1531 ᾗ

290 1552 515 1620 vinciacum
539 1572 627 1622 trans
648 1556 744 1644 Alpes
766 1554 905 1623 decreta.
929 1556 987 1621 lllo
1010 1572 1137 1644 tompus
1160 1555 1195 1621 in
1217 1552 1337 1621 Etonia

291 1650 460 1735 duoendo,
480 1654 611 1719 nolebat
627 1655 669 1722 ad
690 1655 819 1721 comitia
838 1656 971 1738 reverti,
988 1676 1029 1720 ne
1050 1656 1188 1738 bellum,
1206 1654 1292 1743 quod
1307 1656 1336 1717 iu

291 1751 402 1816 auimo
421 1752 576 1836 babebat,
597 1755 837 1843 impediretur:
858 1754 993 1843 putabat
1011 1757 1117 1839 enirn,
1137 1753 1338 1838 jurisjurandi

292 1872 359 1917 non
384 1854 468 1919 ultra
494 1856 681 1921 oonsulatus
704 1872 851 1945 tempora
876 1857 1007 1923 valitura
1030 1856 1111 1939 fide,
1135 1854 1337 1947 postmodum

291 1953 379 2017 nulla
396 1954 551 2045 religione
565 1957 758 2021 obstrictum
774 1957 815 2022 ad
831 1958 1017 2023 seruandam
1031 1980 1141 2045 paoem
1158 1960 1239 2025 fore.

334 2056 392 2122 111.
409 2056 485 2120 Non
506 2073 574 2121 erat
586 2057 763 2123 obscurum
779 2060 922 2141 senatui,
939 2056 1019 2146 quid
1033 2059 1133 2126 animi
1154 2056 1340 2143 consiliique

291 2153 413 2241 Lepido
427 2172 527 2239 esset3
540 2158 715 2244 prasertim
732 2180 834 2246 quum
846 2159 1007 2223 Etruriam
1020 2158 1203 2240 conjurare,
1216 2156 1342 2246 proscri-

291 2270 363 2341 ptos
378 2255 490 2336 acciri,
509 2256 710 2347 largitionem
725 2261 856 2341 tentari,
875 2259 1100 2347 pernotuisset.
1115 2260 1220 2349 Igitur
1232 2280 1340 2323 ooour·

169 2390 174 2400 =
292 2376 364 2419 rere
383 2378 460 2419 eum
482 2354 524 2421 ad
545 2372 674 2445 tempus
698 2360 906 2425 comitiorum
922 2358 1016 2439 jubet
1034 2380 1042 2423 ε
1063 2374 1094 2422 et
1115 2360 1213 2423 affuit
1233 2358 1284 2423 ille
1307 2380 1342 2421 ex

291 2455 435 2538 Etruria,
451 2458 508 2523 sed
519 2481 595 2523 cum
607 2460 759 2524 universo
770 2462 929 2542 exercitu,
946 2483 1045 2548 quem
1059 2460 1100 2525 ad
1113 2461 1238 2526 Urbem
1250 2457 1344 2524 addu-

291 2575 488 2622 cerasorum
505 2561 726 2626 constituerat.
738 2559 801 2626 Sed
809 2562 874 2643 jam
887 2563 1033 2626 Milvium
1049 2577 1201 2648 pontem,
1218 2561 1344 2626 collem·

291 2678 356 2742 que
371 2657 554 2724 Ianiculum
571 2659 614 2741 Q.
622 2663 757 2726 Catulus
777 2660 908 2744 consul,
925 2684 1000 2726 cum
1017 2663 1077 2728 Cu.
1093 2661 1253 2750 Pompeio
1267 2681 1344 2750 prn-

292 2774 452 2844 ceperant.
461 2760 569 2823 Relata
581 2761 666 2823 enirn
682 2761 732 2824 lex
743 2763 879 2842 Plautia,
893 2761 1051 2848 capitibus
1065 2761 1190 2848 aliquot
1202 2759 1344 2842 adjectis,

290 2871 403 2922 contra
424 2860 490 2923 rim
515 2861 695 2941 malorum,
713 2877 747 2925 et
768 2860 946 2952 adjungens
966 2885 1000 2926 se
1023 2861 1233 2950 optimatibus
1251 2861 1345 2926 Pom·

292 2959 402 3044 peius,
416 2960 531 3026 Catulo
540 2960 644 3050 pacis,
659 2983 755 3048 quam
768 2962 861 3044 belli,
874 2963 997 3028 artibus
1010 2965 1244 3050 praestantiori,
1258 2961 1347 3026 datus

293 3057 422 3137 adjutor
434 3061 548 3126 iuerat.
564 3063 668 3150 igitur
678 3061 818 3150 Lepidus
831 3087 918 3128 arma
932 3086 1008 3128 suos
1022 3065 1301 3153 capereimperat:
1316 3059 1348 3124 fit

293 3158 377 3224 idem
397 3176 599 3228 etasenatus
615 3165 777 3251 partibus;
794 3166 1002 3252 praeliumque
1020 3186 1086 3228 non
1103 3166 1219 3250 procul
1236 3183 1348 3248 campo

294 3259 411 3324 Martio
426 3266 615 3328 consumitur.

337 3361 411 3425 XII.
429 3361 539 3427 Primo
560 3365 668 3428 statim
689 3365 818 3452 impetu¹
834 3365 947 3452 pulsus
965 3363 1118 3452 Lepidus,
1136 3364 1170 3426 in
1186 3361 1348 3429 Etruriam

296 3460 453 3548 perfugit3
475 3462 649 3549 Pompeius
670 3462 839 3528 adversum
861 3465 997 3528 Brutum
1020 3479 1069 3528 est
1089 3465 1273 3551 profectus,
1295 3459 1350 3548 qui

296 3560 418 3646 legatus
434 3561 545 3649 Lepidi
563 3564 700 3634 Gallium
719 3565 911 3652 Cisalpinam
932 3586 997 3630 non
1016 3563 1152 3632 invalida
1169 3587 1272 3630 manu
1292 3563 1350 3628 ob·

329 3721 346 3787 s
363 3723 409 3772 lx.
422 3723 486 3772 Flor.
498 3725 548 3782 111,
564 3729 606 3774 al.
622 3753 656 3762 -—
669 3727 776 3792 Appiau.
796 3754 830 3764 »-
851 3729 877 3775 L.
889 3727 986 3792 Ampel.
1000 3755 1033 3764 ·-
1047 3727 1143 3775 Pedian.
1156 3727 1181 3774 in
1194 3729 1280 3775 Dirin.
1290 3735 1314 3772 et
1327 3727 1351 3770 in

297 3809 368 3855 Vm.
386 3814 426 3854 rr.
447 3833 477 3846 -
497 3808 551 3857 liv.
567 3809 633 3873 Epir,
646 3835 681 3845 -
697 3808 713 3874 s
730 3811 764 3858 X.
781 3809 843 3857 rita.
859 3811 900 3868 X,
914 3825 956 3857 ar.
967 3807 1106 3858 -Salluat
1125 3808 1188 3856 Hirr.
1205 3809 1230 3864 1,
1250 3809 1276 3855 in
1291 3817 1350 3854 orat.

297 3881 412 3956 Philippi.
423 3919 458 3928 -
468 3892 531 3941 Flos.
540 3892 691 3956 -Appirm
708 3919 742 3928 —-
757 3892 773 3956 s
787 3895 831 3940 111.
844 3893 940 3941 Sallust.
957 3921 989 3928 -
1004 3893 1066 3941 [dor.
1079 3919 1113 3930 -
1128 3893 1236 3957 Appiam.
1250 3917 1286 3928 -
1301 3891 1352 3938 Cic.

296 3991 343 4037 pro
353 3973 414 4024 eat.
425 3991 478 4039 cap.
489 3992 532 4038 aq.
547 4003 580 4014 —-
596 3977 718 4025 Plutarch.
728 3977 753 4024 in
763 3977 849 4042 Pomp.
859 3993 913 4041 cap.
923 3973 965 4026 25.
983 4003 1017 4014 -
1032 3977 1121 4026 Euatl».
1135 4003 1169 4014 -
1179 3975 1259 4026 nuru.
1271 3975 1353 4024 uiuer-

297 4081 331 4092 —
340 4057 393 4106 Lir.
404 4058 469 4123 Epit.
