<?xml version="1.0" encoding="UTF-8"?>
<!DOCTYPE html PUBLIC "-//W3C//DTD XHTML 1.0 Transitional//EN"
    "http://www.w3.org/TR/xhtml1/DTD/xhtml1-transitional.dtd">
<html xmlns="http://www.w3.org/1999/xhtml" xml:lang="en" lang="en">
 <head>
  <title>
</title>
<meta http-equiv="Content-Type" content="text/html;charset=utf-8" />
  <meta name='ocr-system' content='tesseract 3.04.00' />
  <meta name='ocr-capabilities' content='ocr_page ocr_carea ocr_par ocr_line ocrx_word'/>
</head>
<body>
  <div class='ocr_page' id='page_1' title='image "bibliothecaclas116lemagoog_0215.png"; bbox 0 0 2875 4900; ppageno 0'>
   <div class='ocr_carea' id='block_1_1' title="bbox 234 380 1166 467">
    <p class='ocr_par' dir='ltr' id='par_1_1' title="bbox 234 380 1166 467">
     <span class='ocr_line' id='line_1_1' title="bbox 234 380 1166 467; baseline 0.006 -16"><span class='ocrx_word' id='word_1_1' title='bbox 234 382 291 467; x_wconf 63' lang='lat' dir='ltr'>m⁸</span> <span class='ocrx_word' id='word_1_2' title='bbox 318 380 785 452; x_wconf 69' lang='lat' dir='ltr'>bonisensium</span> <span class='ocrx_word' id='word_1_3' title='bbox 816 382 1030 454; x_wconf 79' lang='lat' dir='ltr'>trvmru.</span> <span class='ocrx_word' id='word_1_4' title='bbox 1096 382 1166 457; x_wconf 73' lang='lat'>203</span> 
     </span>
    </p>
   </div>
   <div class='ocr_carea' id='block_1_2' title="bbox 109 498 1171 1405">
    <p class='ocr_par' dir='ltr' id='par_1_2' title="bbox 109 498 1171 1405">
     <span class='ocr_line' id='line_1_2' title="bbox 139 498 1166 593; baseline 0.002 -26"><span class='ocrx_word' id='word_1_5' title='bbox 139 502 250 567; x_wconf 77' lang='lat' dir='ltr'>-xxrt</span> <span class='ocrx_word' id='word_1_6' title='bbox 271 503 321 569; x_wconf 85' lang='lat' dir='ltr'>lta</span> <span class='ocrx_word' id='word_1_7' title='bbox 342 522 482 591; x_wconf 77' lang='lat' dir='ltr'>reguum</span> <span class='ocrx_word' id='word_1_8' title='bbox 506 498 670 574; x_wconf 69' lang='lat' dir='ltr'>Numidis·</span> <span class='ocrx_word' id='word_1_9' title='bbox 690 500 732 567; x_wconf 89' lang='lat' dir='ltr'>ab</span> <span class='ocrx_word' id='word_1_10' title='bbox 755 501 867 569; x_wconf 84' lang='lat' dir='ltr'>Hierta</span> <span class='ocrx_word' id='word_1_11' title='bbox 887 502 929 570; x_wconf 93' lang='lat' dir='ltr'>ad</span> <span class='ocrx_word' id='word_1_12' title='bbox 949 503 1166 593; x_wconf 72' lang='lat' dir='ltr'>Hiempsalem</span> 
     </span>
     <span class='ocr_line' id='line_1_3' title="bbox 111 601 1168 693; baseline 0.002 -24"><span class='ocrx_word' id='word_1_13' title='bbox 111 604 246 693; x_wconf 83' lang='lat' dir='ltr'>Pompeii</span> <span class='ocrx_word' id='word_1_14' title='bbox 258 601 418 671; x_wconf 87' lang='lat' dir='ltr'>beneficio</span> <span class='ocrx_word' id='word_1_15' title='bbox 434 601 549 684; x_wconf 85' lang='lat' dir='ltr'>rediit;</span> <span class='ocrx_word' id='word_1_16' title='bbox 565 624 665 689; x_wconf 85' lang='lat' dir='ltr'>quem</span> <span class='ocrx_word' id='word_1_17' title='bbox 679 602 864 672; x_wconf 78' lang='lat' dir='ltr'>universam</span> <span class='ocrx_word' id='word_1_18' title='bbox 879 602 1097 692; x_wconf 79' lang='lat' dir='ltr'>finitimasque</span> <span class='ocrx_word' id='word_1_19' title='bbox 1111 604 1168 671; x_wconf 86' lang='lat' dir='ltr'>eli·</span> 
     </span>
     <span class='ocr_line' id='line_1_4' title="bbox 110 704 1168 796; baseline 0.001 -26"><span class='ocrx_word' id='word_1_20' title='bbox 110 722 185 793; x_wconf 83' lang='lat' dir='ltr'>quot</span> <span class='ocrx_word' id='word_1_21' title='bbox 193 707 342 794; x_wconf 75' lang='lat' dir='ltr'>regiones</span> <span class='ocrx_word' id='word_1_22' title='bbox 355 726 432 769; x_wconf 89' lang='lat' dir='ltr'>cum</span> <span class='ocrx_word' id='word_1_23' title='bbox 447 704 571 769; x_wconf 80' lang='lat' dir='ltr'>victore</span> <span class='ocrx_word' id='word_1_24' title='bbox 583 704 728 771; x_wconf 88' lang='lat' dir='ltr'>exercitu</span> <span class='ocrx_word' id='word_1_25' title='bbox 743 705 826 772; x_wconf 87' lang='lat' dir='ltr'>mira</span> <span class='ocrx_word' id='word_1_26' title='bbox 841 706 1003 771; x_wconf 88' lang='lat' dir='ltr'>eeleritate</span> <span class='ocrx_word' id='word_1_27' title='bbox 1016 728 1168 796; x_wconf 81' lang='lat' dir='ltr'>peregre·</span> 
     </span>
     <span class='ocr_line' id='line_1_5' title="bbox 109 804 1168 897; baseline 0 -26"><span class='ocrx_word' id='word_1_28' title='bbox 109 806 165 888; x_wconf 87' lang='lat' dir='ltr'>rit,</span> <span class='ocrx_word' id='word_1_29' title='bbox 188 806 400 897; x_wconf 76' lang='lat' dir='ltr'>quadraginta</span> <span class='ocrx_word' id='word_1_30' title='bbox 421 827 488 871; x_wconf 91' lang='lat' dir='ltr'>non</span> <span class='ocrx_word' id='word_1_31' title='bbox 514 805 655 893; x_wconf 78' lang='lat' dir='ltr'>amplius</span> <span class='ocrx_word' id='word_1_32' title='bbox 678 804 794 877; x_wconf 87' lang='lat' dir='ltr'>diebus</span> <span class='ocrx_word' id='word_1_33' title='bbox 817 806 923 871; x_wconf 84' lang='lat' dir='ltr'>Africa</span> <span class='ocrx_word' id='word_1_34' title='bbox 943 822 1094 895; x_wconf 87' lang='lat' dir='ltr'>recepta,</span> <span class='ocrx_word' id='word_1_35' title='bbox 1116 828 1168 871; x_wconf 88' lang='lat' dir='ltr'>re-</span> 
     </span>
     <span class='ocr_line' id='line_1_6' title="bbox 109 905 1171 997; baseline 0.001 -24"><span class='ocrx_word' id='word_1_36' title='bbox 109 930 306 997; x_wconf 79' lang='lat' dir='ltr'>gnorumque</span> <span class='ocrx_word' id='word_1_37' title='bbox 324 924 411 974; x_wconf 84' lang='lat' dir='ltr'>statu</span> <span class='ocrx_word' id='word_1_38' title='bbox 426 908 630 996; x_wconf 89' lang='lat' dir='ltr'>composito,</span> <span class='ocrx_word' id='word_1_39' title='bbox 653 928 815 973; x_wconf 89' lang='lat' dir='ltr'>annorum</span> <span class='ocrx_word' id='word_1_40' title='bbox 833 905 1011 973; x_wconf 75' lang='lat' dir='ltr'><strong>admodum</strong></span> <span class='ocrx_word' id='word_1_41' title='bbox 1029 922 1171 994; x_wconf 87' lang='lat' dir='ltr'>quatuor</span> 
     </span>
     <span class='ocr_line' id='line_1_7' title="bbox 110 1006 1168 1101; baseline 0.004 -27"><span class='ocrx_word' id='word_1_42' title='bbox 110 1024 139 1074; x_wconf 87' lang='lat' dir='ltr'>et</span> <span class='ocrx_word' id='word_1_43' title='bbox 150 1010 260 1101; x_wconf 75' lang='lat' dir='ltr'>viginti</span> <span class='ocrx_word' id='word_1_44' title='bbox 272 1010 472 1079; x_wconf 72' lang='lat' dir='ltr'>adolescens.</span> <span class='ocrx_word' id='word_1_45' title='bbox 487 1008 664 1096; x_wconf 83' lang='lat' dir='ltr'>Postquam</span> <span class='ocrx_word' id='word_1_46' title='bbox 678 1030 698 1073; x_wconf 93' lang='lat' dir='ltr'>e</span> <span class='ocrx_word' id='word_1_47' title='bbox 710 1006 865 1079; x_wconf 75' lang='lat' dir='ltr'><strong>Numidia</strong></span> <span class='ocrx_word' id='word_1_48' title='bbox 880 1030 1027 1075; x_wconf 78' lang='lat' dir='ltr'>reversus</span> <span class='ocrx_word' id='word_1_49' title='bbox 1039 1008 1168 1078; x_wconf 85' lang='lat' dir='ltr'>Uticam</span> 
     </span>
     <span class='ocr_line' id='line_1_8' title="bbox 109 1108 1170 1191; baseline 0.001 -17"><span class='ocrx_word' id='word_1_50' title='bbox 109 1126 167 1187; x_wconf 87' lang='lat' dir='ltr'>ert,</span> <span class='ocrx_word' id='word_1_51' title='bbox 180 1111 314 1178; x_wconf 76' lang='lat' dir='ltr'>reddite</span> <span class='ocrx_word' id='word_1_52' title='bbox 323 1110 441 1177; x_wconf 89' lang='lat' dir='ltr'>suntei</span> <span class='ocrx_word' id='word_1_53' title='bbox 452 1110 619 1176; x_wconf 75' lang='lat' dir='ltr'>dictatorie</span> <span class='ocrx_word' id='word_1_54' title='bbox 627 1110 745 1190; x_wconf 80' lang='lat' dir='ltr'>literae,</span> <span class='ocrx_word' id='word_1_55' title='bbox 757 1108 919 1175; x_wconf 81' lang='lat' dir='ltr'>dimittere</span> <span class='ocrx_word' id='word_1_56' title='bbox 925 1110 1069 1191; x_wconf 82' lang='lat' dir='ltr'>jubentis</span> <span class='ocrx_word' id='word_1_57' title='bbox 1082 1132 1170 1175; x_wconf 88' lang='lat' dir='ltr'>erer-</span> 
     </span>
     <span class='ocr_line' id='line_1_9' title="bbox 109 1212 1170 1301; baseline 0 -24"><span class='ocrx_word' id='word_1_58' title='bbox 109 1212 219 1294; x_wconf 87' lang='lat' dir='ltr'>citum,</span> <span class='ocrx_word' id='word_1_59' title='bbox 230 1228 351 1279; x_wconf 89' lang='lat' dir='ltr'>etcum</span> <span class='ocrx_word' id='word_1_60' title='bbox 361 1234 428 1277; x_wconf 87' lang='lat' dir='ltr'>uns</span> <span class='ocrx_word' id='word_1_61' title='bbox 437 1212 567 1301; x_wconf 83' lang='lat' dir='ltr'>legione</span> <span class='ocrx_word' id='word_1_62' title='bbox 576 1227 759 1299; x_wconf 88' lang='lat' dir='ltr'>exspectare</span> <span class='ocrx_word' id='word_1_63' title='bbox 773 1234 1008 1281; x_wconf 86' lang='lat' dir='ltr'>successorem:</span> <span class='ocrx_word' id='word_1_64' title='bbox 1021 1212 1055 1279; x_wconf 94' lang='lat' dir='ltr'>id</span> <span class='ocrx_word' id='word_1_65' title='bbox 1067 1234 1170 1300; x_wconf 86' lang='lat' dir='ltr'>quum</span> 
     </span>
     <span class='ocr_line' id='line_1_10' title="bbox 109 1311 1169 1405; baseline 0.008 -31"><span class='ocrx_word' id='word_1_66' title='bbox 109 1312 208 1399; x_wconf 91' lang='lat' dir='ltr'>ipsum</span> <span class='ocrx_word' id='word_1_67' title='bbox 227 1314 358 1379; x_wconf 82' lang='lat' dir='ltr'>occulte</span> <span class='ocrx_word' id='word_1_68' title='bbox 377 1311 562 1394; x_wconf 81' lang='lat' dir='ltr'>morderet,</span> <span class='ocrx_word' id='word_1_69' title='bbox 586 1314 745 1379; x_wconf 85' lang='lat' dir='ltr'>exercitus</span> <span class='ocrx_word' id='word_1_70' title='bbox 766 1315 870 1402; x_wconf 88' lang='lat' dir='ltr'>palem</span> <span class='ocrx_word' id='word_1_71' title='bbox 889 1314 1169 1405; x_wconf 71' lang='lat' dir='ltr'>indignantissime</span> 
     </span>
    </p>
   </div>
   <div class='ocr_carea' id='block_1_3' title="bbox 109 1413 1294 1505">
    <p class='ocr_par' dir='ltr' id='par_1_3' title="bbox 109 1413 1294 1505">
     <span class='ocr_line' id='line_1_11' title="bbox 109 1413 1294 1505; baseline -0.002 -26"><span class='ocrx_word' id='word_1_72' title='bbox 109 1415 195 1498; x_wconf 84' lang='lat' dir='ltr'>tulit3</span> <span class='ocrx_word' id='word_1_73' title='bbox 216 1431 251 1481; x_wconf 88' lang='lat' dir='ltr'>et</span> <span class='ocrx_word' id='word_1_74' title='bbox 265 1430 398 1505; x_wconf 89' lang='lat' dir='ltr'>petente</span> <span class='ocrx_word' id='word_1_75' title='bbox 420 1413 602 1503; x_wconf 89' lang='lat' dir='ltr'>Pompeio,</span> <span class='ocrx_word' id='word_1_76' title='bbox 628 1431 666 1481; x_wconf 91' lang='lat' dir='ltr'>ut</span> <span class='ocrx_word' id='word_1_77' title='bbox 680 1414 982 1505; x_wconf 85' lang='lat' dir='ltr'>proficiscerentur,</span> <span class='ocrx_word' id='word_1_78' title='bbox 1004 1416 1116 1481; x_wconf 90' lang='lat' dir='ltr'>multis</span> <span class='ocrx_word' id='word_1_79' title='bbox 1134 1415 1167 1479; x_wconf 90' lang='lat' dir='ltr'>in</span> <span class='ocrx_word' id='word_1_80' title='bbox 1292 1414 1294 1421; x_wconf 57' lang='lat'><strong>⁴</strong></span> 
     </span>
    </p>
   </div>
   <div class='ocr_carea' id='block_1_4' title="bbox 35 1514 1203 3836">
    <p class='ocr_par' dir='ltr' id='par_1_4' title="bbox 107 1514 1203 1808">
     <span class='ocr_line' id='line_1_12' title="bbox 109 1514 1168 1607; baseline 0.006 -28"><span class='ocrx_word' id='word_1_81' title='bbox 109 1514 292 1584; x_wconf 72' lang='lat' dir='ltr'>nicatorem</span> <span class='ocrx_word' id='word_1_82' title='bbox 309 1515 481 1597; x_wconf 84' lang='lat' dir='ltr'>conviciis,</span> <span class='ocrx_word' id='word_1_83' title='bbox 493 1530 666 1601; x_wconf 66' lang='lat' dir='ltr'>manseron</span> <span class='ocrx_word' id='word_1_84' title='bbox 678 1532 711 1581; x_wconf 83' lang='lat' dir='ltr'>ct</span> <span class='ocrx_word' id='word_1_85' title='bbox 726 1516 862 1583; x_wconf 73' lang='grc' dir='ltr'>Οὑυιαηι</span> <span class='ocrx_word' id='word_1_86' title='bbox 874 1519 1090 1607; x_wconf 78' lang='lat' dir='ltr'>appellantes,</span> <span class='ocrx_word' id='word_1_87' title='bbox 1110 1538 1168 1585; x_wconf 86' lang='lat' dir='ltr'>ne·</span> 
     </span>
     <span class='ocr_line' id='line_1_13' title="bbox 107 1618 1203 1707; baseline 0.002 -24"><span class='ocrx_word' id='word_1_88' title='bbox 107 1633 237 1705; x_wconf 79' lang='lat' dir='ltr'>gerunt,</span> <span class='ocrx_word' id='word_1_89' title='bbox 252 1640 443 1707; x_wconf 75' lang='lat' dir='ltr'>sepassrsros</span> <span class='ocrx_word' id='word_1_90' title='bbox 450 1664 462 1697; x_wconf 89' lang='lat'>,</span> <span class='ocrx_word' id='word_1_91' title='bbox 481 1619 594 1686; x_wconf 71' lang='lat' dir='ltr'>utens</span> <span class='ocrx_word' id='word_1_92' title='bbox 606 1618 779 1707; x_wconf 70' lang='lat' dir='ltr'>hgsbnibus</span> <span class='ocrx_word' id='word_1_93' title='bbox 795 1641 828 1683; x_wconf 86' lang='lat' dir='ltr'>ss</span> <span class='ocrx_word' id='word_1_94' title='bbox 842 1618 952 1688; x_wconf 68' lang='lat' dir='ltr'>cudat</span> <span class='ocrx_word' id='word_1_95' title='bbox 965 1620 1087 1689; x_wconf 69' lang='lat' dir='ltr'>domiti</span> <span class='ocrx_word' id='word_1_96' title='bbox 1096 1640 1170 1685; x_wconf 81' lang='lat' dir='ltr'>cru·</span> <span class='ocrx_word' id='word_1_97' title='bbox 1201 1674 1203 1677; x_wconf 93' lang='lat'>.</span> 
     </span>
     <span class='ocr_line' id='line_1_14' title="bbox 107 1714 349 1808; baseline 0.004 -24"><span class='ocrx_word' id='word_1_98' title='bbox 107 1714 349 1808; x_wconf 66' lang='lat' dir='ltr'>ddctpffdo.</span> 
     </span>
    </p>

    <p class='ocr_par' dir='ltr' id='par_1_5' title="bbox 35 1820 1170 2215">
     <span class='ocr_line' id='line_1_15' title="bbox 146 1820 1170 1909; baseline -0.002 -20"><span class='ocrx_word' id='word_1_99' title='bbox 146 1821 268 1891; x_wconf 79' lang='lat' dir='ltr'>xxm.</span> <span class='ocrx_word' id='word_1_100' title='bbox 284 1820 448 1889; x_wconf 82' lang='lat' dir='ltr'>Adversus</span> <span class='ocrx_word' id='word_1_101' title='bbox 459 1820 529 1887; x_wconf 78' lang='lat' dir='ltr'>bec</span> <span class='ocrx_word' id='word_1_102' title='bbox 539 1821 716 1909; x_wconf 89' lang='lat' dir='ltr'>Pompeius</span> <span class='ocrx_word' id='word_1_103' title='bbox 728 1821 853 1889; x_wconf 87' lang='lat' dir='ltr'>orando</span> <span class='ocrx_word' id='word_1_104' title='bbox 866 1822 1096 1909; x_wconf 89' lang='lat' dir='ltr'>monendoque</span> <span class='ocrx_word' id='word_1_105' title='bbox 1112 1821 1170 1888; x_wconf 91' lang='lat' dir='ltr'>mi·</span> 
     </span>
     <span class='ocr_line' id='line_1_16' title="bbox 108 1921 1169 2011; baseline -0.001 -24"><span class='ocrx_word' id='word_1_106' title='bbox 108 1922 199 2011; x_wconf 77' lang='lat' dir='ltr'>tignre</span> <span class='ocrx_word' id='word_1_107' title='bbox 213 1925 314 1992; x_wconf 85' lang='lat' dir='ltr'>irstos</span> <span class='ocrx_word' id='word_1_108' title='bbox 324 1922 523 2005; x_wconf 79' lang='lat' dir='ltr'>conabatur3</span> <span class='ocrx_word' id='word_1_109' title='bbox 536 1921 596 1987; x_wconf 87' lang='lat' dir='ltr'>sed</span> <span class='ocrx_word' id='word_1_110' title='bbox 608 1923 671 1987; x_wconf 90' lang='lat' dir='ltr'>illis</span> <span class='ocrx_word' id='word_1_111' title='bbox 682 1922 718 1986; x_wconf 92' lang='lat' dir='ltr'>in</span> <span class='ocrx_word' id='word_1_112' title='bbox 732 1922 890 1991; x_wconf 89' lang='lat' dir='ltr'>sententia</span> <span class='ocrx_word' id='word_1_113' title='bbox 903 1922 1169 2010; x_wconf 85' lang='lat' dir='ltr'>persistentibus,</span> 
     </span>
     <span class='ocr_line' id='line_1_17' title="bbox 108 2021 1169 2113; baseline 0.003 -27"><span class='ocrx_word' id='word_1_114' title='bbox 108 2021 419 2105; x_wconf 72' lang='lat' dir='ltr'>inclementem,</span> <span class='ocrx_word' id='word_1_115' title='bbox 441 2023 555 2091; x_wconf 85' lang='lat' dir='ltr'>relicto</span> <span class='ocrx_word' id='word_1_116' title='bbox 576 2022 750 2106; x_wconf 80' lang='lat' dir='ltr'>tribunali,</span> <span class='ocrx_word' id='word_1_117' title='bbox 771 2022 1045 2113; x_wconf 72' lang='lat' dir='ltr'>lacrymabundus</span> <span class='ocrx_word' id='word_1_118' title='bbox 1066 2046 1100 2089; x_wconf 88' lang='lat' dir='ltr'>se</span> <span class='ocrx_word' id='word_1_119' title='bbox 1117 2045 1169 2089; x_wconf 86' lang='lat' dir='ltr'>rc·</span> 
     </span>
     <span class='ocr_line' id='line_1_18' title="bbox 35 2124 1169 2215; baseline 0.007 -28"><span class='ocrx_word' id='word_1_120' title='bbox 35 2209 36 2214; x_wconf 8' lang='grc' dir='ltr'>ἵ</span> <span class='ocrx_word' id='word_1_121' title='bbox 108 2125 195 2211; x_wconf 83' lang='lat' dir='ltr'>cepit</span> <span class='ocrx_word' id='word_1_122' title='bbox 206 2127 292 2191; x_wconf 71' lang='lat' dir='ltr'>&#39;llum</span> <span class='ocrx_word' id='word_1_123' title='bbox 307 2124 354 2189; x_wconf 91' lang='lat' dir='ltr'>illi</span> <span class='ocrx_word' id='word_1_124' title='bbox 364 2124 600 2213; x_wconf 88' lang='lat' dir='ltr'>reprehensum</span> <span class='ocrx_word' id='word_1_125' title='bbox 609 2125 729 2190; x_wconf 87' lang='lat' dir='ltr'>iterum</span> <span class='ocrx_word' id='word_1_126' title='bbox 742 2126 986 2194; x_wconf 87' lang='lat' dir='ltr'>collocaruntin</span> <span class='ocrx_word' id='word_1_127' title='bbox 999 2141 1169 2215; x_wconf 83' lang='lat' dir='ltr'>suggestu,</span> 
     </span>
    </p>

    <p class='ocr_par' dir='ltr' id='par_1_6' title="bbox 35 2225 1173 3128">
     <span class='ocr_line' id='line_1_19' title="bbox 77 2225 1170 2321; baseline 0.003 -30"><span class='ocrx_word' id='word_1_128' title='bbox 77 2310 81 2321; x_wconf 33' lang='grc'><strong><em>1</em></strong></span> <span class='ocrx_word' id='word_1_129' title='bbox 107 2246 282 2315; x_wconf 78' lang='lat' dir='ltr'>magnaque</span> <span class='ocrx_word' id='word_1_130' title='bbox 298 2225 364 2293; x_wconf 90' lang='lat' dir='ltr'>diei</span> <span class='ocrx_word' id='word_1_131' title='bbox 385 2248 460 2313; x_wconf 85' lang='lat' dir='ltr'>pars</span> <span class='ocrx_word' id='word_1_132' title='bbox 481 2226 543 2291; x_wconf 88' lang='lat' dir='ltr'>hac</span> <span class='ocrx_word' id='word_1_133' title='bbox 557 2228 770 2293; x_wconf 82' lang='lat' dir='ltr'>contentione</span> <span class='ocrx_word' id='word_1_134' title='bbox 788 2244 937 2317; x_wconf 87' lang='lat' dir='ltr'>exempta</span> <span class='ocrx_word' id='word_1_135' title='bbox 959 2243 1025 2309; x_wconf 87' lang='lat' dir='ltr'>est,</span> <span class='ocrx_word' id='word_1_136' title='bbox 1045 2226 1170 2307; x_wconf 86' lang='lat' dir='ltr'>donee,</span> 
     </span>
     <span class='ocr_line' id='line_1_20' title="bbox 107 2323 1169 2411; baseline 0.009 -24"><span class='ocrx_word' id='word_1_137' title='bbox 107 2323 386 2410; x_wconf 88' lang='lat' dir='ltr'>instantibusillis,</span> <span class='ocrx_word' id='word_1_138' title='bbox 398 2344 432 2392; x_wconf 87' lang='lat' dir='ltr'>et</span> <span class='ocrx_word' id='word_1_139' title='bbox 442 2327 619 2393; x_wconf 77' lang='lat' dir='ltr'>clamorem</span> <span class='ocrx_word' id='word_1_140' title='bbox 630 2328 837 2411; x_wconf 87' lang='lat' dir='ltr'>tollentibus,</span> <span class='ocrx_word' id='word_1_141' title='bbox 850 2329 1043 2409; x_wconf 83' lang='lat' dir='ltr'>juravitsibi</span> <span class='ocrx_word' id='word_1_142' title='bbox 1053 2350 1169 2397; x_wconf 83' lang='lat' dir='ltr'>manus</span> 
     </span>
     <span class='ocr_line' id='line_1_21' title="bbox 107 2426 1170 2520; baseline 0.004 -28"><span class='ocrx_word' id='word_1_143' title='bbox 107 2426 270 2494; x_wconf 83' lang='lat' dir='ltr'>allaturum</span> <span class='ocrx_word' id='word_1_144' title='bbox 287 2451 377 2511; x_wconf 89' lang='lat' dir='ltr'>esse,</span> <span class='ocrx_word' id='word_1_145' title='bbox 399 2428 436 2494; x_wconf 89' lang='lat' dir='ltr'>ni</span> <span class='ocrx_word' id='word_1_146' title='bbox 450 2428 639 2518; x_wconf 80' lang='lat' dir='ltr'>quiescant:</span> <span class='ocrx_word' id='word_1_147' title='bbox 657 2453 742 2520; x_wconf 77' lang='lat' dir='ltr'>segre</span> <span class='ocrx_word' id='word_1_148' title='bbox 764 2430 969 2498; x_wconf 87' lang='lat' dir='ltr'>destitenmt.</span> <span class='ocrx_word' id='word_1_149' title='bbox 993 2432 1083 2496; x_wconf 86' lang='lat' dir='ltr'>Inter</span> <span class='ocrx_word' id='word_1_150' title='bbox 1100 2430 1170 2498; x_wconf 84' lang='lat' dir='ltr'>lunc</span> 
     </span>
     <span class='ocr_line' id='line_1_22' title="bbox 106 2530 1172 2622; baseline 0.007 -29"><span class='ocrx_word' id='word_1_151' title='bbox 106 2531 228 2618; x_wconf 74' lang='lat' dir='ltr'>egyptii</span> <span class='ocrx_word' id='word_1_152' title='bbox 244 2530 342 2619; x_wconf 77' lang='lat' dir='ltr'>legati</span> <span class='ocrx_word' id='word_1_153' title='bbox 354 2532 683 2614; x_wconf 80' lang='lat' dir='ltr'>veneruntllomsm,</span> <span class='ocrx_word' id='word_1_154' title='bbox 700 2533 896 2622; x_wconf 82' lang='lat' dir='ltr'>Cleopatrae,</span> <span class='ocrx_word' id='word_1_155' title='bbox 913 2557 985 2622; x_wconf 82' lang='lat' dir='ltr'>qnae</span> <span class='ocrx_word' id='word_1_156' title='bbox 999 2549 1074 2622; x_wconf 90' lang='lat' dir='ltr'>post</span> <span class='ocrx_word' id='word_1_157' title='bbox 1087 2555 1172 2606; x_wconf 82' lang='lat' dir='ltr'>mon·</span> 
     </span>
     <span class='ocr_line' id='line_1_23' title="bbox 35 2631 1172 2720; baseline 0.004 -24"><span class='ocrx_word' id='word_1_158' title='bbox 35 2686 36 2689; x_wconf 59' lang='grc'>,</span> <span class='ocrx_word' id='word_1_159' title='bbox 108 2644 167 2696; x_wconf 89' lang='lat' dir='ltr'>tem</span> <span class='ocrx_word' id='word_1_160' title='bbox 185 2634 246 2698; x_wconf 79' lang='lat' dir='ltr'>viri</span> <span class='ocrx_word' id='word_1_161' title='bbox 264 2631 439 2698; x_wconf 81' lang='lat' dir='ltr'>Alexandri</span> <span class='ocrx_word' id='word_1_162' title='bbox 462 2655 500 2698; x_wconf 90' lang='lat' dir='ltr'>ac</span> <span class='ocrx_word' id='word_1_163' title='bbox 522 2633 622 2720; x_wconf 87' lang='lat' dir='ltr'>patris</span> <span class='ocrx_word' id='word_1_164' title='bbox 644 2634 798 2718; x_wconf 76' lang='lat' dir='ltr'>Isthmi,</span> <span class='ocrx_word' id='word_1_165' title='bbox 818 2634 960 2700; x_wconf 88' lang='lat' dir='ltr'>duorum</span> <span class='ocrx_word' id='word_1_166' title='bbox 983 2635 1172 2700; x_wconf 83' lang='lat' dir='ltr'>Ptolemaeo·</span> 
     </span>
     <span class='ocr_line' id='line_1_24' title="bbox 107 2733 1170 2827; baseline 0.006 -32"><span class='ocrx_word' id='word_1_167' title='bbox 107 2753 191 2817; x_wconf 89' lang='lat' dir='ltr'>rum,</span> <span class='ocrx_word' id='word_1_168' title='bbox 212 2757 354 2824; x_wconf 81' lang='lat' dir='ltr'>regnum</span> <span class='ocrx_word' id='word_1_169' title='bbox 372 2733 560 2816; x_wconf 81' lang='lat' dir='ltr'>obtinebat,</span> <span class='ocrx_word' id='word_1_170' title='bbox 577 2736 731 2802; x_wconf 86' lang='lat' dir='ltr'>maritum</span> <span class='ocrx_word' id='word_1_171' title='bbox 748 2759 788 2800; x_wconf 89' lang='lat' dir='ltr'>er</span> <span class='ocrx_word' id='word_1_172' title='bbox 804 2737 891 2827; x_wconf 84' lang='lat' dir='ltr'>regia</span> <span class='ocrx_word' id='word_1_173' title='bbox 904 2736 1005 2822; x_wconf 85' lang='lat' dir='ltr'>stirpe</span> <span class='ocrx_word' id='word_1_174' title='bbox 1017 2735 1170 2823; x_wconf 81' lang='lat' dir='ltr'>petituri:</span> 
     </span>
     <span class='ocr_line' id='line_1_25' title="bbox 108 2834 1171 2926; baseline -0.004 -24"><span class='ocrx_word' id='word_1_175' title='bbox 108 2856 177 2902; x_wconf 80' lang='lat' dir='ltr'>nam</span> <span class='ocrx_word' id='word_1_176' title='bbox 189 2835 364 2902; x_wconf 82' lang='lat' dir='ltr'>Alexandri</span> <span class='ocrx_word' id='word_1_177' title='bbox 378 2834 463 2902; x_wconf 87' lang='lat' dir='ltr'>lilius</span> <span class='ocrx_word' id='word_1_178' title='bbox 473 2859 515 2900; x_wconf 84' lang='lat' dir='ltr'>ex</span> <span class='ocrx_word' id='word_1_179' title='bbox 530 2837 591 2902; x_wconf 86' lang='lat' dir='ltr'>alia</span> <span class='ocrx_word' id='word_1_180' title='bbox 604 2844 722 2918; x_wconf 86' lang='lat' dir='ltr'>uxore,</span> <span class='ocrx_word' id='word_1_181' title='bbox 735 2837 939 2926; x_wconf 74' lang='lat' dir='ltr'>cognominis</span> <span class='ocrx_word' id='word_1_182' title='bbox 951 2837 1052 2924; x_wconf 86' lang='lat' dir='ltr'>patri,</span> <span class='ocrx_word' id='word_1_183' title='bbox 1067 2857 1171 2922; x_wconf 90' lang='lat' dir='ltr'>quum</span> 
     </span>
     <span class='ocr_line' id='line_1_26' title="bbox 108 2935 1173 3028; baseline 0.004 -30"><span class='ocrx_word' id='word_1_184' title='bbox 108 2937 225 3021; x_wconf 85' lang='lat' dir='ltr'>aCois,</span> <span class='ocrx_word' id='word_1_185' title='bbox 240 2935 332 3028; x_wconf 85' lang='lat' dir='ltr'>apud</span> <span class='ocrx_word' id='word_1_186' title='bbox 347 2960 431 3024; x_wconf 84' lang='lat' dir='ltr'>quos</span> <span class='ocrx_word' id='word_1_187' title='bbox 449 2937 666 3018; x_wconf 84' lang='lat' dir='ltr'>educabatur,</span> <span class='ocrx_word' id='word_1_188' title='bbox 686 2937 867 3004; x_wconf 84' lang='lat' dir='ltr'>Mithridati</span> <span class='ocrx_word' id='word_1_189' title='bbox 885 2937 1034 3016; x_wconf 90' lang='lat' dir='ltr'>deditus,</span> <span class='ocrx_word' id='word_1_190' title='bbox 1051 2937 1092 3000; x_wconf 87' lang='lat' dir='ltr'>ab</span> <span class='ocrx_word' id='word_1_191' title='bbox 1108 2936 1173 3002; x_wconf 86' lang='lat' dir='ltr'>hoc</span> 
     </span>
     <span class='ocr_line' id='line_1_27' title="bbox 108 3036 1138 3128; baseline 0 -26"><span class='ocrx_word' id='word_1_192' title='bbox 108 3037 145 3102; x_wconf 80' lang='lat' dir='ltr'>td</span> <span class='ocrx_word' id='word_1_193' title='bbox 154 3039 277 3106; x_wconf 81' lang='lat' dir='ltr'>sullam</span> <span class='ocrx_word' id='word_1_194' title='bbox 290 3039 508 3128; x_wconf 75' lang='lat' dir='ltr'>profugisset,</span> <span class='ocrx_word' id='word_1_195' title='bbox 522 3039 608 3104; x_wconf 93' lang='lat' dir='ltr'>inter</span> <span class='ocrx_word' id='word_1_196' title='bbox 622 3037 793 3107; x_wconf 81' lang='lat' dir='ltr'>familiares</span> <span class='ocrx_word' id='word_1_197' title='bbox 805 3037 873 3118; x_wconf 83' lang='lat' dir='ltr'>ejus</span> <span class='ocrx_word' id='word_1_198' title='bbox 886 3039 999 3102; x_wconf 82' lang='lat' dir='ltr'>llornse</span> <span class='ocrx_word' id='word_1_199' title='bbox 1013 3036 1138 3126; x_wconf 83' lang='lat' dir='ltr'>agebat.</span> 
     </span>
    </p>

    <p class='ocr_par' dir='ltr' id='par_1_7' title="bbox 109 3137 1178 3836">
     <span class='ocr_line' id='line_1_28' title="bbox 146 3137 1171 3222; baseline -0.001 -15"><span class='ocrx_word' id='word_1_200' title='bbox 146 3142 267 3208; x_wconf 82' lang='lat' dir='ltr'>XXIV.</span> <span class='ocrx_word' id='word_1_201' title='bbox 284 3140 411 3206; x_wconf 90' lang='lat' dir='ltr'>ldcirco</span> <span class='ocrx_word' id='word_1_202' title='bbox 423 3141 530 3222; x_wconf 82' lang='lat' dir='ltr'>Sulla,</span> <span class='ocrx_word' id='word_1_203' title='bbox 542 3156 614 3205; x_wconf 90' lang='lat' dir='ltr'>turn</span> <span class='ocrx_word' id='word_1_204' title='bbox 626 3141 703 3206; x_wconf 80' lang='lat' dir='ltr'>alies</span> <span class='ocrx_word' id='word_1_205' title='bbox 717 3140 894 3204; x_wconf 86' lang='lat' dir='ltr'>honestum</span> <span class='ocrx_word' id='word_1_206' title='bbox 909 3138 970 3202; x_wconf 89' lang='lat' dir='ltr'>sibi</span> <span class='ocrx_word' id='word_1_207' title='bbox 981 3137 1053 3204; x_wconf 84' lang='lat' dir='ltr'>fore</span> <span class='ocrx_word' id='word_1_208' title='bbox 1066 3153 1171 3219; x_wconf 85' lang='lat' dir='ltr'>ratus,</span> 
     </span>
     <span class='ocr_line' id='line_1_29' title="bbox 109 3239 1174 3332; baseline -0.005 -23"><span class='ocrx_word' id='word_1_209' title='bbox 109 3239 246 3331; x_wconf 67' lang='lat' dir='ltr'>AEngto</span> <span class='ocrx_word' id='word_1_210' title='bbox 269 3264 379 3332; x_wconf 83' lang='lat' dir='ltr'>regern</span> <span class='ocrx_word' id='word_1_211' title='bbox 399 3242 613 3331; x_wconf 82' lang='lat' dir='ltr'>imposuisse,</span> <span class='ocrx_word' id='word_1_212' title='bbox 640 3257 711 3306; x_wconf 93' lang='lat' dir='ltr'>turn</span> <span class='ocrx_word' id='word_1_213' title='bbox 736 3263 776 3306; x_wconf 88' lang='lat' dir='ltr'>ex</span> <span class='ocrx_word' id='word_1_214' title='bbox 797 3239 1046 3328; x_wconf 85' lang='lat' dir='ltr'>opulentissimo</span> <span class='ocrx_word' id='word_1_215' title='bbox 1069 3261 1174 3330; x_wconf 87' lang='lat' dir='ltr'>reguo</span> 
     </span>
     <span class='ocr_line' id='line_1_30' title="bbox 109 3341 1171 3434; baseline -0.003 -23"><span class='ocrx_word' id='word_1_216' title='bbox 109 3341 241 3426; x_wconf 72' lang='lat' dir='ltr'>predam</span> <span class='ocrx_word' id='word_1_217' title='bbox 259 3343 345 3408; x_wconf 78' lang='lat' dir='ltr'>forte</span> <span class='ocrx_word' id='word_1_218' title='bbox 367 3365 520 3431; x_wconf 82' lang='lat' dir='ltr'>sperans,</span> <span class='ocrx_word' id='word_1_219' title='bbox 542 3342 761 3411; x_wconf 83' lang='lat' dir='ltr'>Alexandrum</span> <span class='ocrx_word' id='word_1_220' title='bbox 782 3342 824 3407; x_wconf 88' lang='lat' dir='ltr'>ad</span> <span class='ocrx_word' id='word_1_221' title='bbox 841 3343 1044 3434; x_wconf 87' lang='lat' dir='ltr'>Cleopatram</span> <span class='ocrx_word' id='word_1_222' title='bbox 1062 3342 1171 3408; x_wconf 86' lang='lat' dir='ltr'>mittit.</span> 
     </span>
     <span class='ocr_line' id='line_1_31' title="bbox 110 3439 1173 3532; baseline 0.004 -26"><span class='ocrx_word' id='word_1_223' title='bbox 110 3439 167 3506; x_wconf 80' lang='lat' dir='ltr'>ted</span> <span class='ocrx_word' id='word_1_224' title='bbox 184 3443 231 3509; x_wconf 91' lang='lat' dir='ltr'>illi</span> <span class='ocrx_word' id='word_1_225' title='bbox 253 3443 377 3530; x_wconf 88' lang='lat' dir='ltr'>nuptiis</span> <span class='ocrx_word' id='word_1_226' title='bbox 402 3466 549 3509; x_wconf 85' lang='lat' dir='ltr'>novercas</span> <span class='ocrx_word' id='word_1_227' title='bbox 568 3445 674 3532; x_wconf 89' lang='lat' dir='ltr'>potito</span> <span class='ocrx_word' id='word_1_228' title='bbox 697 3442 787 3510; x_wconf 88' lang='lat' dir='ltr'>haud</span> <span class='ocrx_word' id='word_1_229' title='bbox 809 3444 885 3513; x_wconf 85' lang='lat' dir='ltr'>satis</span> <span class='ocrx_word' id='word_1_230' title='bbox 905 3443 969 3508; x_wconf 85' lang='lat' dir='ltr'>fuit</span> <span class='ocrx_word' id='word_1_231' title='bbox 987 3461 1173 3512; x_wconf 86' lang='lat' dir='ltr'>consortem</span> 
     </span>
     <span class='ocr_line' id='line_1_32' title="bbox 112 3544 1175 3634; baseline 0.006 -30"><span class='ocrx_word' id='word_1_232' title='bbox 112 3545 194 3633; x_wconf 83' lang='lat' dir='ltr'>regni</span> <span class='ocrx_word' id='word_1_233' title='bbox 219 3547 343 3612; x_wconf 80' lang='lat' dir='ltr'>lactum</span> <span class='ocrx_word' id='word_1_234' title='bbox 364 3567 453 3627; x_wconf 87' lang='lat' dir='ltr'>esse,</span> <span class='ocrx_word' id='word_1_235' title='bbox 476 3546 557 3634; x_wconf 84' lang='lat' dir='ltr'>quin</span> <span class='ocrx_word' id='word_1_236' title='bbox 577 3545 672 3611; x_wconf 85' lang='lat' dir='ltr'>Sullae</span> <span class='ocrx_word' id='word_1_237' title='bbox 696 3544 835 3627; x_wconf 84' lang='lat' dir='ltr'>fiducie,</span> <span class='ocrx_word' id='word_1_238' title='bbox 855 3545 1015 3633; x_wconf 84' lang='lat' dir='ltr'>quidlibet</span> <span class='ocrx_word' id='word_1_239' title='bbox 1032 3569 1093 3634; x_wconf 91' lang='lat' dir='ltr'>pro</span> <span class='ocrx_word' id='word_1_240' title='bbox 1116 3567 1175 3612; x_wconf 88' lang='lat' dir='ltr'>sus</span> 
     </span>
     <span class='ocr_line' id='line_1_33' title="bbox 112 3644 1176 3735; baseline 0.008 -28"><span class='ocrx_word' id='word_1_241' title='bbox 112 3644 201 3710; x_wconf 86' lang='lat' dir='ltr'>unius</span> <span class='ocrx_word' id='word_1_242' title='bbox 218 3645 355 3714; x_wconf 87' lang='lat' dir='ltr'>libidine</span> <span class='ocrx_word' id='word_1_243' title='bbox 371 3646 509 3728; x_wconf 84' lang='lat' dir='ltr'>faceret;</span> <span class='ocrx_word' id='word_1_244' title='bbox 523 3669 562 3712; x_wconf 88' lang='lat' dir='ltr'>eo</span> <span class='ocrx_word' id='word_1_245' title='bbox 576 3669 765 3735; x_wconf 82' lang='lat' dir='ltr'>progressus</span> <span class='ocrx_word' id='word_1_246' title='bbox 778 3648 934 3731; x_wconf 75' lang='lat' dir='ltr'>vesanie,</span> <span class='ocrx_word' id='word_1_247' title='bbox 952 3664 989 3713; x_wconf 91' lang='lat' dir='ltr'>ut</span> <span class='ocrx_word' id='word_1_248' title='bbox 1005 3646 1176 3716; x_wconf 81' lang='lat' dir='ltr'>undevice-</span> 
     </span>
     <span class='ocr_line' id='line_1_34' title="bbox 113 3744 1178 3836; baseline 0.003 -25"><span class='ocrx_word' id='word_1_249' title='bbox 113 3744 187 3812; x_wconf 79' lang='lat' dir='ltr'>simo</span> <span class='ocrx_word' id='word_1_250' title='bbox 195 3747 325 3836; x_wconf 88' lang='lat' dir='ltr'>imperii</span> <span class='ocrx_word' id='word_1_251' title='bbox 331 3746 397 3831; x_wconf 86' lang='lat' dir='ltr'>die,</span> <span class='ocrx_word' id='word_1_252' title='bbox 405 3748 627 3836; x_wconf 87' lang='lat' dir='ltr'>Cleopatram,</span> <span class='ocrx_word' id='word_1_253' title='bbox 639 3746 781 3812; x_wconf 72' lang='lat' dir='ltr'>audacie</span> <span class='ocrx_word' id='word_1_254' title='bbox 791 3771 856 3814; x_wconf 84' lang='lat' dir='ltr'>suoe</span> <span class='ocrx_word' id='word_1_255' title='bbox 863 3764 1108 3816; x_wconf 80' lang='lat' dir='ltr'>succensentem</span> <span class='ocrx_word' id='word_1_256' title='bbox 1117 3794 1126 3828; x_wconf 91' lang='lat'>,</span> <span class='ocrx_word' id='word_1_257' title='bbox 1135 3746 1178 3814; x_wconf 87' lang='lat' dir='ltr'>de</span> 
     </span>
    </p>
   </div>
   <div class='ocr_carea' id='block_1_5' title="bbox 113 3973 1177 4219">
    <p class='ocr_par' dir='ltr' id='par_1_8' title="bbox 113 3973 1177 4219">
     <span class='ocr_line' id='line_1_35' title="bbox 142 3973 1176 4049; baseline -0.006 -16"><span class='ocrx_word' id='word_1_258' title='bbox 142 3979 252 4045; x_wconf 74' lang='lat' dir='ltr'>§Im</span> <span class='ocrx_word' id='word_1_259' title='bbox 268 3985 334 4033; x_wconf 78' lang='lat' dir='ltr'>nin.</span> <span class='ocrx_word' id='word_1_260' title='bbox 347 3983 380 4032; x_wconf 87' lang='lat' dir='ltr'>ds</span> <span class='ocrx_word' id='word_1_261' title='bbox 395 3985 424 4032; x_wconf 85' lang='lat' dir='ltr'>ll.</span> <span class='ocrx_word' id='word_1_262' title='bbox 438 3983 494 4033; x_wconf 75' lang='lat' dir='ltr'>Ab.</span> <span class='ocrx_word' id='word_1_263' title='bbox 507 3999 563 4049; x_wconf 82' lang='lat' dir='ltr'>cap.</span> <span class='ocrx_word' id='word_1_264' title='bbox 575 3999 618 4032; x_wconf 83' lang='lat' dir='ltr'>aa.</span> <span class='ocrx_word' id='word_1_265' title='bbox 637 4011 673 4021; x_wconf 90' lang='lat'><em>-</em></span> <span class='ocrx_word' id='word_1_266' title='bbox 687 3984 812 4034; x_wconf 86' lang='lat' dir='ltr'>Plutarch.</span> <span class='ocrx_word' id='word_1_267' title='bbox 827 4013 861 4022; x_wconf 95' lang='lat'>—</span> <span class='ocrx_word' id='word_1_268' title='bbox 880 3985 933 4034; x_wconf 80' lang='lat' dir='ltr'>liv.</span> <span class='ocrx_word' id='word_1_269' title='bbox 947 3983 1013 4049; x_wconf 82' lang='lat' dir='ltr'>Epit.</span> <span class='ocrx_word' id='word_1_270' title='bbox 1029 4007 1065 4018; x_wconf 89' lang='lat'><em>-</em></span> <span class='ocrx_word' id='word_1_271' title='bbox 1077 3973 1176 4028; x_wconf 75' lang='lat' dir='ltr'>sallust.</span> 
     </span>
     <span class='ocr_line' id='line_1_36' title="bbox 113 4063 1177 4135; baseline -0.007 -19"><span class='ocrx_word' id='word_1_272' title='bbox 113 4063 195 4116; x_wconf 67' lang='lat' dir='ltr'>lucar.</span> <span class='ocrx_word' id='word_1_273' title='bbox 205 4083 245 4118; x_wconf 85' lang='lat' dir='ltr'>ro.</span> <span class='ocrx_word' id='word_1_274' title='bbox 256 4066 428 4133; x_wconf 67' lang='lat' dir='ltr'>-sxmt</span> <span class='ocrx_word' id='word_1_275' title='bbox 439 4067 735 4135; x_wconf 74' lang='lat' dir='ltr'>Porpbynspndlluseb.</span> <span class='ocrx_word' id='word_1_276' title='bbox 745 4085 771 4134; x_wconf 89' lang='lat' dir='ltr'>p.</span> <span class='ocrx_word' id='word_1_277' title='bbox 782 4069 843 4118; x_wconf 75' lang='lat' dir='ltr'>ssd.</span> <span class='ocrx_word' id='word_1_278' title='bbox 855 4095 890 4106; x_wconf 95' lang='lat'>-</span> <span class='ocrx_word' id='word_1_279' title='bbox 900 4068 1008 4132; x_wconf 78' lang='lat' dir='ltr'>Appiam</span> <span class='ocrx_word' id='word_1_280' title='bbox 1017 4065 1090 4114; x_wconf 85' lang='lat' dir='ltr'>Clvll.</span> <span class='ocrx_word' id='word_1_281' title='bbox 1100 4063 1145 4114; x_wconf 91' lang='lat' dir='ltr'>lib.</span> <span class='ocrx_word' id='word_1_282' title='bbox 1156 4065 1177 4110; x_wconf 93' lang='lat'>1.</span> 
     </span>
     <span class='ocr_line' id='line_1_37' title="bbox 114 4149 756 4219; baseline -0.002 -19"><span class='ocrx_word' id='word_1_283' title='bbox 114 4172 145 4185; x_wconf 84' lang='lat'>-</span> <span class='ocrx_word' id='word_1_284' title='bbox 156 4149 233 4200; x_wconf 75' lang='lat' dir='ltr'>Strab.</span> <span class='ocrx_word' id='word_1_285' title='bbox 245 4152 288 4201; x_wconf 91' lang='lat' dir='ltr'>lib.</span> <span class='ocrx_word' id='word_1_286' title='bbox 298 4153 389 4213; x_wconf 76' lang='lat' dir='ltr'>nvn,</span> <span class='ocrx_word' id='word_1_287' title='bbox 399 4171 427 4219; x_wconf 91' lang='lat' dir='ltr'>p.</span> <span class='ocrx_word' id='word_1_288' title='bbox 436 4153 496 4216; x_wconf 75' lang='lat'>796.</span> <span class='ocrx_word' id='word_1_289' title='bbox 507 4181 542 4192; x_wconf 89' lang='lat'>-</span> <span class='ocrx_word' id='word_1_290' title='bbox 551 4155 626 4216; x_wconf 65' lang='lat' dir='ltr'>Trog.</span> <span class='ocrx_word' id='word_1_291' title='bbox 635 4151 703 4201; x_wconf 80' lang='lat' dir='ltr'>Prol.</span> <span class='ocrx_word' id='word_1_292' title='bbox 715 4154 756 4214; x_wconf 80' lang='lat'>39.</span> 
     </span>
    </p>
   </div>
   <div class='ocr_carea' id='block_1_6' title="bbox 0 0 1449 4900">
    <p class='ocr_par' dir='ltr' id='par_1_9' title="bbox 0 0 1449 4900">
     <span class='ocr_line' id='line_1_38' title="bbox 0 0 1449 4900; baseline 0 0"><span class='ocrx_word' id='word_1_293' title='bbox 0 0 1449 4900; x_wconf 95' lang='lat' dir='ltr'> </span> 
     </span>
    </p>
   </div>
  </div>
 </body>
</html>
