2875 4900
283 308 354 380 336
400 382 410 401 Ι,
459 312 526 378 JO.
553 311 899 386 FRElNSHEMll
926 314 1170 386 SUPPLEM.

256 437 260 442 “
282 447 362 494 natu
373 429 481 496 motis.
491 432 530 494 ln
544 429 595 494 his
609 445 643 494 et
657 433 693 495 C.
706 433 868 498 Antonius
883 435 962 516 fuit,
979 434 1081 500 Marci
1100 437 1237 501 oratoris
1253 435 1348 516 lilius,

281 534 335 596 cui
352 555 464 597 causas
482 531 748 619 subscripsenrnt
768 556 937 616 censores,
953 537 1041 625 quod
1057 541 1155 601 socios
1167 537 1329 626 dirpuerit
1338 563 1349 618 ‚·

278 633 369 723 quod
373 635 551 723 Juduuort,
568 635 661 723 apud
672 635 721 698 M.
731 634 903 702 Lucullum
912 651 1081 726 proetorem
1099 653 1284 718 accuratus,
1306 663 1351 702 re·

279 738 403 802 cruorit
418 738 506 825 turpi
521 733 732 822 allegatores,
751 759 783 799 se
801 759 874 802 cum
885 741 1002 825 graecis
1019 739 1196 804 horninibus
1217 743 1252 803 in
1273 739 1351 805 Urbe

280 861 345 901 non
365 861 456 926 posse
474 859 568 925 oequo
576 837 657 924 jure
675 839 886 918 contendere;
909 839 998 928 quod
1012 854 1142 929 propter
1162 845 1236 905 ceris
1258 841 1353 904 olieoi

279 940 530 1028 mogm'tudiuem
544 937 671 1026 proedr'o
691 942 898 1029 manciparit,
919 941 1063 1031 bonoque
1075 966 1134 1008 suo
1152 946 1185 1006 in
1197 957 1350 1032 potestate

279 1066 345 1106 nort
359 1042 495 1104 haberet.
507 1040 614 1104 Etiam
628 1039 666 1104 P.
676 1041 836 1105 Lentulus
850 1043 946 1122 Sura,
962 1044 1019 1130 qui
1034 1065 1140 1132 nuper
1157 1043 1274 1108 consul
1288 1045 1350 1106 lere

279 1162 344 1226 rat,
363 1159 480 1208 senatu
496 1157 607 1231 motus
623 1155 691 1222 est,
710 1156 745 1205 et
757 1144 799 1224 Q.
810 1143 928 1217 Curius
944 1144 1134 1210 notissimus
1148 1145 1283 1225 aleator,
1297 1167 1349 1208 eae·

279 1246 408 1332 terique
418 1266 496 1308 mox
509 1241 552 1306 ad
564 1242 749 1306 catilinariae
763 1243 997 1323 conjurationis
1012 1245 1117 1311 scelus
1131 1269 1200 1310 non
1215 1262 1281 1311 tam
1294 1247 1349 1311 hae

279 1346 427 1411 censoria
443 1362 538 1428 nota,
555 1367 654 1432 quam
670 1346 775 1410 causis
792 1346 878 1426 aliis,
895 1347 1038 1436 impulsi.

322 1447 449 1512 XXIX.
471 1446 625 1510 Lustrum
648 1444 769 1511 deinde
787 1446 958 1512 conditum
983 1465 1033 1514 est
1048 1471 1056 1513 :
1074 1449 1195 1514 civium
1216 1449 1349 1537 amplior

279 1572 378 1637 quam
388 1564 464 1612 ante
475 1571 652 1627 numerus,
664 1548 803 1636 receptis
816 1549 850 1611 in
862 1546 950 1613 idem
959 1547 1012 1629 jus
1026 1551 1192 1615 sociorum
1205 1551 1346 1639 populis,

277 1651 360 1717 tuis:
373 1651 478 1740 capita
488 1649 727 1739 quadringenta
741 1650 979 1738 quinquaginta
992 1651 1092 1716 millia
1107 1673 1213 1717 censa.
1227 1652 1347 1716 Princi-

277 1776 353 1842 pem
362 1769 496 1818 senatus
504 1752 720 1834 Q.Lutatium
728 1750 883 1816 Catulum
890 1753 1049 1843 legerunt.
1058 1755 1120 1818 Per
1128 1753 1216 1818 idem
1225 1769 1347 1843 tempus

277 1854 313 1919 L.
330 1855 480 1919 Metellus
496 1853 613 1919 sieilia
628 1868 764 1941 praetor,
785 1875 855 1916 rem
877 1853 1032 1920 adversus
1054 1855 1174 1943 piratas
1198 1877 1348 1944 prospere

277 1958 398 2045 gessit:
414 1980 490 2021 nam
508 1957 595 2020 inter
607 1954 816 2020 foedissimam
833 1955 984 2020 C.Verris
998 1974 1173 2045 praeturam
1190 1957 1348 2048 Pyrganio

277 2049 470 2148 archipirata
484 2079 718 2146 syracusanum
735 2073 885 2144 portum,
905 2057 997 2145 pulsa
1011 2059 1111 2123 classe
1125 2081 1279 2140 romana,
1295 2057 1349 2122 ob·

277 2163 436 2241 tinuerat,
454 2159 661 2246 insulamque
676 2156 755 2222 inde
768 2157 910 2222 caedibus
924 2159 1111 2249 rapinisque
1129 2161 1249 2226 misere
1264 2179 1349 2225 vexa·

275 2265 343 2328 bat.
357 2264 456 2328 Hunc
470 2260 571 2350 igitur
582 2259 736 2324 Metellus
753 2260 898 2324 terrestri
917 2261 1089 2349 navalique
1104 2252 1215 2350 praelio
1229 2261 1348 2326 victum

276 2365 452 2455 profugere
471 2387 510 2427 ex
524 2361 630 2427 Sicilia
645 2360 771 2451 coegit,
787 2383 967 2451 pacemque
982 2363 1155 2451 provineiae
1170 2361 1323 2428 reddidit

320 2467 429 2532 XXX.
442 2467 557 2531 Finem
571 2464 671 2543 hujus
687 2463 766 2527 anni
782 2464 892 2529 lutum
905 2464 1004 2545 Urbi,
1020 2464 1129 2529 reditu
1146 2487 1209 2528 suo
1228 2466 1262 2528 in
1280 2488 1348 2553 gra·

275 2569 371 2649 dam,
392 2566 461 2631 duo
474 2564 693 2654 potentissimi
707 2563 769 2626 viri
785 2564 963 2653 Pompeius
982 2566 1182 2654 Crassusque
1200 2566 1347 2631 eonsules

276 2670 393 2732 fecere.
404 2666 456 2731 llli
468 2665 626 2729 hactenus
634 2665 838 2730 retinuerant
851 2668 1010 2733 exercitus
1021 2690 1116 2750 suos,
1128 2690 1238 2755 neque
1249 2690 1349 2755 popu·

276 2770 345 2833 lum
357 2784 501 2833 extrema
514 2788 655 2855 quseque
670 2766 758 2830 inter
771 2766 938 2833 discordes
950 2784 984 2833 et
996 2769 1185 2858 praevalidos
1203 2786 1348 2833 mensen-

275 2888 361 2953 tem,
377 2892 483 2959 quum
496 2891 553 2933 eos
570 2884 717 2957 rogaret,
735 2884 773 2931 ut
788 2870 989 2933 reconciliari
1004 2886 1210 2958 paterentur,
1225 2870 1349 2934 audire·

275 2990 359 3038 rant.
374 2972 438 3038 Sed
455 2987 630 3061 postquam
645 2970 710 3035 alio
725 2986 874 3058 tempore
889 2970 1080 3037 sedentibus
1096 2994 1157 3059 pro
1178 2970 1346 3047 tribunali,

276 3077 375 3140 Caius
387 3072 521 3163 quidam
533 3073 702 3153 Aurelius,
718 3072 865 3160 equestri
882 3073 956 3137 loco
973 3088 1086 3155 natus,
1106 3072 1167 3139 sed
1178 3074 1237 3161 qui
1253 3073 1346 3136 vitam

277 3177 395 3268 procul
412 3176 552 3266 negotiis
570 3191 698 3265 egerat,
714 3172 757 3238 ad
778 3196 834 3239 eos
851 3171 1013 3255 ascendit,
1028 3174 1196 3263 Iovemque
1217 3175 1280 3238 sibi
1292 3190 1348 3259 per

276 3282 410 3368 qruetem
438 3282 603 3365 imperasse
626 3274 723 3356 dixit,
747 3289 885 3339 moueret
903 3274 1064 3354 comulas,
1090 3278 1138 3338 uti
1157 3278 1190 3338 in
1208 3276 1345 3361 gratum

276 3380 431 3459 redirent,
456 3379 668 3468 populusque
689 3375 917 3465 gemebundus
940 3393 972 3439 et
995 3376 1132 3463 supplex
1150 3376 1265 3441 eadem
1283 3396 1347 3467 pre·

276 3482 343 3546 cari
359 3480 477 3569 coepit:
495 3480 673 3568 Pompeius
691 3478 809 3543 restitit
823 3494 950 3559 tacens3
970 3493 1003 3542 at
1018 3480 1152 3543 Crassus
1167 3480 1260 3567 prior
1273 3504 1345 3569 por·

276 3585 386 3672 rigens
404 3582 550 3647 dextram
554 3630 570 3678 3
592 3581 723 3661 «Nihil,
739 3581 866 3667 inquit,
882 3602 936 3643 me
954 3578 1126 3669 indignum
1148 3596 1206 3644 aut
1224 3582 1287 3647 vile
1303 3585 1346 3646 fa·

276 3708 373 3749 «cere
396 3706 488 3765 reor,
516 3683 544 3747 si
570 3682 651 3747 huic
677 3682 836 3771 Pompeio
864 3680 988 3769 aliquid
1014 3680 1146 3762 defero,
1172 3704 1273 3770 quem
1294 3702 1346 3749 ros

309 3910 463 3995 smne.
473 3926 568 3974 seon.
576 3926 602 3971 sn
611 3924 675 3987 rog.
685 3921 765 3973 cane.
776 3948 811 3959 -
823 3922 877 3971 nv.
885 3921 952 3987 spes.
962 3948 998 3959 -
1008 3921 1131 3970 numm
1142 3924 1168 3969 sn
1181 3924 1247 3975 cn.
1260 3942 1313 3991 ap.
1324 3926 1346 3972 s.

275 4042 308 4052 -
324 4015 387 4072 Dio,
399 4012 444 4061 tiu
457 4010 596 4057 mvn.
617 4034 653 4045 -
674 4005 691 4072 5
707 4008 808 4055 XXIX.
830 4006 955 4055 Plutarch.
975 4006 1002 4055 in
1021 4006 1074 4055 cte.
1095 4022 1151 4073 cap.
1171 4024 1216 4058 aa.
1236 4038 1272 4049 -
1287 4012 1346 4068 Die,

273 4098 317 4145 lib.
328 4096 500 4147 xxxv1.-
512 4092 610 4141 Sallust.
624 4090 725 4141 Catilio.
738 4106 793 4155 cap.
808 4090 850 4139 al.
861 4116 896 4129 -
906 4090 962 4138 lte.
975 4088 1044 4153 epte.
1061 4116 1096 4127 -
1109 4092 1241 4173 Orqs.Vl,
1258 4096 1284 4158 3.Ι
