2875 4900
286 373 340 443 IN
371 372 484 441 LOC.
512 372 605 440 LIB.
633 371 719 440 CVI
750 370 966 439 LIVlANI.
1094 364 1157 436 581

142 494 195 559 tv.
212 492 407 558 Permoleste
420 514 489 555 rem
503 514 575 556 eam
586 490 729 579 populns
743 491 834 572 tulit,
851 490 932 554 adeo
945 488 1072 579 pridem
1085 512 1165 553 con·

102 597 230 679 citatus,
243 610 283 659 ut
294 616 410 683 parum
427 594 587 675 abluerit,
604 593 684 680 quin
699 592 769 681 ipso
784 590 954 673 injudicio
968 590 1166 679 discerperet

102 720 209 779 reum,
231 712 264 761 et
284 698 370 759 inter
388 694 573 760 diribendas
591 693 722 759 tabellas
738 692 902 773 judicibus
925 692 1003 780 ipsis
1023 708 1163 755 mortem

103 799 284 864 minaretur.
312 796 414 887 Igitur
436 798 556 861 frustra
579 796 750 859 obnitente
772 794 947 885 Pompeio,
969 792 1164 883 sibyllinum

102 922 225 965 carmen
243 898 353 966 denuo
374 898 533 989 invulgari
553 898 779 987 pervicerunt,
799 914 832 961 et
847 897 910 961 sub
927 896 1015 961 idem
1036 912 1165 982 tempus

101 1001 229 1065 fortuita
242 1022 312 1082 res,
330 999 387 1064 sed
401 1000 490 1063 velut
506 1022 544 1063 ex
557 1014 726 1087 compacto
739 998 773 1062 in
788 998 879 1062 illum
894 1013 1079 1088 temporum
1092 998 1166 1061 arti-

102 1101 208 1165 culum
229 1100 382 1183 veniens,
406 1116 473 1164 tarn
492 1099 597 1165 valide
621 1100 800 1164 commovit
821 1099 990 1184 homines,
1017 1116 1070 1185 ut,
1092 1103 1168 1169 licet

102 1202 185 1265 nulla
202 1218 323 1267 stamta
342 1201 378 1265 in
402 1202 492 1267 libris
515 1223 610 1290 poena
631 1202 758 1283 luerat,
783 1202 984 1266 atrocissimo
1006 1205 1166 1293 supplicio

101 1302 256 1368 Gabinius
282 1304 450 1369 voluntate
477 1303 682 1393 singulorum
716 1318 749 1366 et
776 1318 908 1367 senatus
934 1302 1163 1371 destinaretur.

101 1404 192 1469 Forte
211 1405 274 1469 sub
288 1404 420 1470 eosdem
436 1402 504 1469 dies
518 1406 648 1487 Romae,
663 1419 695 1467 et
712 1403 849 1467 maxime
864 1403 969 1492 Appia
981 1404 1023 1469 ad
1035 1406 1166 1490 Martis,

101 1506 178 1569 mira
195 1507 379 1595 proluvies,
397 1505 583 1572 exundante
600 1504 710 1571 Tiberi
734 1504 853 1587 lluvio,
876 1521 909 1569 et
931 1528 1037 1595 usque
1058 1508 1100 1573 ad
1116 1510 1168 1597 pi·

100 1608 219 1672 scinam
237 1608 401 1698 publicam
415 1630 531 1700 magna
543 1608 591 1672 vis
602 1630 695 1696 aquae
707 1607 788 1688 fuit3
804 1607 1007 1695 oppletisque
1020 1610 1168 1698 partibus

100 1708 307 1775 inferioribus
319 1709 484 1792 omnibus,
499 1732 540 1773 ne
551 1708 687 1774 editiora
701 1707 835 1797 quidem
846 1708 1004 1773 intentata
1015 1706 1168 1776 fluctibus

99 1828 300 1877 manserunt.

141 1913 180 1978 V.
196 1916 316 2005 Magna
327 1913 537 1981 edificiorum
549 1930 669 2005 strages
679 1906 1055 2003 sequuta,qnoelateritia
1064 1938 1168 2003 quum
1212 1984 1216 1993 ‚

98 2030 226 2099 essent,
248 2016 282 2079 vi
303 2038 461 2105 aquarum
484 2014 714 2081 solvebantur:
731 2016 846 2105 ingens
862 2016 1087 2095 jumentorum
1103 2039 1168 2081 nu·

98 2138 229 2201 merus,
258 2117 408 2183 homines
429 2110 578 2207 quoque'
592 2117 702 2201 multi,
726 2116 878 2181 suffocati
898 2116 1008 2205 aquis,
1029 2132 1088 2181 aut
1108 2138 1169 2205 op-

98 2221 198 2303 pressi
216 2219 334 2301 ruina,
348 2220 525 2307 perierunt.
540 2220 616 2283 llaeo
627 2218 737 2282 omnia
750 2218 869 2282 infensi
882 2217 947 2283 ad
937 2240 1019 2281 rram
1031 2216 1169 2283 deornm

96 2318 296 2399 referebant,
310 2334 431 2408 spretas
442 2320 614 2409 religiones
624 2317 870 2384 vindicantium
885 2318 990 2408 Igitur
1000 2319 1098 2384 adM
1112 2322 1171 2385 Ca·

96 2424 184 2490 tonis
207 2424 375 2541 tribunal,
401 2424 457 2512 qui
479 2421 520 2488 de
542 2422 732 2539 repetundis
753 2400 940 2538 judicabat,
964 2423 1172 2491 adduxerunt

95 2547 209 2609 reum,
230 2527 342 2591 minus
357 2527 423 2607 jam
437 2527 605 2590 timentem
615 2525 712 2613 ,quia
729 2525 901 2588 maximam
913 2525 1170 2592 adversariorum

96 2643 328 2718 tempestatem
347 2627 520 2692 incolumis
537 2628 725 2717 pertulerat.
742 2625 806 2690 Sed
824 2648 841 2689 a
861 2626 1043 2712 judicibus,
1062 2631 1119 2716 qui
1139 2647 1172 2694 et
1282 2650 1287 2662 ·

94 2731 263 2816 populum
277 2729 452 2809 timebant,
465 2745 497 2793 et
508 2750 526 2792 a
538 2749 594 2794 reo
605 2743 795 2816 acceperant
807 2728 906 2810 nihil,
918 2727 1170 2810 condemnatus,

94 2832 206 2894 solum
225 2829 334 2894 vertit.
358 2830 459 2893 Erant
475 2830 563 2893 enim
579 2845 667 2894 tanta
685 2827 754 2908 ejus
771 2844 905 2917 tamque
924 2830 1093 2894 manifesta
1108 2833 1171 2894 cri-

94 2932 205 3015 mina,
228 2931 410 3022 populique
431 2929 689 3020 indignationem
716 2930 759 2993 ita
781 2929 1007 2993 vehementem
1025 2952 1172 2994 commo·

93 3049 233 3115 verant,
253 3048 291 3095 ut
313 3031 409 3096 nullis
425 3031 599 3147 praesidiis,
624 3053 729 3120 quum
747 3029 867 3093 hahere
890 3029 1054 3095 videretur
1076 3032 1172 3120 longe

94 3081 307 3216 firmissima,
325 3133 442 3198 servari
454 3149 572 3250 posset.

138 3237 197 3303 Vl.
216 3235 416 3324 Pompeius,
437 3235 493 3324 qui
516 3235 562 3298 rei
582 3233 800 3299 frumentaria²
817 3255 913 3298 causa
926 3234 959 3297 in
982 3210 1073 3298 ltalia
1089 3253 1174 3316 erat,

93 3361 206 3425 quum
231 3335 276 3402 ad
297 3337 439 3425 primum
459 3335 617 3417 judicium
639 3335 769 3400 Gabinii
791 3356 962 3399 occurrere
981 3335 1175 3421 studuisset,

94 3442 159 3505 sub
180 3437 321 3508 eosdem
340 3435 425 3520 dies,
444 3439 563 3525 quibus
580 3436 832 3525 repetundarum
854 3437 1034 3524 postulatus
1052 3439 1175 3520 fuerat,

93 3543 136 3608 ad
154 3543 289 3607 Urbem
304 3540 411 3620 venit;
429 3539 574 3628 nihilque
592 3538 632 3602 ad
649 3560 809 3602 summam
829 3536 1028 3627 diligentiam
1041 3540 1113 3604 lecit
1129 3563 1178 3603 re-

93 3645 254 3734 liquum,
282 3664 348 3730 qno
367 3656 538 3705 nocentem
566 3640 713 3727 eriperet.
742 3637 887 3726 Ideoque
914 3655 946 3701 et
966 3639 1177 3732 Ciceronem,

93 3769 166 3810 non
192 3745 272 3809 sine
294 3742 416 3831 probro
440 3741 625 3829 utriusque,
644 3741 821 3829 permovit,
840 3757 878 3804 ut
897 3741 932 3804 in
953 3762 1051 3828 quem
1070 3742 1178 3828 priore

90 3847 228 3926 jndicio
248 3844 472 3909 testimonium
486 3843 601 3908 acriter
615 3842 754 3923 dixerat,
774 3864 849 3906 enm
865 3863 955 3905 nunc
968 3840 1177 3906 defenderet:

137 4057 155 4126 s
185 4057 237 4105 tv.
269 4055 324 4102 Dio.
348 4037 383 4092 -Ι-
405 4053 456 4103 Cic.
477 4053 508 4104 ad
530 4055 560 4116 Q.
583 4047 650 4104 fratr.
671 4055 725 4111 111,
753 4068 776 4111 7.
802 4079 837 4088 --
865 4050 930 4116 SV.
953 4050 1009 4099 Dio.
1033 4077 1068 4088 -
1089 4053 1182 4100 Ascon.

93 4144 119 4190 in
140 4145 235 4192 staua
