2875 4900
181 297 185 308 '
292 313 361 385 536
464 314 902 384 Jo.nnn1nsunn11
930 317 1172 385 sueretu.

291 437 332 499 ab
347 434 395 497 tis
417 432 601 496 abstineant.
624 432 682 495 His
702 433 737 497 in
760 436 917 525 oppidum
934 437 1108 520 nuntiatis,
1127 452 1214 503 tanta
1230 438 1278 501 vis
1296 460 1342 501 ar·

292 560 421 601 morum
445 536 480 598 in
504 534 622 601 fossam
643 534 767 615 dejecta
787 554 851 620 est,
870 555 908 603 ut
928 539 1164 628 propemodum
1190 562 1341 603 summanr
1394 558 1395 561 ’

291 642 377 705 muri
392 658 489 727 atque
506 640 629 728 aggeris
645 638 849 704 altitudinem
866 640 1064 727 adaequaret;
1081 644 1248 730 portisque
1264 658 1343 731 pate-

291 742 404 825 factis,
432 740 558 803 romani
581 738 697 802 milites
719 739 754 801 in
778 740 936 829 oppidum
959 743 1079 830 recepti
1101 759 1186 809 sunt.
1212 746 1270 808 Ast
1293 743 1342 806 ubi

291 845 396 907 Caesar
412 841 473 904 sub
496 856 626 904 noctem
644 840 761 903 milites
783 841 909 929 egredi,
929 860 1103 931 portasque
1122 844 1229 909 claudi
1241 846 1342 925 jussit,

293 968 334 1008 ne
350 966 448 1031 quam
463 942 613 1021 injuriam
627 940 781 1029 oppidani
796 944 996 1032 acciperent,
1009 944 1055 1007 illi
1068 944 1109 1009 de
1122 946 1216 1009 tertia
1228 946 1343 1034 vigilia,

293 1045 447 1133 correptis
470 1042 585 1122 armis,
608 1063 679 1128 quae
699 1043 895 1125 celaverant,
911 1061 967 1108 aut
984 1045 1093 1109 subito
1111 1062 1344 1135 compararant,

291 1147 489 1210 munitiones
504 1146 725 1207 Romanorum
741 1142 845 1207 adorti
859 1160 947 1210 sunt.
965 1146 1027 1209 Sed
1039 1147 1115 1234 quia
1129 1148 1235 1212 Caesar
1245 1146 1345 1212 adver·

291 1269 346 1309 sus
362 1266 494 1308 omnem
511 1266 620 1307 casum
635 1259 761 1308 mature
776 1245 977 1332 providerat,
995 1248 1139 1311 celeriter
1156 1270 1343 1313 concursum
1394 1290 1395 1293 κ

291 1371 310 1411 e
323 1346 469 1427 castellis,
483 1362 516 1409 et
528 1332 606 1434 post
615 1368 722 1409 acrem
734 1368 877 1434 pugnarn
892 1348 1032 1412 Amatici
1043 1350 1162 1436 repulsi
1174 1366 1262 1431 sunt,
1277 1372 1344 1436 qua·

292 1465 368 1512 tuor
384 1450 486 1511 ferme
505 1447 629 1511 amissis
642 1446 816 1510 hominum
832 1446 985 1512 millibus.

334 1549 451 1612 LXlll.
475 1546 634 1611 Postridie
659 1548 803 1611 refractis
826 1548 948 1636 portis,
974 1550 1103 1615 nemine
1127 1552 1216 1615 ultra
1240 1549 1342 1615 defen·

291 1650 404 1730 dente,
421 1665 551 1737 captum
567 1647 727 1735 oppidum
744 1662 842 1735 atque
860 1648 1084 1713 subhastatum
1100 1666 1149 1713 est
1165 1674 1173 1715 :
1192 1651 1343 1738 quinqua·

291 1753 379 1841 ginta
401 1751 462 1813 tria
486 1750 584 1812 millia
607 1749 749 1835 capitum
772 1772 945 1813 numerum
967 1765 1106 1813 sectores
1131 1750 1172 1814 ad
1197 1752 1342 1815 Caesarem

290 1853 482 1917 retulerunt.
501 1851 554 1915 Sic
571 1850 662 1913 omni
678 1866 790 1937 pacata
806 1850 907 1915 Galba
924 1849 1019 1936 (nam
1037 1850 1098 1914 sub
1122 1850 1208 1915 idem
1227 1868 1343 1938 tempus

290 1956 412 2042 legatus
430 1951 560 2015 Caesaris
578 1950 614 2014 P.
636 1951 789 2031 Crassus,
805 1950 962 2032 Venetos,
980 1951 1155 2033 Osismios,
1175 1950 1342 2017 Curiosoli·

291 2070 354 2135 tas,
372 2070 567 2139 ceterosque
580 2050 621 2115 ad
640 2050 806 2115 Oceanum
819 2053 956 2141 populos
974 2054 1008 2117 in
1025 2052 1225 2118 deditionem
1243 2052 1343 2143 populi

291 2156 416 2220 romani
432 2152 617 2241 redegerat)
637 2168 727 2216 tanta
740 2152 802 2217 fuit
812 2154 942 2218 Caesaris
959 2154 1079 2242 gloria,
1093 2169 1269 2242 tantusque
1280 2176 1341 2217 om·

292 2258 383 2320 nium
398 2256 483 2319 circa
495 2268 619 2334 terror,
635 2268 673 2317 ut
685 2254 782 2317 etiarn
799 2276 818 2317 a
838 2254 1078 2317 transrhenanis
1089 2254 1243 2342 gentibus
1260 2250 1343 2343 legati

290 2360 515 2437 mitterentur,
532 2356 651 2441 quibus
670 2354 723 2419 ille
741 2353 781 2418 ad
798 2355 926 2419 initium
944 2354 1061 2419 astatis
1083 2355 1240 2442 proximas
1257 2354 1342 2435 jussis

291 2479 477 2537 occurrere,
494 2456 636 2544 legiones
654 2457 689 2519 in
706 2455 843 2521 hiberna
861 2457 1014 2538 deduxit,
1032 2459 1100 2545 ipse
1116 2457 1149 2520 in
1165 2459 1290 2522 ltaliam
1303 2471 1342 2519 est

290 2561 467 2649 profectus.
488 2557 546 2621 His
568 2558 665 2621 rebus
686 2558 721 2621 iu
742 2559 863 2621 Urbem
886 2558 1055 2638 nuntiatis,
1074 2556 1205 2622 decreto
1224 2573 1342 2622 senatus

292 2660 482 2750 supplicatio
501 2658 537 2720 in
560 2657 628 2722 dies
649 2658 852 2746 quindecim,
874 2659 918 2723 ob
939 2681 989 2722 res
1010 2660 1172 2724 a‹Caesare
1195 2661 1231 2724 in
1254 2658 1342 2724 Gallia

293 2777 415 2852 gestas,
442 2759 522 2840 fuit3
547 2759 604 2846 qui
630 2781 785 2824 numerus
811 2760 890 2823 nulli
915 2776 1007 2824 antea
1034 2759 1181 2824 decretus
1209 2781 1341 2849 unquam

293 2864 407 2927 fuerat.

335 2963 450 3030 LXIV.
467 2961 531 3026 Sed
548 2963 752 3026 ferocissimae
774 2963 983 3051 maximeque
1003 2979 1116 3054 gentes
1134 2981 1227 3030 eram
1246 2961 1340 3028 domi·

295 3086 354 3149 tae,
377 3081 415 3130 ut
436 3065 597 3129 honorem
615 3080 792 3130 mereretur
817 3065 947 3130 Caesar:
970 3083 1122 3154 praeterea
1139 3087 1265 3130 summa
1283 3064 1340 3143 ejus
1394 3067 1395 3082 ¹

294 3185 362 3232 erat
374 3170 409 3246 in
424 3184 539 3232 senatu
554 3166 716 3254 potentia,
736 3164 821 3253 apud
836 3165 995 3253 populum
1007 3168 1113 3248 favor,
1130 3182 1168 3230 ut
1180 3189 1232 3231 res
1248 3183 1341 3255 perse

292 3269 513 3356 amplissimae,
532 3268 607 3355 quia
622 3267 663 3330 ab
683 3267 747 3331 hoc
765 3282 856 3331 erant
874 3282 987 3355 gestae,
1008 3267 1143 3347 majores
1164 3269 1262 3332 etiam
1281 3287 1341 3354 grs-

292 3370 456 3453 tioresque
475 3366 683 3430 haberentur.
701 3367 822 3432 Eadem
837 3383 962 3448 aestate,
980 3391 1043 3456 qua
1064 3368 1134 3432 haee
1154 3386 1232 3432 sunt
1247 3381 1340 3457 gesta,

291 3470 359 3532 Ser.
380 3466 480 3531 Galba
501 3489 576 3530 cum
597 3468 722 3556 legione
740 3467 936 3532 duodecima
958 3485 991 3533 et
1012 3484 1102 3556 parte
1120 3471 1296 3558 equitatus,
1312 3466 1339 3527 in

292 3567 493 3645 Nantuates,
511 3567 688 3655 Veragros,
709 3569 922 3656 Sedunosque
941 3570 1057 3634 missus
1080 3593 1099 3634 a
1120 3572 1257 3651 Caesare,
1273 3589 1339 3657 pro·

293 3668 394 3757 speris
409 3665 533 3752 aliquot
547 3665 637 3730 factis
650 3670 780 3755 praeliis,
795 3693 905 3757 pacem
920 3670 1104 3760 petentibus
1118 3669 1217 3736 dedit.
1232 3671 1338 3734 Gentes

293 3771 353 3834 illae
374 3792 393 3831 a
418 3763 536 3829 finibus
559 3766 790 3857 Allobrogum,
822 3787 853 3834 et
873 3771 944 3834 lacu
970 3773 1132 3852 Lemana,
1157 3787 1192 3834 et
1219 3767 1338 3833 flumine

290 3868 451 3934 Rhodano
466 3865 508 3930 ad
529 3889 670 3931 summas
691 3869 785 3958 Alpes
808 3861 975 3952 colebant3
996 3871 1210 3960 cupiebatque
1226 3883 1337 3958 pacatas

326 4060 444 4126 §eant
456 4059 509 4107 Cic.
523 4059 553 4107 de
565 4059 636 4106 nov.
647 4060 720 4108 Cous.
732 4075 785 4124 cap.
800 4075 838 4110 ιι.
851 4089 882 4098 -
895 4061 955 4110 cas.
970 4089 1004 4098 -
1019 4061 1081 4110 Plut.
