2875 4900
277 367 350 462 670
403 379 406 386 '
449 369 522 436 JO.
549 365 894 435 FREINSIIEMII
921 367 1170 435 SUPPLEM.

276 489 451 577 praesidiis,
468 511 542 575 qum
554 488 590 550 in
605 486 742 550 Umbria
757 503 792 550 ct
805 487 923 550 'l'uscis
935 486 1085 570 fueram,
1101 487 1145 552 ud
1156 511 1235 553 eum
1246 513 1348 556 acces·

278 607 375 656 serat.

322 693 441 756 LXIII.
453 687 913 756 ludecircumdareobsesros
925 689 1080 777 operibus
1089 690 1349 779 instituittqun·

277 817 354 858 rum
375 809 471 882 parte
496 791 635 855 maxima
657 790 818 878 perfecta,
837 789 939 853 litere
968 789 1114 854 Domitio
1140 789 1346 873 redduntur,

276 895 398 984 quibus
421 893 559 982 negabat
580 889 756 978 Pompeius
771 892 820 954 ire
838 912 874 954 re
888 890 1036 954 subsidio
1056 913 1175 980 posse;
1197 891 1348 971 jubebat.

278 1019 360 1084 que,
378 997 405 1060 si
426 996 492 1058 ulla
511 993 639 1072 ratione
657 993 754 1056 etiam
776 1007 859 1056 tunc
876 991 1005 1058 efficere
1023 1008 1152 1080 posset,
1175 995 1349 1082 explicant

153 1129 161 1136 ·
278 1121 365 1180 sese,
384 1113 418 1162 et
432 1092 642 1160 Brundisium
659 1093 794 1156 veniret.
809 1092 875 1156 Sed
887 1093 953 1157 hoc
964 1091 1032 1173 jam
1052 1113 1163 1154 serum
1182 1108 1271 1173 ent,
1287 1094 1349 1157 ol)-

278 1221 367 1264 sesso
390 1213 488 1284 atque
515 1195 768 1260 circummunito
793 1193 927 1284 oppido.
951 1195 1056 1283 Igitur
1076 1193 1241 1258 Domitius
1265 1195 1348 1258 clam

275 1321 354 1362 cum
367 1297 478 1388 paucis
489 1295 700 1359 familiaribus
713 1293 755 1358 de
765 1293 844 1384 fuga
854 1295 999 1382 colloqui
1010 1310 1152 1382 coeperat
1161 1317 1171 1358 ι
1179 1294 1349 1383 aedquan-

277 1421 376 1487 quam
390 1420 470 1462 voce
480 1397 653 1461 consilium
672 1419 741 1459 non
754 1394 974 1484 prodebatur,
991 1417 1031 1458 ex
1047 1393 1266 1481 trepidatione
1281 1396 1349 1460 vul-
1412 1438 1413 1443 κ

277 1517 398 1588 tuque,
416 1514 450 1562 et
468 1499 534 1562 hoc
546 1519 649 1586 genus
662 1496 791 1561 iudiciis
805 1496 921 1584 patuit.
937 1495 1065 1560 Idcirco
1078 1496 1198 1560 milites
1208 1497 1300 1562 iuter
1314 1519 1348 1560 se

276 1599 474 1688 colloquuti,
492 1598 675 1662 Domitium
692 1597 823 1685 publice
839 1595 1049 1677 custodiunt,
1066 1596 1257 1685 legatosque
1273 1599 1348 1662 mit·

275 1717 352 1766 tunt
370 1701 411 1766 ad
429 1703 750 1788 Caesarem,paratos
765 1721 829 1762 esse
839 1712 954 1787 portas
969 1700 1110 1786 aperire,
1128 1710 1162 1761 et
1178 1699 1217 1761 I..
1235 1699 1348 1762 Domi-

277 1807 356 1869 tium
369 1805 479 1867 vivum
495 1801 631 1867 tradem.

321 1905 437 1969 LXIV.
454 1903 519 1967 Sed
537 1903 613 1990 quia
634 1925 743 1966 serum
763 1902 828 1967 dici
844 1919 931 1985 emt,
952 1903 1074 1967 veritus
1088 1904 1214 1982 Cesar,
1230 1925 1277 1966 ne
1291 1925 1348 1991 per

277 2020 472 2069 nocturnam
493 2003 655 2066 licentiam
681 2003 840 2091 oppidum
867 2003 1081 2091 diriperemr,
1104 2002 1141 2067 id
1162 2003 1257 2091 quod
1280 2004 1346 2068 suis

276 2105 373 2170 rebus
392 2121 461 2169 crat
475 2103 625 2168 futurum
638 2104 887 2188 alienissimum,
903 2127 984 2192 quas
996 2104 1154 2192 opinione
1166 2106 1347 2170 dementia

275 2206 469 2271 confirmare
481 2204 648 2292 cupiebat,
659 2207 814 2270 asservari
825 2207 946 2271 interea
956 2205 1116 2296 oppidum
1127 2228 1147 2270 a
1158 2205 1346 2272 domitianis

277 2308 433 2372 militibus
452 2306 547 2387 jubet
568 2329 575 2371 :
595 2307 664 2395 ipse
687 2329 824 2371 auorum
843 2309 967 2397 vigilias
987 2310 1209 2398 stationeque
1228 2308 1345 2374 densas

275 2409 509 2499 circumponit,
533 2430 602 2472 non
624 2407 777 2473 adversus
801 2408 1007 2499 eruptionem
1028 2407 1147 2490 modo,
1167 2408 1226 2473 sed
1247 2411 1344 2476 etiam

275 2509 429 2575 adversus
443 2510 580 2573 furtivos
592 2532 740 2599 egressus
752 2510 968 2599 singulorum.
987 2511 1079 2575 Circa
1096 2528 1247 2598 mutam
1262 2513 1345 2601 vigi·

276 2612 350 2675 liam
367 2610 525 2676 Lentulus
544 2611 699 2699 Spinther
711 2610 753 2675 dc
770 2634 867 2675 muro
884 2612 1079 2676 Caesarianos
1093 2612 1269 2694 inclamat,
1286 2613 1346 2677 tle·

274 2711 416 2800 ducique
430 2710 471 2775 ad
489 2714 646 2775 Caesarem
663 2714 767 2800 petit:
779 2711 939 2777 deductus
954 2729 1041 2796 orat,
1057 2728 1097 2777 ut
1108 2736 1144 2777 se
1156 2736 1218 2802 pro
1232 2716 1345 2803 pristi-

276 2813 325 2877 nis
350 2814 417 2881 suis
448 2812 613 2877 beneficiis
637 2813 838 2877 incolumem
868 2815 965 2896 velit,
990 2815 1101 2879 omnia
1125 2838 1342 2897 enumemns,

275 2913 366 3003 quod
378 2938 439 3002 per
452 2914 631 2979 Caesarem'
622 2938 657 2977 m
675 2916 848 3004 collegium
866 2863 1060 3003 pontificum
1071 2916 1215 2979 venisset
1223 2918 1343 3006 ,quod

275 3038 315 3079 ex
330 3030 470 3105 praetura
491 3016 681 3104 Hispaniam
699 3016 867 3080 habuisset
880 3016 1105 3104 provinciam,
1127 3017 1245 3144 quod
1235 3040 1272 3082 tn
1287 3042 1345 3108 pe-

274 3116 390 3181 titione
404 3117 591 3181 consulatus
604 3117 721 3181 firisset
732 3117 774 3181 ab
789 3115 983 3196 coadjutus.

316 3216 415 3280 LXV.
443 3218 564 3293 Caesar,
586 3218 680 3305 plura
698 3218 948 3281 commemorari
966 3240 1034 3281 nou
1057 3240 1186 3307 passus,
1203 3220 1343 3285 neminis

275 3316 369 3399 odio,
386 3316 443 3382 sed
456 3332 494 3382 ut
512 3317 662 3381 tribunos
676 3318 802 3405 plebis
793 3340 828 3380 m
848 3341 942 3382 suam
960 3318 1167 3408 dignitatem,
1185 3336 1220 3384 et
1235 3344 1342 3410 popu·

274 3418 343 3481 lum
359 3440 552 3499 romanum,
568 3438 749 3507 paucorum
768 3420 908 3484 facfione
924 3442 1138 3509 oppressum,
1155 3422 1190 3485 in
1210 3422 1344 3487 llberta·

274 3536 340 3582 tem
364 3519 568 3601 restitueret,
588 3542 676 3583 arma
703 3520 826 3608 cepisse
849 3521 1030 3586 interfatur.
1052 3523 1140 3610 Ergo
1160 3522 1343 3604 Lentulus,

272 3620 339 3700 jam
360 3642 493 3683 securus
516 3618 557 3683 de
575 3622 677 3685 salute
699 3644 778 3703 sua,
800 3623 896 3709 petit,
918 3639 957 3686 ut
979 3623 1015 3685 in
1040 3621 1201 3711 oppidum
1224 3626 1342 3688 reverti

273 3723 366 3787 liceat
375 3718 390 3802 ,'
402 3744 469 3809 quo
484 3742 523 3783 ex
536 3742 593 3784 sua
607 3722 830 3787 incolumitate
842 3725 948 3788 coeteri
964 3723 1006 3788 ad
1017 3746 1109 3813 spem
1124 3742 1341 3789 revocentur:

273 3848 336 3889 esse
355 3826 439 3889 enim
459 3821 645 3903 nonnullos,
671 3828 728 3913 qui
746 3823 786 3887 de
809 3840 907 3890 nwrte
924 3824 1143 3890 coarctanda
1159 3825 1340 3889 deliberent.

306 4042 323 4106 s
336 4044 428 4091 txttt.
442 4042 488 4104 Ep.
501 4042 514 4086 3
531 4042 617 4105 Pomp.
629 4041 660 4087 nd
674 4042 767 4091 Domit.
781 4042 826 4089 lilr.
835 4045 913 4102 vnt;
925 4043 957 4090 td
970 4045 1046 4093 Ante.
1063 4061 1103 4109 ep.
1116 4060 1155 4092 ra.
1173 4070 1210 4081 -
1221 4044 1277 4092 Cn
1303 4071 1336 4079 -

271 4127 328 4173 Dio.
343 4154 376 4164 -
392 4124 499 4189 Appian.
