2875 4900
255 398 309 465 IN
340 395 454 464 LOC.
482 395 578 463 ΜΒ.
606 395 732 464 XCVI
766 397 982 466 LIVIANI.
1080 397 1144 468 301

94 520 231 605 legesque
247 540 341 581 novae
357 517 518 580 civitatem
533 515 714 603 inquietam
726 515 925 581 habuerunt.
937 517 1071 582 Clodius
1083 523 1151 606 qui·

93 619 158 682 dam
171 619 325 684 tribunus
340 618 464 708 plebis,
481 616 663 682 sacerdotes
680 617 888 705 virginesque
906 617 1067 700 Vestales,
1082 637 1151 688 tan·

92 741 179 805 quam
192 741 308 807 parum
332 736 417 783 caste
439 741 528 782 sacra
543 718 706 800 facerent,
721 717 763 781 ad
778 719 938 806 populum
954 719 1148 786 criminaba-

92 835 152 900 tur,
169 819 256 884 etad
275 820 387 883 turbas
402 819 492 883 haud
508 820 639 908 exiguas
653 840 704 882 res
723 818 897 906 spectabat.

127 922 276 985 XXXVI.
297 922 434 986 Catilina
449 943 583 1008 quoque
603 943 678 984 reus
697 919 828 1001 incesti,
848 919 938 1007 quod
960 943 1035 985 eum
1052 921 1146 987 Fabia

91 1022 310 1104 commisisset,
324 1020 535 1086 accusabatur
549 1044 558 1086 ε
573 1022 630 1086 sed
644 1021 798 1084 Clodium
813 1021 858 1084 M.
872 1023 971 1104 Cato,
985 1045 1088 1108 quum
1103 1025 1151 1088 in·

91 1122 209 1208 genium
226 1125 297 1203 ejus
314 1124 585 1212 propositumque
595 1122 713 1213 ¹multis
731 1121 838 1185 verbis
853 1121 969 1185 acriter
984 1127 1149 1212 coarguis-

90 1239 149 1304 set,
162 1221 309 1288 desinere
322 1225 464 1288 actiones
480 1245 554 1288 suas
572 1224 686 1313 coegit.
706 1223 845 1286 Catilina
858 1225 967 1287 l'atore
980 1225 1103 1306 Catuli,
1117 1243 1149 1290 et

91 1323 155 1408 quia
169 1323 321 1389 Terentia
337 1325 525 1405 Ciceronis,
548 1346 642 1387 soror
663 1339 732 1387 erat
754 1323 876 1406 Fabiae,
893 1324 1061 1390 absolutus
1078 1345 1147 1392 est:

91 1439 118 1485 at
130 1425 240 1490 consul
262 1427 324 1490 Cn.
342 1425 520 1506 Lentulus,
536 1424 758 1513 perincertum
774 1422 940 1505 stolidior,
957 1447 998 1488 an
1017 1427 1146 1508 vanior,

91 1522 181 1613 legem
200 1525 241 1590 de
258 1527 416 1614 pecunia,
434 1548 533 1613 quam
548 1524 636 1589 Sulla
652 1524 856 1612 emptoribus
875 1524 1059 1608 remiserat,
1079 1527 1147 1590 exi-

91 1625 181 1710 genda
195 1627 425 1717 promulgavit.
443 1626 589 1690 Verbum
610 1647 744 1714 quoque
760 1624 795 1688 in
811 1639 927 1688 senatu
946 1626 1006 1688 Cn.
1029 1629 1150 1693 Lentu·

90 1724 191 1807 lus,L.
206 1727 332 1792 Gellius
343 1728 494 1792 consules
506 1727 672 1808 lecerunt,
685 1727 812 1815 placere
826 1725 941 1805 statuI,
955 1726 983 1788 si
997 1727 1146 1792 Patribus

91 1829 263 1916 conscriptis
275 1827 459 1909 videretur,
475 1851 518 1891 ne
531 1828 680 1891 absentes
693 1827 844 1890 homines
863 1826 896 1887 in
912 1825 1086 1912 provinciis
1099 1829 1145 1894 rei

91 1925 199 1990 fierent.
215 1927 256 1992 Id
276 1927 403 1991 Sthenii
415 1927 617 1991 Thermitani
635 1949 733 1990 causa
752 1926 894 2006 lactum,
910 1923 951 1988 de
966 1949 1033 2014 quo
1046 1949 1145 2016 supra

91 2027 295 2090 meminimus.
318 2026 382 2091 Sed
397 2025 596 2114 impediente
612 2029 713 2089 Verre
729 2041 842 2114 patre,
864 2027 1032 2114 negotium
1048 2030 1147 2094 omis·

92 2145 151 2188 sum
168 2142 224 2191 est.

124 2227 287 2293 XXXVII.
311 2228 437 2293 Eodem
459 2250 566 2310 anno,
584 2250 688 2314 quum
706 2243 863 2316 perpetua
878 2250 1069 2318 magnarum
1085 2253 1142 2294 ur·

91 2325 167 2392 bium
181 2329 302 2416 pestis,
317 2330 429 2418 ignota
445 2346 479 2394 et
495 2327 650 2419 flagitiosa
665 2329 837 2411 colluvies,
854 2331 992 2394 Romam
1006 2331 1145 2398 inunda-

91 2444 145 2509 ret,
162 2431 369 2496 tribunorum
384 2430 488 2520 plebis
503 2430 676 2521 collegium
696 2429 815 2513 edixit,
832 2453 900 2495 nou
916 2432 1012 2499 licere
1026 2456 1143 2521 quem·

92 2551 173 2615 quam
191 2535 304 2597 Rornae
320 2556 406 2615 esse,
423 2535 481 2622 qui
500 2533 547 2597 rei
566 2533 710 2621 capitalis
727 2532 963 2598 condemnatus
984 2550 1078 2600 esset.
1093 2536 1144 2600 De

92 2630 242 2697 tribunitia
252 2656 388 2721 quoque
400 2633 600 2698 restituenda
611 2648 772 2722 potestate
786 2634 903 2699 acriter
915 2650 1023 2699 actum
1036 2659 1044 2699 :
1061 2659 1144 2701 eam·

93 2750 145 2815 quc
157 2755 223 2798 rem
238 2734 286 2799 Μ.
303 2734 424 2798 Lollius
439 2733 625 2811 Palicanus,
643 2734 761 2797 humili
779 2735 852 2799 loco
870 2735 1003 2816 Picens,
1021 2737 1143 2823 loquax

92 2834 194 2921 magis,
213 2858 314 2923 quam
335 2835 513 2918 facundus,
540 2836 597 2901 sed
617 2835 846 2925 imperitorum
868 2836 1002 2901 auribus
1026 2854 1139 2925 aptus,

92 2935 199 3021 uaguIs
210 2935 426 3017 clamoribus,
441 2953 475 3001 et
486 2937 527 3001 ad
541 2952 721 3002 extremum
734 2936 898 3017 felicibus,
913 2938 1013 3018 ursit,
1027 2952 1066 3001 ut
1079 2960 1140 3003 suo

91 3030 150 3096 loco
163 3037 424 3103 memorabimus.

125 3134 305 3203 XXXVIII.
316 3140 463 3226 Sequens
471 3162 577 3203 annus
585 3142 647 3203 Cn.
658 3136 826 3203 Aufidium
836 3138 1002 3219 Orestem,
1014 3138 1050 3202 P.
1064 3140 1143 3203 Cor·

92 3234 195 3301 aelium
217 3239 395 3303 Lentulum
425 3240 574 3303 consules
602 3240 690 3304 vidit.
716 3240 855 3303 Lentulo
883 3247 1139 3328 cognomentum

91 3331 193 3403 Surae
207 3363 303 3405 musa
318 3340 454 3404 minime
466 3342 603 3405 honesta
617 3354 809 3422 accesserat,
824 3338 899 3427 quia
910 3338 1043 3403 sullanis
1056 3357 1140 3407 tenr-

91 3437 205 3518 poribus
220 3456 362 3529 qrroestor
373 3462 522 3530 magnam
534 3442 680 3529 pecuniae
691 3440 829 3530 publicas
843 3462 1005 3505 summam
1019 3442 1140 3530 prode-

91 3555 182 3621 gerat3
207 3544 391 3631 postulante
416 3541 534 3608 deinde
560 3543 700 3607 rationes
725 3543 831 3624 Sulla,
859 3542 1012 3631 perfricta
1031 3544 1141 3608 fronte

92 3633 211 3726 dixerat,
226 3665 278 3709 eas
294 3666 410 3709 senon
426 3666 521 3733 posse
538 3643 695 3727 reddere,
711 3643 770 3708 sed
783 3646 926 3733 praebere
937 3666 1061 3728 suram,
1075 3668 1140 3732 qua

117 3823 243 3887 §xm
258 3832 324 3880 lior.
335 3835 386 3891 111,
404 3834 430 3880 6.
443 3860 480 3870 -
489 3832 568 3883 ’Μαι
586 3832 614 3880 lu
626 3832 721 3883 Catone
733 3832 793 3882 mio.
809 3850 864 3898 cap.
878 3835 922 3883 ati.
936 3860 972 3871 -
985 3832 1001 3899 s
1017 3834 1139 3890 XXXVI,

92 3906 172 3961 bilant.
181 3915 244 3964 llist.
255 3917 301 3975 tv,
314 3932 343 3974 r,
358 3927 384 3964 et
396 3916 496 3965 catilin.
506 3912 611 3981 eap.15.
628 3943 664 3955 -
682 3918 848 3975 oros.v1,s.
864 3944 900 3954 -
917 3916 988 3965 Plan
997 3941 1033 3952 -
1046 3916 1140 3963 Ascon-

93 3989 112 4033 5¹¹
126 3994 213 4046 Catillo.
227 4002 279 4058 111,
296 4012 321 4049 et
333 4002 404 4049 Vera.
416 4004 453 4058 II,
474 4002 516 4062 39.
536 4028 570 4037 -
593 3998 763 4065 sumt.
778 4000 878 4049 Sallust.
890 4002 984 4048 Incert.
997 4013 1022 4059 9.
1035 4024 1070 4034 —
1088 3998 1141 4070 Clo·

93 4068 112 4115 1.
127 4074 209 4139 omo,
227 4099 281 4148 ap.
294 4086 337 4130 os.
355 4112 390 4121 -
408 4084 501 4131 Ama.
522 4082 549 4130 tn
567 4083 675 4133 meme
692 4085 713 4131 1.
733 4108 765 4119 .-
785 4080 802 4147 ς
820 4083 968 4130 xxxvtn.
988 4082 1021 4129 υ.
1033 4080 1061 4129 c.
1075 4080 1141 4149 aar,

95 4155 147 4203 &C-
159 4177 196 4221 7¹.
209 4192 242 4200 -
255 4166 319 4214 Plut.
335 4166 361 4215 iu
377 4167 430 4216 Cic.
447 4182 503 4231 esp.
520 4182 564 4215 aa.
577 4194 613 4205 —-
629 4166 682 4215 biv.
695 4166 761 4229 Epir.
