2875 4900
196 408 215 474 J
221 410 265 475 O.
287 406 481 477 FREINS.
502 409 639 477 SUPP.
659 410 713 477 IN
738 408 850 476 Luc.
872 410 965 476 LIB.
987 412 1048 477 CI.
1100 409 1170 506 395

107 526 243 609 sinebat,
259 544 315 593 eut
331 544 462 611 noctes,
477 529 569 618 quod
583 528 617 591 in
631 529 711 593 locis
725 527 846 617 ignotis
861 530 1071 593 temerarium
1081 530 1172 594 tide·

106 626 195 693 batur
209 628 296 693 inter
309 630 459 694 tenebras
476 628 662 719 confligere.
676 627 741 693 Sed
754 629 813 693 ubi
823 644 960 693 ventum
973 627 1017 694 ad
1024 630 1173 717 Euphra·

106 744 165 793 tem
179 746 243 813 est,
259 754 357 819 quem
371 732 398 795 si
413 732 633 797 transmittere
646 729 850 797 Mithridates
862 748 1069 819 occupasset,
1086 732 1170 795 effu·

106 848 206 917 gerat3
230 829 301 895 bon
329 832 454 898 diutius
479 831 702 899 cunctandum
727 848 817 896 ratus
843 834 1042 920 imperator,
1066 834 1111 898 ita
1134 856 1170 897 se

89 932 341 1021 exercitumque
363 936 502 1023 paravit,
520 951 558 999 ut
572 935 721 1023 proxima
739 951 837 998 noete
854 934 1034 999 dimicaret.
1051 938 1169 999 Arme-

106 1032 152 1095 nia
172 1034 281 1098 minor
306 1052 394 1117 erat,
416 1059 475 1124 per
497 1058 595 1123 quem
620 1035 729 1099 ibatur
751 1058 760 1099 t
780 1058 888 1122 neque
908 1036 1006 1123 longe
1029 1034 1169 1099 distabat

105 1136 216 1217 amnis,
235 1137 394 1200 terminus
411 1136 513 1216 hujus
531 1153 564 1201 et
587 1137 719 1200 alterius
736 1137 915 1217 Armenius,
937 1138 990 1201 cui
1011 1137 1167 1226 Tignanes

104 1232 284 1321 imperabat.

142 1336 181 1401 11.
195 1322 300 1427 [mitur
310 1340 551 1427 quiescentibus
566 1340 629 1405 sub
640 1338 811 1403 meridiem
822 1338 985 1420 barbaris,
999 1341 1167 1404 Romanus

103 1435 220 1504 silentio
237 1441 349 1505 cestris
371 1463 518 1530 egressus
541 1440 714 1505 antevertit
735 1440 883 1520 bostem,
902 1456 935 1503 et
953 1439 988 1503 iu
1014 1440 1083 1523 ria,
1102 1462 1167 1527 qua

103 1541 330 1605 transeundum
354 1544 450 1633 regiis
473 1559 560 1625 erat,
589 1544 700 1606 locum
724 1540 896 1607 editiorem
920 1543 1105 1630 occupavit,
1128 1558 1167 1605 ut

105 1639 205 1717 majori
221 1642 348 1731 impetu
362 1644 396 1707 in
411 1643 574 1723 subjectos
587 1642 786 1707 decurreret.
798 1642 904 1705 Nocte
919 1659 1020 1731 coepte
1033 1643 1165 1707 Barbari

103 1743 252 1828 exprimi
273 1746 427 1809 instituto
453 1762 626 1834 capessunt
646 1747 729 1827 iter;
753 1744 837 1808 adeo
855 1745 923 1825 jam
945 1746 1043 1809 soluti
1066 1769 1163 1827 cura,

104 1840 183 1924 quud
202 1844 243 1907 ad
258 1846 330 1910 loca
350 1862 420 1910 tuta
438 1864 631 1935 perventum
648 1846 841 1927 eredebant,
857 1862 896 1909 ut
915 1846 996 1909 nulli
1017 1848 1163 1933 specula-

102 1954 177 2005 tores
194 1946 416 2033 precederent
429 1970 556 2037 agmen.
571 1948 698 2012 Idcirco
717 1948 808 2035 prius
821 1946 999 2026 subjectam
1013 1947 1163 2035 Pompeii

103 2046 200 2108 castris
221 2048 337 2111 vallem
363 2049 520 2137 ingressi,
535 2072 635 2137 quarn
657 2050 788 2113 bostem
806 2048 917 2113 adesse
932 2062 1104 2135 putarent,
1120 2048 1161 2112 ad

102 2144 229 2212 subitam
245 2148 490 2215 dimicationem
508 2167 587 2215 sunt
602 2152 717 2215 coacti.
737 2151 878 2241 Magnus
895 2165 928 2214 et
943 2148 1114 2237 multiplex
1134 2151 1161 2213 is

103 2256 194 2311 terror
211 2250 292 2332 fuit,
314 2268 347 2314 et
362 2268 435 2315 astu
452 2252 600 2339 Pompeii
619 2251 660 2316 de
680 2252 840 2317 industria
855 2269 971 2315 aucttrs
990 2273 998 2315 ε
1016 2251 1160 2338 primum

102 2346 177 2411 euim
198 2373 313 2416 omnes
330 2352 427 2415 simul
448 2353 609 2416 tubicines
634 2353 804 2417 classicum
821 2374 936 2415 canem
956 2352 1058 2433 jussi,
1081 2374 1159 2416 eum

102 2446 271 2542 clangorem
295 2456 437 2519 militnm
460 2455 664 2542 lixarumque
684 2456 860 2519 acerrimus
877 2455 999 2518 clamor
1017 2455 1158 2542 excepit,

101 2546 318 2644 hastarumque
335 2557 462 2619 sonitus
477 2555 517 2620 ad
531 2556 663 2644 clypeos
676 2555 855 2636 allisamm,
868 2571 901 2618 et
914 2578 1014 2642 quem
1026 2556 1158 2619 inermis

102 2651 198 2738 turba,
215 2657 298 2720 suxis
314 2679 396 2722 aerea
413 2677 487 2720 vasa
504 2657 656 2743 pulsans,
671 2655 761 2721 haud
777 2657 888 2720 minus
904 2657 1082 2722 terribilem
1097 2680 1157 2722 au*
1197 2665 1201 2670 '

101 2747 179 2816 ribus
198 2756 303 2821 ciebat
322 2779 330 2820 :
351 2779 455 2844 eaque
473 2757 583 2820 omnia
602 2757 767 2824 montium
782 2780 976 2846 repercussu
998 2759 1033 2822 iu
1053 2759 1157 2837 majus

101 2855 297 2940 iugebuntur.

137 2954 190 3022 111.
206 2959 277 3024 Hoc
291 2960 465 3048 repentino
480 2960 626 3024 tumultu
639 2959 881 3048 propemodum
899 2958 1076 3023 debellatos
1093 2958 1156 3023 ho·

101 3067 153 3118 stes
167 3062 253 3125 omni
272 3085 313 3126 ex
328 3078 418 3150 parte
432 3064 602 3126 Romanus
616 3062 748 3143 invasit,
764 3059 889 3148 lapides
908 3059 1104 3149 sagittasque
1122 3077 1156 3126 et

100 3153 167 3238 Pila,
182 3165 327 3248 quarm
349 3187 408 3252 per
426 3162 541 3228 densas
560 3162 728 3243 tenebras,
752 3161 841 3226 baud
860 3161 951 3226 vanis
975 3160 1096 3225 ictibus
1117 3177 1156 3226 ut

99 3251 126 3316 in
143 3271 257 3326 tantam
274 3263 522 3328 multitudinem
535 3263 705 3343 jaculatus.
728 3263 860 3328 Barbari
875 3263 977 3352 longo
1001 3279 1034 3326 et
1054 3264 1155 3328 mixto

98 3360 225 3446 agmine,
240 3364 332 3453 quod
344 3364 386 3432 ad
401 3367 479 3447 iter,
495 3388 563 3428 nou
577 3364 618 3428 ad
635 3365 801 3452 prelium,
818 3380 910 3428 erant
927 3363 1064 3453 egressi,
1079 3387 1153 3428 ntu-

99 3467 147 3520 ῑῑιο
160 3483 192 3526 se
205 3465 445 3554 impediebant,
460 3467 546 3530 inter
558 3467 724 3556 angustias
739 3467 889 3531 locorum
905 3467 997 3553 equis
1010 3466 1155 3532 umetis

98 3576 152 3640 (με
164 3568 379 3650 ettebieulis,
396 3591 468 3656 quae
484 3567 638 3632 mulieres
649 3568 840 3654 portabant,
856 3584 998 3632 armatos
1014 3568 1152 3632 turbun-

98 3655 181 3726 fibus.
200 3668 407 3756 Consumptis
429 3667 546 3734 deinde
569 3669 763 3750 missilibus,
788 3670 938 3734 corninus
958 3692 1152 3758 congressus

99 3759 176 3826 miles
192 3768 334 3834 credebat
353 3772 494 3859 primoS,
517 3771 669 3834 turbabat
689 3788 882 3859 sequentes3
909 3786 940 3833 et
963 3771 1029 3832 cito
1053 3770 1151 3833 fiebat

98 3855 171 3926 ferro
182 3868 249 3950 via,
266 3871 356 3958 quod
372 3873 512 3938 inermes
532 3873 678 3962 plerique
699 3875 911 3938 Ponticorum
931 3895 999 3935 uno
1015 3873 1150 3935 vulnere

127 4073 170 4135 §1-
180 4081 209 4128 υ.
219 4083 247 4132 c.
257 4086 319 4144 esu
332 4089 364 4135 A.
374 4087 402 4135 e.
413 4089 456 4136 es.
476 4114 509 4124 -
528 4090 590 4146 mo,
611 4087 654 4135 us.
675 4089 797 4136 xxxvi.
811 4115 846 4124 -
861 4087 971 4152 sppuu
989 4108 1025 4121 -
1040 4087 1105 4133 unt.
1124 4086 1149 4138 tn

99 4151 171 4228 Pomp,
183 4179 203 4211 θ·
216 4166 257 4214 5²·
271 4197 305 4206 -
316 4169 332 4234 S
345 4173 378 4220 lt.
392 4173 494 4241 Eutrop.
504 4199 539 4208 -
551 4172 654 4220 Ptolem.
666 4173 699 4230 V,
712 4175 753 4219 13.
768 4198 803 4208 -·
815 4172 874 4219 Dio.
884 4198 918 4210 -
928 4175 1012 4220 Frout.
1022 4172 1063 4230 11,
1072 4187 1098 4226 a.
