2875 4900
285 360 336 429 ΙΝ
363 359 687 430 Loc.1.11t.xc
714 362 929 432 LIVIANI.
1072 362 1143 435 215

100 478 230 543 notificas
245 501 303 567 per
319 479 450 544 ordines
467 479 645 545 noeumane
658 497 757 579 sunt,
772 483 979 572 incipientem
994 502 1143 549 senatum

99 602 203 667 eques,
218 582 361 669 equitem
373 580 464 670 plebs
476 582 665 669 excipiebat.
681 582 746 647 Sed
762 606 828 648 non
844 582 930 649 idem
941 585 1093 651 omnibus
1107 588 1144 649 in

100 681 159 765 pari
174 680 394 746 testificatione
405 682 579 748 voluntatis
592 684 719 747 animus
733 700 800 749 erat
811 708 819 750 :
830 708 903 775 pars
918 710 993 751 vere
1007 686 1142 751 dellebat

98 781 264 864 amissum
282 783 390 846 (aeteri
414 783 621 847 Sullanorum
642 800 813 872 presentes
836 785 961 873 copias,
975 788 1016 849 'et
1035 788 1144 873 ipsum

99 880 209 969 adbuc,
223 904 410 970 quanquam
426 884 490 947 rita
506 883 642 965 orbum,
662 884 859 949 metuebant.
874 885 939 949 Pro
949 886 1071 949 Rostris
1089 908 1142 949 ca-

99 980 203 1045 davere
216 983 340 1071 posito,
355 982 502 1048 laudatus
515 1000 564 1047 est
575 983 616 1047 ab
626 984 736 1071 aliquo
751 984 962 1066 disertorum,
978 986 1053 1075 quia
1061 986 1143 1049 libu-

98 1097 158 1145 stus
179 1082 265 1147 filins
287 1083 435 1149 nondum
456 1100 589 1149 maturae
608 1083 709 1148 aetatis
725 1100 803 1149 erat.
818 1086 855 1151 b.
864 1085 1051 1174 Philippum
1067 1084 1143 1149 buic

98 1180 197 1248 cilicio
219 1183 382 1249 delecmm
407 1182 619 1265 crediderim,
646 1184 703 1273 qui
732 1199 801 1248 tum
823 1200 915 1249 {etate
936 1202 970 1249 et
993 1184 1142 1249 facundia

98 1296 219 1347 oeteros
239 1284 400 1364 anteibat,
422 1283 540 1351 deinde
561 1285 708 1351 sublatus
731 1300 913 1351 senatorum
935 1285 1078 1350 humeris
1096 1285 1141 1350 le·

42 1431 43 1466 .
97 1398 160 1447 etus
174 1386 207 1449 in
224 1408 378 1473 campum
390 1386 545 1451 Martium
559 1386 749 1475 deportatus
764 1401 831 1467 est,
847 1386 904 1449 ubi
917 1386 1143 1451 tantummodo

98 1506 202 1572 regum
219 1503 314 1551 erant
327 1502 549 1553 monumenta.

135 1586 221 1651 llll.
243 1587 315 1652 Sub
334 1609 454 1651 nonam
476 1586 541 1652 diei
563 1587 677 1652 boram
695 1588 731 1651 in
754 1608 903 1675 campum
922 1603 970 1651 est
986 1602 1147 1670 ventum5,

98 1686 165 1770 quia
185 1688 306 1753 ncbstla
327 1687 502 1769 matutina,
524 1710 566 1753 ne
591 1688 727 1752 celerius
750 1686 892 1769 exirent,
912 1688 1029 1777 pluries
1053 1704 1146 1753 metu

96 1802 252 1852 curatores
265 1787 390 1854 funeris
404 1784 591 1854 tardaverat.
601 1790 687 1854 Turn
705 1789 875 1879 impositus
891 1812 972 1877 rogo
986 1804 1050 1870 est,
1065 1812 1145 1853 curn

97 1885 208 1975 ingenti
222 1889 254 1952 ri
271 1888 431 1971 odorum,
447 1912 531 1977 quos
544 1888 627 1954 adeo
644 1890 765 1955 liberali
781 1912 881 1954 manu
894 1905 1047 1954 matrones
1061 1913 1141 1955 con·

99 1988 244 2070 ule-am,
267 2004 309 2053 ut
332 2004 447 2077 preter
466 1989 607 2054 ducenta
628 1990 741 2055 decem
765 1990 903 2071 fercula,
926 1990 1020 2054 Sullae
1042 1990 1148 2078 ipsius·

96 2086 296 2153 simulacrum
302 2090 388 2171 justa
394 2090 632 2178 magnitudine,
642 2092 803 2180 simulque
813 2090 934 2155 lictoris
944 2091 1055 2181 imago
1062 2090 1141 2155 fictoe

42 2247 43 2274 3
97 2186 207 2253 luerint
222 2212 263 2255 cx
276 2191 404 2278 optimo
422 2206 494 2255 ture
506 2206 541 2254 et
554 2190 771 2255 cinnamomo.
789 2192 865 2255 Hanc
879 2191 988 2254 omnia
1006 2189 1142 2255 llammis

42 2285 43 2294 ’
96 2306 300 2379 consumpta:
314 2312 388 2354 nam
399 2291 533 2355 cremari
544 2291 698 2379 primnse
708 2290 849 2379 patriciis
862 2289 1020 2354 Corneliis
1031 2290 1143 2354 voluc-

97 2402 153 2469 rat,
169 2412 272 2478 quum
288 2389 356 2469 ejus
372 2391 476 2480 gentis
489 2391 611 2456 mortui
627 2412 771 2479 semper,
787 2391 913 2456 intactis
931 2392 1006 2481 igne
1021 2414 1138 2480 corpo-

96 2487 193 2570 ribus,
208 2506 294 2555 terra
311 2508 510 2581 tegerentur.
521 2492 559 2556 ld
575 2515 618 2556 eo
628 2493 749 2556 iactum
764 2507 895 2580 putant,
911 2493 986 2580 quia
999 2494 1035 2558 C.
1046 2494 1147 2557 Marii.

42 2600 43 2605 ’
97 2588 233 2676 reliquias
259 2590 304 2655 ad
323 2591 482 2656 Anienem
504 2593 596 2674 sitas,
619 2609 753 2657 mortuo
778 2615 909 2680 quoque
933 2593 1146 2682 implacabilis·

97 2685 204 2772 bostis,
213 2693 320 2781 spargi
331 2693 364 2755 in
378 2691 496 2756 llnmen
506 2693 660 2775 jusserat3
672 2709 722 2776 et,
738 2715 779 2758 ne
789 2693 850 2757 sibi
863 2694 1035 2776 accideret,
1049 2695 1146 2782 quod

97 2787 124 2849 in
138 2791 272 2856 alterum
289 2794 465 2874 statuisset,
482 2794 656 2858 metuebat.

134 2890 187 2954 lX.
203 2892 356 2956 Mortuus
366 2893 431 2974 jam
448 2894 588 2974 Marius,
602 2909 751 2958 mortuus
763 2893 864 2975 Sulla,
881 2894 1022 2958 civilium
1039 2893 1141 2957 belln-

98 3009 159 3052 rum
173 2991 337 3056 senissimi
352 2991 469 3075 duces,
487 3009 598 3076 erant3
616 2991 673 3057 sed
689 2994 840 3058 vivebant
854 2993 960 3058 adhuc
973 2993 1146 3057 inanimis

98 3094 296 3177 superstitum
307 3093 491 3174 discordias,
505 3109 537 3158 et
546 3095 636 3158 velut
646 3094 688 3158 ab
699 3094 771 3181 ipso
785 3093 882 3173 hujus
895 3113 1145 3180 rogoaocensse,

99 3187 171 3254 inter
181 3193 355 3258 redeuntes
370 3195 413 3258 eb
424 3193 582 3282 exsequiis
597 3195 746 3259 consides
761 3193 866 3259 statim
882 3192 1003 3257 acerbis
1021 3215 1140 3257 sermo-

99 3289 183 3358 nibus
197 3311 396 3359 cxarscrnnt.
410 3294 606 3360 seditiosum
622 3294 738 3384 Lepidi
750 3294 917 3382 ingenium
932 3311 1038 3359 metus
1051 3294 1139 3374 judi·

99 3388 209 3457 domm
224 3396 425 3478 stimulabat,
442 3412 546 3460 utres
560 3396 700 3477 turbari,
713 3395 804 3460 valde
817 3419 874 3460 sua
889 3397 1042 3462 intenessc
1049 3395 1137 3476 indi·

98 3509 172 3556 oeret
190 3517 199 3558 t
218 3517 294 3559 nam
315 3496 361 3560 ob
387 3498 593 3584 exspoliatam
616 3481 806 3580 Siciliam,a
830 3496 960 3562 duobus
984 3497 1136 3579 Metellis,

99 3591 195 3657 Celere
217 3611 251 3659 et
274 3595 420 3683 Nepote,
445 3597 569 3686 legibus
593 3598 830 3687 interrogatus,
856 3599 1001 3686 quamvis
1025 3598 1069 3662 illi
1093 3599 1136 3662 ob

100 3693 215 3774 gratiam
229 3695 303 3778 ejus
316 3695 403 3785 apud
421 3699 580 3786 populum
596 3697 672 3762 victi
684 3697 890 3781 destiterant,
904 3699 1072 3764 absolutus
1089 3715 1136 3762 ta·

101 3809 163 3854 men
179 3817 243 3860 non
259 3814 346 3877 etat,
364 3813 414 3880 et,
432 3821 474 3862 ne
494 3797 669 3886 aliquando
685 3814 889 3865 revocaretur
907 3800 941 3862 in
960 3797 1137 3879 judicium,

127 3999 143 4064 3
153 4003 204 4054 Vll.
215 4007 335 4058 Plutarch.
344 4035 379 4045 -
388 4007 486 4059 Sallust.
496 4010 560 4060 llist.
568 4010 594 4069 l,
608 4025 647 4058 tr.
655 4010 842 4076 -Appisn-
851 4007 868 4074 S
878 4009 945 4056 vsu.
957 4009 1008 4056 (ic.
1022 4005 1052 4054 de
1066 4007 1139 4070 lagg.

101 4080 137 4141 Π.
152 4101 189 4136 ²2.
201 4115 233 4128 ·-
244 4091 372 4150 Plinvll,
385 4092 428 4147 54.
539 4091 547 4102 ’
