2875 4900
313 370 366 441 tn
398 370 740 446 LOC.L113.CIX
771 376 987 447 mvmur.
1109 335 1214 477 659¹

118 516 216 583 quum
232 508 441 582 perrogatum
459 508 560 573 esset,
578 495 666 559 exire
684 498 849 579 tribunos,
867 499 995 586 sibique
1010 502 1183 567 consulere

114 597 262 677 juberet,
280 616 323 657 ne
337 594 435 683 longe
450 594 491 657 ab
508 593 559 657 bis
575 613 781 661 secromnctu
792 614 934 685 potestas
951 616 1055 681 esset,
1071 622 1183 666 moun

117 688 200 786 gens'
212 695 397 775 Antonius,
413 717 532 783 magno
549 696 690 761 clamore
708 698 775 761 vim
794 698 965 783 incusans,
988 702 1133 790 ipsisque
1150 721 1183 769 et

118 796 254 876 cesari,
271 812 305 861 et
314 796 381 875 juri
395 795 564 861 tribunitio
577 798 713 879 iIIetem,
726 798 770 863 ed
784 816 985 887 postremum
998 805 1091 889 quasi
1104 806 1184 870 fori·

118 897 252 962 bundus
275 896 444 984 imprecari
469 895 571 979 diras,
592 899 776 981 vaticinam,
796 899 896 983 bella,
917 901 1038 979 cedes,
1056 906 1183 987 exsiIia,

118 998 371 1088 proscriptiones
388 997 580 1063 denuntiare
594 1022 710 1081 ausus,
729 1024 770 1065 ex
786 1003 875 1065 curia
891 1003 1046 1092 profugit.

163 1100 301 1165 XXXV.
317 1100 500 1165 Exeuntem
524 1100 646 1189 collega
667 1101 815 1183 Cassius,
832 1103 1026 1189 Marcusque
1045 1106 1185 1191 Coelius,

119 1220 152 1267 et
167 1204 204 1267 C.
219 1202 318 1267 Curio
334 1202 484 1288 sequuti,
501 1202 653 1266 ultimum
674 1200 849 1267 discrimen
870 1204 960 1269 haud
974 1208 1078 1272 multo
1091 1225 1184 1275 ante·
1264 1204 1268 1226 '

118 1318 297 1369 verterunt.
312 1305 382 1369 Iam
398 1302 486 1367 enim
502 1304 617 1368 ermnti
630 1326 648 1367 e
661 1304 866 1390 Pompmnnis
879 1308 1096 1390 ventitabant,
1111 1312 1182 1374 cin·

119 1406 205 1469 cturi
222 1406 355 1471 curiam.
374 1407 414 1469 At
428 1405 472 1469 illi
488 1406 633 1493 proxima
650 1421 768 1486 nocte,
784 1405 889 1470 servili
904 1408 1019 1473 habitu
1034 1428 1183 1500 sumpto,

119 1508 285 1573 meritoria
301 1506 403 1572 rheda
418 1505 460 1572 ad
478 1508 636 1571 cesarem
654 1508 877 1595 perlegerunt.
895 1509 1022 1575 Exactis
1038 1515 1186 1578 excoria

120 1608 280 1689 tribunis,
303 1608 471 1672 sententie
487 1606 659 1689 dicuntur,
677 1628 717 1671 ne
733 1607 785 1671 illi
801 1623 899 1696 atque
914 1632 1024 1675 eorum
1039 1614 1185 1680 racemos

113 1732 179 1798 pro
197 1710 390 1775 senatoribus
405 1710 584 1773 habeantur
602 1733 614 1772 .·
633 1708 675 1773 nd
694 1708 777 1773 illud
795 1723 978 1773 extremum
991 1726 1091 1799 atque
1105 1715 1183 1780 ulti-

120 1834 215 1877 mum
230 1811 564 1893 senatusconsultum,
582 1832 649 1897 quo
663 1809 726 1873 nisi
742 1811 778 1873 in
795 1831 927 1873 summo
938 1812 1086 1875 omniurn
1100 1817 1186 1901 pefi-

118 1914 197 1977 equ
214 1911 406 1979 descensum
427 1934 495 1975 non
512 1914 634 1992 iuerat,
652 1910 853 1992 decurritur,
867 1910 945 1975 dent
962 1934 1090 2000 operam
1108 1936 1185 1979 con·

119 2014 216 2093 sales,
235 2024 404 2102 praetores,
426 2013 545 2077 ιη’ὂιυιί
559 2012 661 2100 plebis
667 2060 677 2091 ‚
702 2013 761 2100 qui
771 2034 834 2098 pro
855 2011 1033 2076 consulibus
1054 2015 1117 2078 sint
1140 2017 1189 2079 ad

123 2117 259 2195 Urbem,
279 2138 318 2179 ue
333 2114 414 2203 quid
426 2112 598 2202 respublica
616 2113 795 2176 danbrum
803 2116 920 2200 captet.

166 2218 321 2281 XXXVI.
338 2217 416 2280 Post
436 2236 556 2301 paucos
574 2214 642 2277 dies
665 2230 780 2277 senatu
804 2228 891 2277 extro
914 2213 1036 2277 Urbem
1057 2213 1185 2297 habito,

120 2320 171 2383 uti
188 2318 364 2406 Pompeius
378 2318 563 2390 interesset,
577 2314 756 2378 tumultum
773 2336 843 2377 esse
858 2313 1080 2379 decreverunt.
1092 2316 1189 2381 Pom·

120 2418 233 2510 peiurn
258 2419 402 2484 delectus
422 2417 540 2482 habere
561 2430 627 2480 tota
645 2415 735 2479 Italia
753 2414 939 2496 jusserunt,
956 2430 1185 2484 veteranorum

119 2524 301 2611 precipue,
318 2520 424 2584 donec
437 2541 477 2583 ex
489 2541 529 2582 eo
542 2539 659 2606 genere
670 2531 802 2581 centum
813 2517 944 2607 triginta
960 2518 1100 2583 militum
1116 2521 1188 2584 mii·

119 2624 164 2686 lia
179 2621 437 2701 conficerentur3
457 2618 514 2683 sed
536 2635 624 2682 eres
638 2618 751 2681 viciois
768 2618 971 2697 nationibus,
988 2620 1036 2681 uti
1048 2643 1187 2709 queque

119 2723 242 2788 virtute
254 2735 434 2809 prestaret,
448 2717 596 2784 mercede
606 2718 809 2783 conducere:
823 2718 858 2780 in
870 2741 927 2782 eos
944 2741 1023 2782 usus
1034 2723 1187 2806 pecunius

120 2847 163 2888 ex
178 2822 291 2888 aerario
307 2843 445 2886 sumere.
462 2819 588 2908 Magnoe
607 2836 714 2883 tamen
733 2842 869 2883 summm
885 2843 905 2882 e
920 2820 1050 2908 privatis
1067 2823 1186 2888 offere·

120 2928 263 3004 bantur3
280 2939 312 2988 et
327 2945 385 3010 per
396 2919 518 3009 oppida
533 2921 637 3001 missi,
655 2919 712 3007 qui
726 2921 915 2984 festinanter
930 2935 963 2983 et
975 2922 1090 2986 acerbe
1105 2946 1187 2987 con·

121 3027 302 3114 quirerent.
315 3023 493 3088 Provinciae
504 3043 637 3109 quoque
646 3021 778 3108 privatis
791 3020 874 3084 dntoe
884 3044 893 3100 ς
905 3019 979 3083 duoe
988 3024 1187 3105 consulares,

121 3127 256 3214 relique
272 3124 437 3214 praetoriae.
452 3123 596 3210 Scipioni
613 3122 704 3209 Syria
714 3121 868 3202 obvenit,
885 3121 922 3186 L.
932 3123 1076 3187 Domitio
1085 3125 1188 3189 Gallie

121 3227 280 3306 ulterior3
304 3247 378 3288 nam
402 3223 531 3288 citerior
546 3223 694 3310 praetoria
717 3221 874 3286 Considio
890 3223 1044 3287 Noniano
1060 3226 1188 3316 obtige-

122 3343 195 3392 rat:
212 3327 246 3389 in
261 3325 399 3413 reliquas
414 3323 556 3413 praetorii
570 3324 766 3403 mittuntur,
784 3345 888 3410 quum
903 3325 1066 3411 nequead
1081 3323 1188 3418 popu·

121 3433 194 3496 Iurn
206 3450 245 3492 ex
259 3449 350 3490 more
362 3427 462 3490 latum
474 3424 515 3490 de
525 3425 662 3512 imperio
671 3425 802 3488 illorum
814 3438 914 3504 esset,
928 3447 1034 3512 neque
1047 3429 1197 3514 paludati

121 3529 208 3594 votis
224 3527 419 3615 nuncupatis
435 3526 569 3590 exirent.

170 3631 339 3696 XXXVII.
354 3628 416 3693 Sed
435 3628 609 3716 Pompeius
627 3625 669 3690 ad
686 3627 797 3690 omniu
812 3629 888 3690 satis
904 3651 939 3692 se
953 3631 1046 3718 spatii
1063 3633 1193 3706 habitu.

161 3877 177 3943 s
191 3877 315 3926 XXXIV.
330 3877 390 3925 Ger.
405 3901 439 3912 -
454 3875 561 3941 Αρρίιη.
576 3901 610 3910 -
624 3875 681 3920 Dio.
692 3900 727 3909 —
739 3871 755 3937 5
768 3873 878 3923 XXXV.
892 3875 1014 3925 Plutarch.
1024 3880 1051 3928 in
1062 3881 1156 3932 Anton.
1168 3898 1192 3934 et

123 3965 189 4012 cm.
203 3989 238 3998 -
252 3961 360 4027 Appien.
373 3987 408 3998 -
427 3961 485 4008 nto.
502 3983 536 3996 -
554 3959 683 4012 OronVI,
699 3957 739 4006 15.
750 3983 785 3994 -
797 3957 849 4006 Cic.
863 3957 894 4005 nd
909 3961 991 4009 Finit.
1007 3965 1084 4022 XVI,
1104 3981 1143 4015 rr.
1157 3999 1192 4006 -

123 4047 141 4112 S
161 4047 283 4094 XXXVI.
305 4045 427 4094 Plntnrcb.
448 4045 474 4091 in
495 4044 580 4106 Pomp.
604 4051 628 4087 rt
649 4041 709 4088 Cet.
730 4066 765 4075 —
786 4043 896 4104 Appiam
912 4067 946 4077 -
965 4045 1025 4092 cm.
1041 4074 1076 4083 —-
1094 4049 1145 4098 Cic.
1161 4055 1194 4107 ad

126 4129 212 4179 I'nmil.
223 4130 301 4186 XVI,
320 4145 358 4176 ια.

955 4225 1017 4308 [μὶ.
