2875 4900
237 385 290 456 IN
319 386 435 455 LOC.
460 387 557 454 LIB.
582 385 757 459 XCVIII
786 387 1002 458 L1V1AN1.
1087 385 1158 472 343

98 511 128 572 in
139 510 298 574 tumulum
314 507 469 590 enititur,
489 509 630 598 locoque
642 525 758 599 capto,
777 508 967 590 «Vicimus,
983 511 1158 592 exclamat,

98 612 260 692 uricimus,
273 611 407 677 milites!
422 642 437 668 x
451 611 551 677 simul
563 613 631 676 ruit
642 613 677 676 in
689 612 932 699 cataphractos,
945 611 1072 675 omissis
1087 611 1160 698 pilis

97 735 179 777 enses
196 713 330 803 stringi,
343 714 478 802 potique
493 735 591 794 crura
610 729 644 778 et
663 712 807 794 seniora,
825 736 899 801 quae
920 713 988 776 sola
1006 713 1160 802 patebant

97 815 293 896 vulneribus,
310 815 515 904 praecipiens.

132 916 260 980 XLVII.
287 916 353 982 Sed
376 918 506 999 hostes,
523 939 592 981 non
615 932 801 1006 exspectato
825 937 1020 1006 congressu,
1040 915 1159 980 loedam

97 1039 218 1105 prorsus
229 1021 342 1108 fugam
355 1019 577 1109 praecipitant3
589 1019 718 1107 ipsique
732 1035 765 1084 et
780 1017 856 1106 equi
868 1018 965 1082 armis
979 1039 1090 1107 graves
1106 1017 1160 1080 in·

97 1119 243 1184 tolerabili
265 1120 415 1210 pondere
439 1120 640 1186 incumbunt
665 1143 803 1186 suorum
828 1119 1012 1184 ordinibus.
1041 1119 1161 1183 Omnia

96 1224 193 1288 statim
202 1224 349 1288 tumultu
360 1238 395 1286 et
403 1239 528 1288 terrore
535 1223 755 1313 complentur,
764 1223 844 1288 ali0s
854 1222 922 1286 aliis
935 1221 1159 1286 turbantibus:

96 1344 193 1410 neque
204 1324 292 1413 fugat
304 1326 397 1389 locus
413 1339 480 1406 est3
497 1324 644 1390 conferta
657 1325 904 1412 constipataque
920 1324 1004 1388 acies
1016 1346 1036 1387 a
1048 1323 1161 1411 paucis

96 1423 220 1510 impune
234 1423 381 1491 wditur.
397 1426 543 1492 Multum
557 1426 603 1490 ibi
619 1427 787 1518 sanguinis
801 1426 912 1490 fusum
926 1441 991 1508 est,
1002 1426 1080 1513 quia
1095 1425 1161 1488 Lu·

97 1525 190 1591 tullus
206 1528 341 1616 spoliari
354 1551 511 1617 corpora,
529 1529 592 1594 uisi
605 1545 682 1618 post
697 1541 956 1594 consummatam
972 1527 1161 1608 victoriam,

97 1649 197 1693 severo
208 1631 379 1718 proposito
389 1631 498 1695 edicto
509 1631 785 1721 vetuerat:igitur
795 1653 854 1720 per
863 1629 1051 1719 quindecim
1062 1629 1161 1692 millia

96 1751 261 1814 pastuum,
283 1732 424 1796 armillas
444 1747 647 1822 torquesque
671 1755 789 1798 aureos
814 1729 968 1796 micando
994 1731 1162 1818 insequuti

96 1829 214 1895 bostem
227 1847 323 1914 suut3
339 1834 402 1897 sub
417 1850 547 1899 noctem
564 1835 701 1900 demum
717 1835 854 1916 reversi,
864 1832 1001 1898 Lucullo
1010 1833 1078 1912 jam
1086 1855 1163 1920 per

96 1933 234 1999 mittente
242 1937 424 2026 ,legerunt
441 1937 554 2025 spolia.

131 2035 279 2100 XLVIII.
300 2035 452 2102 Peditum
465 2037 508 2103 ad
524 2039 623 2103 millia
637 2054 772 2104 centurn
787 1975 955 2120 interlecta
972 2035 1164 2118 traduntur;

78 2138 210 2225 -oquites
221 2138 319 2204 valde
334 2163 430 2228 pauci
419 2141 618 2232 effregisse,
639 2163 743 2229 quum
758 2141 898 2204 victores
912 2138 1050 2204 omnino
1062 2135 1161 2224 quiu-

96 2261 153 2326 que
169 2241 379 2323 cecidissent,
397 2258 531 2308 centurn
554 2260 664 2309 essent
682 2244 861 2325 vulnerati3
880 2257 918 2306 ut
937 2243 1025 2331 ipsos
1046 2261 1164 2327 prope·

96 2340 222 2406 modurn
238 2339 381 2431 puderet
396 2344 540 2408 victoriae
559 2367 647 2426 suae,
664 2345 721 2433 qui
742 2367 818 2408 cum
837 2343 956 2408 talibus
978 2340 1162 2429 mancipiis,

96 2443 179 2530 quasi
194 2468 273 2510 cum
290 2443 388 2527 viris,
404 2446 498 2535 signa
511 2446 726 2510 contulissent
737 2468 745 2511 t
758 2461 824 2511 tarn
842 2443 905 2509 levi
920 2458 1089 2507 momento
1106 2440 1163 2507 de·

93 2544 188 2621 lectus
198 2547 479 2637 conculcatusque
489 2549 709 2636 potentissimi
718 2546 1044 2637 regis,ejusderitque
1053 2568 1166 2634 super-

97 2645 230 2731 bissimi,
255 2648 361 2715 fastus
379 2650 459 2731 tuit3
479 2665 577 2738 atque
601 2651 671 2740 ipse
692 2652 780 2715 inter
804 2650 927 2741 primos
946 2649 1162 2739 fugienssvix

97 2764 218 2815 oenuun
235 2751 475 2841 quinquaginta
493 2752 660 2840 equitibus
679 2751 875 2833 comitatus,
885 2773 989 2839 quum
1006 2748 1109 2813 filium
1129 2747 1164 2811 in

97 2850 199 2916 eadem
215 2854 352 2918 fortuna
367 2854 589 2942 conspiceret,
607 2852 758 2917 diadema
774 2852 871 2940 capiti
886 2850 1068 2916 detractum
1085 2869 1163 2935 por·

98 2954 171 3017 rexit
185 2955 388 3045 lacrymans,
405 2956 569 3043 jussitque
583 2955 643 3022 alia
653 3001 662 3036 ,
674 2976 739 3041 qua
754 2952 937 3031 videretur,
959 2951 1009 3013 via
1026 2948 1162 3012 salutern

99 3075 242 3139 quaerere.
262 3056 462 3123 Adolescens
480 3059 651 3145 imponere
668 3055 730 3120 sibi
747 3056 861 3119 tiaram
880 3076 947 3118 non
963 3072 1079 3131 ausus,
1096 3072 1165 3115 ser-

98 3156 227 3223 vandam
249 3159 310 3223 uni
330 3182 371 3223 ex
390 3157 555 3223 fidissimis
579 3157 692 3223 dedit:
709 3172 806 3246 atquc
825 3176 865 3219 eo
888 3167 999 3241 copto,
1018 3149 1165 3214 diadema

100 3280 223 3349 quoque
245 3285 324 3327 cum
350 3261 612 3351 dependentibus
634 3260 724 3353 vittis
746 3256 894 3348 pervenit
913 3256 948 3318 in
971 3268 1165 3345 potestatem

99 3365 232 3429 victoris.

138 3464 252 3531 XLIX.
269 3466 458 3554 Pugnatum
471 3481 520 3529 est
533 3462 637 3554 pridie
651 3485 755 3527 nonas
772 3462 942 3541 octobres,
956 3459 1104 3549 quamvis
1114 3458 1168 3522 illa

101 3562 179 3647 dies,
190 3568 234 3633 ob
249 3566 375 3631 cladem
390 3566 553 3655 Caepionis
566 3565 774 3646 cimbricam,
793 3564 970 3627 interutras
980 3560 1165 3625 haberetur.

102 3662 159 3729 Sed
183 3667 341 3733 Lucullus
367 3668 403 3732 id
430 3668 643 3733 submonenti
666 3668 826 3757 cuipiam,
846 3689 890 3729 ex
911 3661 1171 3753 atrafacturum

103 3769 264 3857 respondit
288 3771 487 3853 candidam
502 3771 603 3859 idque
629 3793 706 3835 cum
728 3769 854 3857 ingenti
880 3791 939 3833 sua
959 3768 1061 3857 gloria
1086 3786 1169 3854 prae·

133 3992 249 4058 smt.
263 3998 390 4044 Memnon.
400 4010 435 4034 -·
444 3996 553 4063 Appian.
568 4022 603 4072 ',‘
616 3994 739 4043 Plutarch.
754 3990 886 4057 Apopbtlt.
896 3995 969 4041 Rom.
984 4000 1008 4039 et
1019 3990 1045 4036 ln
1059 3986 1169 4037 anullo.

105 4101 134 4115 —·
147 4081 228 4128 Front.
243 4080 317 4129 strat.
330 4084 411 4140 ll,a‚
426 4090 450 4139 I.
464 4109 500 4119 -
517 4082 650 4145 §nult
669 4082 798 4128 Memnon.
813 4103 848 4113 -
866 4078 973 4141 tpptu.
994 4104 1028 4112 -
1046 4074 1169 4123 Plutarch.

106 4188 134 4196 -
152 4161 166 4228 s
183 4166 302 4214 XLVIII.
320 4166 445 4216 Plutarch.
465 4196 500 4203 -
517 4168 650 4227 Oros.VI,
665 4165 690 4213 t.
705 4193 739 4203 -
756 4154 884 4212 Mantinon.
