2875 4900
277 368 343 437 128
447 362 888 433 JO.FRE1NSHEMII
919 362 1167 431 SUPPLEM.

273 511 338 579 que
351 508 427 551 cum
440 483 596 549 Romanis
612 482 770 565 amicitia,
785 504 883 571 quam
901 479 1040 545 deorum
1057 480 1204 568 quodam
1214 482 1334 547 invidia

273 590 334 653 sibi
346 586 509 677 propriam
519 600 777 673 perpetuamque
786 606 856 647 esse
866 582 1038 664 noluisset,
1048 582 1090 647 ad
1100 584 1335 649 accusationem

273 691 453 779 legatorum
468 685 656 774 ducumque
669 684 781 767 vertit,
792 687 850 773 qui
860 683 963 749 multa
975 706 1048 749 cum
1060 684 1179 773 &unu
1191 708 1251 749 sua
1264 686 1341 774 Cap·

265 791 440 881 podocrizm
462 787 677 851 Ariobarzani
699 786 920 865 reddidissent,
943 786 1004 851 sibi
1027 786 1214 854 ademissent
1239 786 1340 872 Pluy-

269 896 376 981 gicm,
395 889 574 954 Nicomedis
590 889 705 977 iniquis
719 886 1056 975 comtt'busfcvtksent.

319 992 428 1055 XXII.
441 1020 454 1045 ι
465 990 546 1071 Quas
559 989 686 1069 omnia,
701 988 825 1075 iuquit,
838 988 906 1053 sola
918 988 1064 1076 pecunie
1077 988 1254 1077 cupiditate
1262 1006 1340 1057 suut

273 1124 287 1149 a
297 1092 338 1156 ab
352 1090 429 1179 ipsis
441 1089 538 1171 facta,
552 1110 650 1175 quam
664 1110 794 1176 semper
806 1105 891 1153 outa
903 1112 973 1169 me,
986 1106 1045 1153 aut
1056 1090 1097 1155 ab
1109 1090 1247 1155 inimicis
1261 1094 1340 1158 meis

273 1224 286 1249 .
295 1191 514 1280 accipiebant:
529 1212 602 1277 quae
616 1188 768 1277 equidem
781 1212 847 1273 res,
859 1191 887 1254 si
900 1214 966 1279 qua
978 1192 1057 1275 alia,
1068 1193 1142 1272 jure
1157 1194 1339 1283 meritoque

277 1294 333 1357 ·in
349 1292 442 1356 vobis
462 1292 628 1381 arguitur,
643 1293 799 1373 Romani,
820 1291 910 1379 quod
927 1294 1007 1357 tales
1021 1294 1215 1383 plerumque
1236 1296 1340 1383 impe·

244 1414 246 1423 ’
274 1425 287 1449 κ
298 1410 421 1457 ratores
437 1393 598 1474 emittitis,
615 1392 674 1479 qui
688 1392 769 1456 nibil
785 1394 901 1457 melius
917 1410 974 1459 aut
988 1395 1155 1483 antiquius
1165 1418 1235 1461 esse
1248 1397 1340 1461 lucro

275 1510 428 1583 «putent.
444 1495 494 1558 Ab
508 1494 559 1559 his
578 1509 709 1559 coactus
725 1516 815 1558 arma
829 1495 923 1560 indui
940 1518 1035 1585 :quse
1053 1498 1080 1561 si
1095 1519 1161 1585 qua
1174 1504 1271 1587 parte
1281 1522 1340 1563 vo·

276 1596 350 1660 «bis
370 1596 554 1673 infestiora,
578 1617 676 1685 quam
698 1596 900 1678 voluissetis,
920 1596 1074 1681 fuerunt,
1096 1599 1132 1664 id
1152 1620 1252 1665 omne
1270 1622 1339 1663 non

274 1729 288 1753 «
297 1698 407 1761 animo
419 1718 511 1773 meo,
525 1696 598 1785 qui,
613 1695 693 1761 dum
706 1696 814 1778 licuit,
831 1698 958 1762 romam
969 1699 1111 1763 nominis
1126 1722 1238 1765 amaus
1247 1722 1339 1763 reve-

275 1820 439 1887 ·rensque
452 1798 533 1879 fuit,
551 1796 609 1863 sed
626 1798 827 1879 necessitati,
845 1799 1000 1887 imputari
1012 1822 1143 1888 equum
1159 1818 1241 1865 est».

319 1900 444 1965 XXlll.
464 1900 517 1965 Ad
541 1900 610 1963 baec
634 1900 747 1963 Sulla:
768 1900 895 1981 «Quod
917 1900 958 1964 ab
978 1901 1048 1965 aliis
1069 1902 1195 1989 accepi,
1216 1917 1250 1965 te
1269 1924 1340 1965 esse

275 2001 563 2083 «disertissimum,
582 1999 616 2064 id
636 2022 726 2065 nunc
750 2023 860 2065 coram
879 2002 1043 2090 experior,
1065 2025 1167 2091 quum
1189 2003 1225 2066 in
1247 2002 1340 2067 iactis

275 2103 505 2168 «atrocissimis
521 2102 665 2190 speciosa
677 2101 736 2165 tibi
754 2124 821 2166 nou
836 2101 928 2167 deest
942 2103 1057 2168 oratio.
1069 2102 1134 2167 Sed
1150 2125 1340 2191 quanquam

274 2237 288 2261 «
300 2228 366 2269 non
384 2205 417 2267 in
433 2204 498 2269 boc
514 2203 744 2285 convenimus,
762 2220 802 2267 ut
818 2202 1069 2291 disceptaremus
1084 2204 1339 2284 controversias,

272 2337 285 2361 ι
295 2328 410 2369 verum
427 2322 465 2369 ut
481 2305 567 2393 leges
583 2305 689 2391 petitae
704 2305 793 2392 pacis
807 2304 979 2392 impleres,
996 2328 1063 2369 non
1082 2304 1241 2395 gravabor
1256 2328 1339 2393 pau-

274 2437 287 2462 ι
297 2406 342 2470 cis
359 2402 565 2493 respondere.
580 2406 629 2469 De
641 2402 842 2493 Cappadocia
856 2426 924 2470 non
936 2422 1022 2488 erat,
1036 2422 1075 2472 ut
1089 2405 1275 2472 absentibus
1291 2408 1342 2472 iu·

272 2507 471 2570 «clementer
486 2505 628 2586 diceres;
648 2529 723 2568 nam
737 2506 1008 2589 Ariobarzanem,
1033 2510 1061 2572 si
1078 2510 1199 2589 nescis,
1220 2523 1253 2572 et
1275 2531 1341 2596 ego

273 2607 421 2671 «reduxi.
435 2608 520 2670 Tum
534 2607 633 2694 igitur
645 2607 769 2670 causari
782 2608 934 2694 quaelibet
948 2610 1113 2696 oportuit,
1130 2609 1157 2672 si
1171 2609 1276 2687 jussui
1292 2632 1343 2672 se-

274 2723 393 2771 «nntus
416 2707 595 2795 poptdique
620 2707 746 2772 romani
765 2707 989 2796 obtemperare
1011 2711 1132 2790 nolles;
1152 2733 1220 2774 non
1245 2727 1341 2774 tauto

272 2826 369 2898 «post
385 2825 546 2897 tempore,
561 2831 664 2895 quum
681 2807 820 2872 decretis
837 2809 1035 2896 acquiesses,
1049 2811 1248 2892 convellere,
1264 2834 1343 2899 quae

271 2940 284 2964 ι
294 2910 393 2984 semel
408 2908 613 2996 approbaras.
631 2908 806 2996 Phrygiam
816 2909 947 2974 Manius
960 2911 1139 3000 Aquillius,
1156 2911 1253 2976 donis
1267 2935 1342 2976 em·

273 3027 390 3099 «ptus,
411 3011 495 3098 patri
514 3026 572 3074 tuo
596 3027 816 3091 concesserat,
834 3010 925 3098 quod
948 3034 1124 3076 commune
1143 3013 1236 3076 vobis
1253 3011 1341 3077 deli·

271 3144 284 3168 a
296 3129 403 3194 ctum,
422 3113 541 3177 frustra
559 3113 593 3176 in
610 3113 702 3176 illum
720 3113 895 3178 transferre
917 3113 1008 3177 nisus
1024 3136 1058 3178 es
1070 3137 1078 3178 :
1090 3114 1148 3178 sed
1163 3129 1196 3177 et
1210 3115 1287 3196 ista,
1304 3133 1342 3178 et

271 3236 367 3299 «quac
391 3228 543 3300 preterea
570 3214 709 3300 pecunia
733 3229 907 3301 corruptus
930 3213 1033 3278 multa
1055 3214 1185 3279 Manius
1208 3233 1341 3305 egerat,

273 3329 425 3376 «senatus
438 3313 527 3376 irrita
543 3335 612 3378 esse
623 3313 721 3393 jussit
736 3316 855 3378 omnia.

317 3415 437 3477 xxlv.
454 3413 592 3499 «Neque
602 3429 728 3494 tamen,
741 3414 861 3496 injusto
872 3437 1058 3502 possessore
1071 3417 1225 3506 depulso,
1239 3418 1342 3482 nobis

271 3513 475 3602 «recepimus
491 3511 684 3601 Phrygiam,
701 3537 760 3595 ne,
782 3516 872 3603 quod
895 3516 928 3578 in
952 3517 1021 3582 aliis
1044 3517 1253 3600 damnamus,
1275 3520 1341 3606 ipsi

270 3616 396 3679 «facere
413 3613 617 3695 videremur3
639 3613 696 3680 sed
718 3617 899 3681 immunem
920 3619 1121 3708 liberamque
1142 3623 1343 3708 pronuntia·

269 3717 407 3780 «rimus.
425 3716 506 3797 Qute
523 3715 623 3803 igitur
641 3739 720 3797 nos,
738 3716 813 3781 licet
828 3721 919 3798 justo
939 3721 1060 3808 pioque
1081 3721 1167 3784 bello
1187 3724 1344 3808 quesita,

269 3851 282 3876 a
292 3817 522 3906 relinquimus,
537 3840 574 3880 ea
590 3818 650 3882 tibi
664 3842 730 3906 quo
745 3819 877 3884 tandem
885 3823 960 3902 jure
971 3823 1170 3889 vindicabis?
1181 3825 1230 3888 Dc
1242 3825 1347 3888 Nico-

268 3919 393 3984 «mcdis
412 3917 528 3999 injuria
549 3921 702 4006 quereris.
723 3921 787 3986 Sed
807 3922 860 3987 ille
881 3946 1104 4012 percussorem
1120 3925 1182 3991 sibi
1199 3927 1346 3992 Alexan-

304 4115 406 4180 sut.
420 4118 527 4180 Appirn.
543 4143 576 4154 —
591 4115 711 4164 Plutarch.
