2875 4900
269 382 334 428 102
425 360 491 425 JO.
517 357 879 457 FuEINSHEMss
904 358 1162 426 SUPPLEM.

264 496 331 562 rat,
349 500 489 568 propere
507 500 585 543 curu
603 476 709 542 valido
726 478 878 565 equitum
898 476 997 567 globo
1017 474 1238 544 laborantibus
1256 496 1325 539 suo

266 582 378 647 currit.
391 582 438 645 Ea
450 602 519 663 res,
532 596 566 644 et
576 578 667 668 quod
678 602 716 643 er
726 580 860 668 pulvere
872 578 1090 659 conjectabat,
1105 577 1325 666 imperatorem

265 682 436 765 advenire,
458 682 574 747 terruit
593 681 806 764 Archelaum,
825 695 880 762 ut,
901 680 1021 745 omissa
1042 700 1170 768 pugna,
1192 674 1232 739 ad
1251 673 1326 739 dex·

266 800 355 849 trum
377 786 601 849 Romanorum
621 805 728 846 cornu
750 798 957 870 properaret,
978 779 1030 862 id,
1055 778 1136 846 dum
1159 778 1227 842 sine
1248 774 1327 841 duce

266 902 368 966 esset,
385 906 517 975 sperans
532 884 656 951 facilius
672 884 707 947 in
722 886 834 973 fugam
844 884 926 949 verti
940 904 1045 971 posse.
1059 881 1129 946 Sub
1146 879 1231 945 idem
1249 895 1328 944 tem·

151 996 153 1007 '
265 1008 326 1075 pus
340 986 467 1049 Taxiles
483 1000 597 1049 contra
610 985 790 1049 Muraenam
808 984 1024 1074 chalcaspides
1041 983 1183 1049 instituit
1197 981 1328 1057 ducere3

267 1086 468 1174 diversisque
485 1108 504 1151 e
520 1086 668 1175 partibus
693 1102 786 1151 ortus
808 1087 947 1167 clamor,
974 1084 1203 1172 montiumque
1222 1101 1329 1168 reper-

249 1200 367 1253 ‘cussu
382 1188 631 1277 multiplicatus,
655 1186 806 1252 distinuit
820 1187 962 1269 Sullam,
980 1209 1049 1275 quo
1066 1186 1177 1275 potius
1197 1199 1230 1248 et
1244 1181 1330 1271 prius

268 1290 310 1361 ad
326 1290 492 1355 ferendam
509 1312 605 1379 opem
619 1268 804 1373 advolaret3
819 1290 939 1355 deinde
954 1288 1100 1355 celeriter
1114 1303 1210 1376 capto
1228 1282 1331 1349 cousi·

268 1392 333 1472 lio,
350 1391 563 1460 Hortensium
584 1414 660 1456 cum
682 1408 825 1480 quatuor
846 1392 1039 1457 cohortibus
1057 1390 1211 1455 Muraenae
1231 1383 1332 1450 subsi-

270 1493 326 1558 dio
341 1494 447 1575 misit,
459 1493 528 1580 ipse
542 1516 618 1557 cum
631 1493 760 1581 quinta,
777 1509 826 1575 et,
843 1514 928 1580 quos
940 1490 1097 1572 habebat,
1116 1488 1281 1576 equitibus
1294 1482 1332 1549 ad

269 1617 368 1659 suum
382 1616 488 1659 cornu
504 1592 610 1659 rediit.

315 1693 402 1759 XVI.
420 1694 643 1759 Commissum
653 1695 720 1775 jam
735 1717 772 1759 ea
787 1710 878 1785 parte
893 1696 1039 1784 praelium
1054 1710 1139 1774 erat,
1158 1708 1193 1756 et
1208 1688 1332 1780 paribus
1366 1694 1372 1715 ⁸

270 1796 426 1884 utrinque
441 1797 557 1862 animis
573 1796 762 1888 viribusque
777 1798 996 1886 pugnabatur.
1015 1798 1103 1885 Ergo
1122 1793 1182 1859 ubi
1199 1793 1333 1879 impera·

271 1912 340 1978 tor,
361 1912 488 1970 etcum
507 1920 546 1961 eo
563 1896 710 1987 peditum
729 1898 945 1987 equitumque
963 1919 1087 1961 uorum
1106 1895 1210 1959 robur
1229 1890 1333 1968 afluit,

271 1996 359 2063 haud
375 1998 461 2063 ultra
477 1998 663 2071 dubitatum
677 2015 741 2082 est,
758 1999 839 2087 quin
852 1999 964 2063 hostes
980 2014 1070 2087 terga
1081 2009 1255 2062 verterent.
1271 1992 1334 2055 Im·

270 2116 417 2187 perator,
442 2098 484 2173 de
507 2100 654 2165 Muraena
678 2100 853 2182 sollicitus,
878 2100 1029 2189 protinus
1051 2098 1084 2161 in
1108 2098 1196 2161 illam
1216 2107 1335 2184 partem

270 2202 415 2271 victricia
428 2202 480 2291 agi
498 2202 589 2291 signa
602 2202 705 2284 jubet.
721 2202 842 2282 Atiam
858 2201 921 2266 sibi
934 2222 1068 2288 quoque
1085 2197 1254 2286 oppositos
1265 2193 1336 2258 Mu·

270 2324 374 2384 raena,
391 2302 561 2367 concitatis
576 2303 709 2367 hortatu
726 2319 759 2368 et
777 2304 925 2392 exemplo
941 2325 1002 2367 suo
1022 2300 1197 2383 militibus,
1216 2295 1336 2389 egregie

272 2402 412 2468 fuderat
424 2404 583 2494 Reliquus
599 2405 700 2495 igitur
712 2404 805 2470 labor
818 2401 1014 2493 insequendi
1024 2403 1170 2484 hostem,
1186 2394 1337 2466 caedendi·

272 2529 339 2593 que
355 2499 516 2594 lugicmm
538 2506 611 2579 fuit.
629 2508 769 2598 Magnus
789 2506 836 2572 ibi
855 2527 1029 2587 numerus,
1047 2520 1081 2569 et
1102 2504 1226 2584 multo,
1243 2521 1337 2590 quam

271 2607 304 2670 in
319 2607 447 2694 praelio,
463 2606 564 2686 major
577 2609 704 2674 occisus
718 2632 727 2673 ε
739 2631 815 2672 nam
827 2625 864 2672 ut
877 2607 1032 2698 sagaciter
1042 2607 1131 2672 Sulla
1145 2600 1337 2685 cobjeccrat,

272 2708 428 2797 angustiae
439 2708 588 2776 locorum
599 2733 666 2783 uon
677 2710 787 2775 minus
797 2712 908 2800 fugam
922 2709 1080 2790 hostium,
1090 2729 1190 2796 quam
1200 2705 1349 2796 pugnam'

271 2807 507 2896 impediebant,

317 2912 421 2976 XVII.
439 2913 551 2985 Castra
566 2929 675 2977 tamen
689 2929 724 2978 et
742 2936 860 3004 magna
871 2936 946 3002 pars
962 2913 1122 2977 exercitus
1142 2910 1262 2976 servari
1282 2929 1338 2996 po·

272 3011 428 3094 tuissent,
446 3013 508 3078 nisi
525 3014 646 3079 exclusi
661 3014 799 3080 fuissent
812 3015 853 3079 ab
864 3015 1043 3096 Archelao,
1058 3014 1115 3102 qui
1130 3035 1170 3078 eo
1188 3010 1339 3099 confuge·

272 3128 355 3179 rant.
376 3112 440 3178 Sed
460 3115 514 3180 ille
530 3114 637 3180 redire
657 3117 692 3184 in
712 3117 861 3206 praelium
876 3115 1032 3196 jubebat:
1048 3137 1109 3178 nec
1124 3114 1255 3178 animus
1273 3110 1339 3198 ple·

271 3214 381 3301 risque
393 3213 592 3297 deerat3s0d
603 3217 673 3282 sine
684 3215 840 3302 ducibus,
854 3217 925 3282 sine
936 3217 1056 3306 siguis,
1070 3238 1112 3279 ne
1123 3216 1198 3280 loco
1210 3210 1340 3303 quidem

272 3313 314 3378 ad
323 3315 536 3404 pugnandum
552 3335 646 3407 apto,
660 3320 804 3384 confusis
818 3303 1007 3400 ordinibus,
1019 3334 1052 3383 et
1060 3340 1119 3381 sua
1134 3312 1340 3383 multitudine

273 3414 437 3504 impediti,
460 3440 569 3507 neque
591 3418 724 3484 referire
744 3421 872 3486 bostem
892 3435 1062 3508 poterant,
1079 3418 1224 3482 etmulti
1241 3439 1261 3480 a
1278 3411 1341 3478 suis

274 3517 518 3585 obterebantur.
528 3520 674 3591 Tandem
691 3545 808 3613 magna
824 3537 915 3610 parte
936 3519 1113 3602 trucidata,
1132 3518 1256 3583 ultimis
1270 3512 1341 3580 reli·

275 3641 419 3706 quorum
437 3620 709 3687 obtestationibus
726 3639 929 3713 expugnatus
938 3621 1116 3688 Archelaus
1127 3619 1259 3710 aperuit
1272 3637 1343 3705 por·

276 3737 342 3802 tas;
357 3718 414 3784 sed
428 3743 497 3786 sera
511 3739 544 3788 et
557 3725 740 3812 perniciosa
751 3725 820 3797 hsec
830 3721 1051 3789 misericordia
1062 3723 1126 3787 fuit
1140 3746 1148 3787 ε
1161 3721 1259 3787 simul
1271 3739 1344 3784 cum

310 3973 326 4040 5
338 3977 1019 4045 xv.apptsn.-1³luureh.-§xv11.u.C.ooo;
1031 3983 1063 4029 A.
1074 3982 1104 4031 C.
1115 3981 1157 4029 86.
1169 4007 1205 4018 -
1217 3979 1271 4028 Ην.
1280 3974 1344 4042 Eplt.

271 4083 306 4092 -
316 4057 423 4122 Appius.
435 4087 471 4100 -
479 4061 614 4123 Oros.V1,
629 4077 654 4111 a.
663 4088 700 4100 -
712 4064 835 4114 Plutarch.
845 4091 881 4102 -
890 4063 1047 4117 Pansamh'b.
1056 4066 1114 4114 v11.
1128 4091 1163 4103 -
1179 4065 1285 4128 Eutrop.
