2875 4900
294 356 368 443 654
473 362 543 429 JO.
571 363 914 433 FR'EINSHEMII
943 364 1191 435 SUPPLEM.

292 520 296 529 ·
339 482 429 547 XXI.
441 480 506 547 Sed
520 482 659 549 maxima
671 506 749 549 eum
761 484 907 550 Curione
917 483 1084 554 dimimtio
1096 487 1170 553 linit.
1181 486 1368 556 Notaturus

293 584 382 648 enim
396 598 429 651 et
443 582 533 649 hune
544 585 689 672 Appius,
707 607 896 673 quanquam
909 586 1031 654 Pisone
1044 588 1168 677 eollegu
1177 606 1214 653 et
1225 608 1369 681 oognato

295 684 450 749 Curionis
466 684 579 751 Paullo
593 684 861 772 deprecantibus,
872 688 1074 775 ¹sententiam
1092 710 1184 756 suam
1197 690 1233 755 in
1249 710 1370 757 senam

293 787 399 875 palam
410 785 612 869 ostenderam
622 808 694 873 quae
704 789 1213 857 reaceninnrexciavitmotus
1224 795 1369 883 :quippe

293 888 424 953 Paullus
437 910 504 978 prae
519 886 633 955 dolore
646 904 771 955 vestem
786 890 892 957 scidit.
911 893 954 957 It
966 893 1083 959 consul
1092 894 1283 977 Mamellus,
1298 920 1369 985 spe

265 1034 268 1051 .
294 1012 386 1071 rans,
406 991 467 1054 hae
490 988 660 1054 occasione
681 1006 795 1059 conus
810 993 969 1059 Caesarem
984 995 1107 1083 aliquid
1121 995 1290 1063 decretum
1307 999 1368 1079 iri,

295 1115 337 1157 ea'
352 1092 394 1157 de
418 1114 453 1155 re
473 1091 585 1155 'statim
609 1090 730 1157 referre
747 1094 854 1181 coepit.
876 1095 975 1161 Curio
995 1097 1139 1183 primum
1161 1120 1367 1187 repugnare,

293 1216 349 1257 nec
356 1194 434 1283 jure
450 1214 506 1255 nee
521 1189 787 1279 moresorturum
798 1193 924 1277 dicere,
938 1200 967 1260 si
978 1197 1019 1264 de
1030 1222 1062 1261 se
1076 1200 1245 1265 remmus
1256 1218 1368 1287 roget5

205 1364 209 1374 ,
294 1316 370 1359 mox
397 1291 642 1373 animadverso,
670 1313 822 1381 magnam
846 1298 1054 1384 praesentium
1082 1316 1208 1387 partem
1232 1302 1366 1369 &aare

293 1410 395 1459 totam
409 1416 497 1475 esse,
515 1410 649 1459 caeteros
665 1395 854 1483 plerosque,
871 1420 913 1463 ne
932 1399 1013 1487 quid
1028 1399 1182 1469 adversus
1198 1402 1293 1467 illum
1308 1426 1365 1469 au·

294 1495 407 1577 deant,
428 1512 518 1560 metu
538 1494 727 1583 prohiberi3
749 1497 840 1585 «Ego
860 1509 956 1583 vero,
983 1501 1110 1589 inquit,
1136 1503 1236 1567 vitam
1261 1504 1363 1567 actio·

291 1630 306 1655 ι
316 1620 438 1686 nesque
454 1620 541 1661 meas
558 1596 602 1661 ita
621 1598 768 1682 institui,
784 1616 823 1664 ut
836 1600 922 1667 illius
943 1626 1011 1671 non
1028 1603 1168 1691 pudeat3
1186 1604 1238 1669 hae
1250 1605 1293 1670 ad
1306 1630 1362 1695 pa·

291 1702 382 1764 «triae
397 1701 582 1790 pertineant
598 1699 780 1765 utilitatem.

337 1803 446 1867 XXII.
465 1802 603 1889 «Neque
623 1822 739 1865 recuso
758 1801 851 1865 vohis
867 1803 1026 1870 munnam
1044 1803 1193 1868 omnium
1208 1802 1360 1886 reddere,

292 1905 425 1969 «Patres
444 1900 630 1989 conscripti.
655 1902 740 1982 Vos,
765 1902 815 1965 uti
837 1902 1037 1967 ridebitur‘e
1059 1903 1226 1991 republica
1247 1920 1282 1970 et
1300 1904 1361 1969 lide

291 2020 440 2085 «restra,
457 2002 498 2067 de
511 2024 564 2067 me
578 2003 763 2067 statueritis.
773 2032 787 2058 ι
803 2002 855 2067 Ibi
869 2005 905 2067 C.
921 2004 1093 2069 Mareellus
1109 2005 1227 2069 consul
1237 2005 1284 2071 ita
1302 2008 1360 2069 Cu·

292 2106 420 2173 rionem
443 2103 619 2185 accusavit,
642 2118 682 2167 ut
704 2102 893 2169 damnatum
916 2104 955 2169 iri
975 2105 1070 2192 plane
1089 2104 1279 2171 confideret
1299 2107 1360 2171 Sed

293 2224 466 2295 postquam
482 2205 624 2293 plurium
642 2206 811 2270 sententiis
824 2206 950 2271 absolvi
961 2228 1074 2289 reum,
1092 2222 1190 2295 atque
1209 2207 1291 2273 adeo
1306 2208 1359 2272 de·

293 2308 383 2373 leudi
407 2308 582 2394 ornarique
602 2305 700 2388 vidit,
719 2308 766 2371 ira
789 2321 976 2395 correptus,
999 2324 1116 2372 senatu
1133 2330 1169 2371 se
1190 2308 1357 2396 proripuit

293 2412 393 2476 Plane
409 2410 436 2474 is
458 2424 527 2474 erat
545 2407 730 2472 animorum
747 2408 900 2491 habitus,
916 2424 956 2474 ut
968 2408 1139 2498 proniores
1159 2410 1193 2474 in
1216 2408 1357 2499 Pompeii

293 2535 420 2576 causam
437 2511 548 2574 Patres
566 2525 690 2590 essent3
709 2509 769 2576 sed
783 2525 892 2576 tamen
908 2533 992 2600 saepe
1012 2503 1270 2586 Caesarianorum
1290 2513 1356 2574 rio·

286 2615 390 2680 lentis
405 2612 567 2700 superati,
590 2611 641 2676 his
663 2613 794 2676 utiliora
812 2612 1036 2678 decernerent.
1052 2615 1095 2678 Et
1117 2614 1270 2691 consules
1287 2613 1356 2700 qui-

291 2713 366 2780 (lein
385 2713 544 2803 designati
560 2713 828 2801 pompeianorum
846 2714 987 2801 partium
1005 2729 1108 2781 erant.
1130 2715 1237 2803 Igitur
1257 2717 1356 2780 Cesar

291 2819 397 2881 literas
414 2815 456 2880 ad
475 2829 625 2878 senatum
640 2814 746 2895 misit,
761 2838 800 2878 tre
814 2816 874 2878 sibi
889 2812 1072 2903 beneficium
1080 2815 1198 2905 populi
1209 2817 1357 2882 adrem

291 2934 361 2997 nem·
377 2931 436 2981 aret
448 2915 559 2981 saltem
573 2915 689 3004 reliqui
705 2917 803 2980 etiam
818 2917 1016 3004 imperatores
1037 2917 1079 2980 ab
1095 2917 1284 2982 amatus
1300 2918 1357 2980 dir

291 3021 444 3084 cederent.

336 3119 457 3186 XXIII.
476 3122 578 3185 Erant
587 3120 657 3182 haee
673 3117 868 3184 astutissime
881 3119 1061 3208 excogitata
1074 3142 1083 3182 :
1096 3115 1261 3206 quidquid
1274 3117 1356 3181 enim
1408 3182 1409 3199 p

291 3241 376 3288 esset
394 3225 533 3302 factum,
550 3243 611 3310 pro
627 3221 751 3286 Caesare
770 3220 921 3287 futurum
943 3235 1020 3284 erat.
1039 3221 1123 3285 Nam
1139 3219 1167 3282 si
1186 3235 1255 3283 tam
1270 3240 1357 3306 nque

291 3324 436 3390 conditio
451 3321 695 3411 repudiaretur,
720 3322 865 3387 favorem
887 3321 1061 3388 hominum
1084 3336 1153 3386 erat
1171 3320 1356 3398 habitum,

291 3425 446 3515 tanquam
465 3425 506 3489 ab
521 3425 661 3489 inimicis
682 3440 797 3488 eontra
814 3423 864 3490 fas
883 3439 919 3493 et
932 3423 1118 3511 equitatem
1134 3437 1356 3511 premeretur:

291 3528 402 3592 tulleta
417 3537 593 3614 potestate,
610 3525 711 3614 magis
727 3523 999 3605 confirmabatur5
1012 3524 1062 3588 sin
1081 3541 1114 3588 et
1127 3523 1304 3611 Pompeius
1317 3521 1358 3586 di-

292 3629 434 3693 mitteret
457 3627 658 3706 exercitum,
680 3625 815 3690 celerius
839 3648 874 3690 se
904 3641 1160 3692 convocaturum
1190 3639 1357 3688 veteranos

291 3753 385 3812 suos,
404 3751 502 3818 quam
517 3726 711 3814 Pompeium
727 3749 830 3791 novos
842 3727 978 3808 milites,
994 3726 1152 3814 sperabat.
1169 3727 1236 3790 llas
1252 3726 1357 3788 literas

292 3855 395 3922 quum
408 3853 469 3919 pro
485 3827 644 3892 concione
654 3827 820 3892 recitasset
832 3828 954 3909 Curio,
968 3849 1068 3914 seque
1080 3825 1200 3890 diceret
1212 3827 1302 3890 enise
1312 3824 1356 3887 la·

290 3936 498 4011 hortunam,
518 3945 556 3993 ut
569 3928 805 4016 rempubIIcaru
822 3930 914 3993 omni
930 3945 1020 3994 metu
1035 3928 1202 4008 liberaret3
1220 3927 1356 3991 maximo
1408 3966 1409 3969 =

325 4127 439 4190 §xxm
455 4129 557 4172 Sueten.
571 4125 597 4170 in
612 4125 675 4172 Caes.
689 4138 742 4186 erp.
758 4137 799 4182 ap.
