2875 4900
258 387 330 457 tn
363 386 477 455 noc.
504 388 600 453 Lis.
629 386 702 453 ou
732 382 947 454 struat.
1075 390 1148 481 429

95 509 217 573 ostensis
235 506 470 587 incommodis,
485 528 558 592 quae
576 506 639 569 sub
657 522 786 592 tempus
802 520 868 567 tant
884 505 1072 592 longinque
1090 530 1147 570 ex·

96 609 254 696 peditionis
270 609 413 673 occisum
428 606 529 671 filiunt
547 623 655 671 essent
674 622 872 693 sequutura,
886 606 1097 694 perpulisset,
1110 624 1149 671 ut

95 710 208 773 veniam
228 709 371 772 ollerret.
392 706 456 771 Sed
472 707 543 787 ille,
565 708 695 797 longius
713 728 924 795 progressum
944 708 1147 787 existimans,

95 832 179 894 quam
196 826 232 873 ut
246 826 336 873 tutus
351 807 427 873 inde
444 822 594 894 receptus
612 822 713 885 esset,
730 804 771 869 ad
785 805 850 869 hoc
863 805 990 869 animos
1006 806 1147 872 militum

95 928 262 999 asuscepta
278 910 484 1001 expeditione
501 908 677 971 abhorrere
695 929 832 995 gnarus,
854 922 956 971 noctu
971 907 1012 971 ad
1027 908 1148 995 prima-

96 1011 150 1073 rios
173 1034 381 1075 romanorum
406 1011 669 1098 transfugarum,
690 1008 748 1094 qui
770 1008 918 1095 proxime
942 1031 1052 1097 regem
1075 1026 1148 1073 ten·

95 1112 217 1195 debant,
240 1110 441 1200 ingreditur,
465 1133 574 1177 casum
595 1132 692 1173 suum
717 1110 907 1191 miseratur,
923 1110 1069 1176 laborem
1084 1111 1149 1177 im·

95 1213 238 1300 probum,
260 1214 420 1301 pericula,
438 1212 598 1291 miserias,
616 1234 688 1298 quae
706 1232 765 1296 per
781 1226 871 1273 tanta
887 1210 1026 1273 marium
1048 1227 1148 1275 terra·

96 1336 220 1401 rumque
238 1314 355 1402 spatia,
374 1313 529 1377 omnihus
548 1312 671 1399 ubique
689 1296 831 1391 infestis,
849 1311 974 1375 ltaliam
989 1312 1149 1399 petituros

96 1433 265 1496 manerent,
281 1432 470 1505 exaggerat,
488 1437 577 1502 spem
593 1436 611 1477 a
629 1436 664 1476 se
681 1412 873 1494 maximam,
890 1412 1099 1500 honoresque
1116 1430 1149 1476 et

95 1539 162 1603 opes
176 1518 208 1581 in
225 1532 381 1605 promptu
398 1516 555 1596 ostendit,
572 1515 598 1577 si
615 1536 717 1602 reguo
733 1513 803 1600 ipse
820 1511 973 1600 potiano.

132 1618 163 1681 L.
179 1620 281 1683 Facile
299 1617 533 1705 persuadetur,
556 1616 666 1681 omnia
683 1613 880 1693 tristissima,
900 1615 928 1677 si
945 1614 1095 1701 perducti
1114 1616 1148 1679 in

96 1718 204 1783 ltaliam
220 1720 349 1799 forent,
371 1718 614 1783 metuentibus:
630 1717 808 1781 mittuntur
823 1714 936 1795 eadem
955 1732 1052 1780 nocte
1070 1719 1150 1781 certi

98 1816 229 1883 homines
245 1818 286 1883 ad
303 1818 363 1881 alia
378 1817 484 1881 vicina
500 1834 601 1881 castra
618 1816 837 1881 sollicitanda:
852 1816 913 1879 nec
926 1840 1036 1897 mora,
1051 1819 1150 1883 simul

96 1941 160 1983 cum
169 1920 238 1983 luce
253 1921 495 2007 transfugarum
509 1918 654 1985 exoritur
665 1919 804 2001 clamor,
820 1940 897 1981 eum
911 1933 1085 2004 exceptum
1097 1920 1151 1983 alii

97 2036 280 2105 sequuntur,
297 2020 587 2107 transmittuntque
598 2042 606 2084 ι
617 2021 663 2083 sic
676 2020 868 2086 brevissimo
881 2035 1027 2105 tempore
1041 2035 1148 2083 totum

98 2120 205 2209 ubique
218 2122 398 2188 exercitum
410 2139 508 2210 atque
518 2122 614 2187 etiam
627 2122 790 2185 nauticam
802 2119 931 2184 turbam
946 2119 1063 2183 seditio
1077 2145 1150 2209 per·

97 2224 193 2287 currit.
210 2224 293 2287 Nam
311 2240 344 2287 et
357 2222 399 2287 ab
414 2224 534 2311 ignaris
550 2239 644 2287 antea
660 2224 758 2287 simul
772 2223 942 2311 cognitum
960 2221 1150 2309 probatum·

98 2344 150 2407 que
161 2324 334 2389 Pharnacis
349 2325 523 2390 consilium
544 2340 612 2405 est,
630 2324 710 2387 laetis
726 2322 768 2386 ad
783 2346 835 2387 res
849 2344 950 2386 noras
966 2322 1150 2411 plerisque,

97 2422 169 2508 aliis,
188 2426 275 2514 quod
291 2427 324 2490 in
340 2426 522 2492 defectione
536 2427 685 2492 omnium
702 2425 762 2490 soli
778 2425 897 2490 frustra
911 2441 944 2489 et
961 2446 1037 2488 cum
1051 2425 1150 2490 exitio

98 2528 217 2592 renisuri
234 2528 442 2594 videbantur.
456 2529 508 2593 Sic
524 2527 565 2592 ad
588 2527 702 2592 urbent
725 2527 890 2616 pergitur3
906 2549 981 2589 nam
1000 2526 1149 2592 Pantica-

98 2628 147 2710 pai
162 2629 364 2696 Mithridates
381 2645 453 2693 tum
471 2629 596 2718 agebat.

134 2728 283 2813 t1.ttex,
310 2730 454 2794 tumultu
477 2728 607 2810 audito,
625 2746 753 2817 partem
773 2752 909 2808 eorum,
933 2750 1017 2815 quos
1038 2750 1149 2792 secum

99 2823 235 2912 hahebat,
251 2831 382 2895 obviarn
403 2830 519 2911 mittit,
534 2853 610 2894 cum
626 2831 749 2896 caeteris
770 2829 840 2916 ipse
860 2845 1071 2916 sequuturus.
1086 2828 1150 2893 Sed

99 2940 125 2985 et
137 2927 175 2992 illi
188 2930 378 2996 defecerunt
392 2930 434 2994 ad
450 2931 668 3012 Pharnacem,
685 2947 718 2996 et
734 2931 831 3010 urbs,
848 2953 916 2997 non
933 2930 1042 2993 invitis
1057 2931 1150 3019 oppi-

99 3021 193 3112 danis,
208 3032 248 3096 ah
263 3030 382 3096 eodem
398 3047 554 3119 occupata
573 3047 640 3095 est:
657 3030 862 3096 Mithridates
878 3031 913 3093 in
928 3031 1050 3118 regiam
1068 3054 1150 3096 con·

100 3129 180 3218 fugit.
193 3134 273 3198 lndc
288 3157 392 3220 quum
409 3133 546 3198 misisset
561 3132 602 3196 ad
621 3134 755 3213 milites,
774 3133 965 3218 quaesitum,
981 3133 1063 3220 quid
1073 3155 1151 3219 ergo

99 3231 147 3292 sibi
157 3233 299 3300 vellant?
313 3251 424 3322 aperte
439 3235 636 3299 Pharnacem
652 3234 859 3322 postularunt
874 3255 975 3319 regem
983 3281 994 3313 ,
1003 3235 1153 3323 juvenem

95 3351 145 3412 pro
159 3355 224 3400 sene
243 3335 459 3400 eurtucltorum
472 3337 630 3426 nmrter'pr'o
638 3382 649 3414 ‚
662 3332 814 3426 filiorum
829 3336 1064 3425 amicorumque
1075 3359 1152 3416 ¹ear-

98 3429 187 3513 pfice.
204 3437 262 3502 His
279 3436 416 3518 auditis,
433 3437 653 3523 Mithridates,
670 3454 707 3500 ut
726 3459 819 3525 spem
832 3436 981 3501 ultimam
995 3453 1150 3520 tenuret,

100 3529 156 3616 ipse
171 3537 397 3626 alloquututus
414 3559 469 3602 eos
488 3537 620 3626 prodiit.
635 3541 721 3604 Tum
737 3538 871 3602 intentis
887 3538 921 3601 in
939 3538 1030 3602 illum
1045 3539 1152 3628 digitis

100 3639 275 3728 transfugae,
291 3671 304 3694 «ι
314 3641 381 3720 En,
395 3640 567 3727 inquiunt,
580 3641 638 3728 qui
650 3640 788 3705 transire
797 3639 839 3704 ad
849 3661 910 3704 nos
922 3641 1081 3729 satagitis,
1094 3641 1152 3704 ubi

100 3737 197 3820 uprins
212 3740 308 3805 fidem
324 3741 445 3804 faciatis
461 3742 561 3806 animi
574 3741 800 3830 propositique
814 3740 912 3804 vestri
922 3771 945 3803 υ.

135 3837 197 3902 th.
212 3841 263 3905 td
279 3841 364 3906 hanc
379 3863 491 3906 vocem
509 3843 713 3930 prosilientes
732 3843 935 3930 complures,
956 3863 1078 3929 equum
1099 3841 1152 3903 fu-

100 3933 203 4018 gientis
229 3941 469 4025 confoderunt,
495 3945 695 4011 Pharnacem
729 3969 830 4034 regem
860 3943 992 4008 sublatis
1018 3943 1153 4009 vocibus

128 4129 182 4195 SL.
200 4138 258 4188 Dio.
275 4167 309 4176 —
329 4139 346 4205 S
365 4143 405 4190 u.
425 4142 532 4206 Appiae.
