2875 4900
313 408 379 492 184
425 439 430 448 ·
485 408 556 475 JO.
582 404 920 475 FREINSHEMH
952 400 1191 473 SUPPLEM.

307 529 474 620 precibus,
488 526 678 591 cedentibus
691 527 789 615 coepit
804 524 977 607 obsistere3
993 524 1150 611 quosdam
1165 526 1276 607 minis,
1288 528 1361 592 alios

309 631 476 720 precibus,
494 628 669 693 nonnullos
685 628 802 706 injecta
819 647 951 714 quoque
968 646 1067 689 manu
1081 626 1233 715 retinens.
1253 628 1362 715 Neque

309 750 419 796 tamen
433 730 559 796 efficere
574 729 699 817 potuit,
715 749 770 810 ne,
785 728 895 791 multis
909 728 1088 791 amicorum
1101 728 1362 816 familiariumque

309 830 514 913 cadentibus,
533 829 711 919 permixtus
729 830 848 919 agmini
865 830 1057 918 fugientium
1069 830 1110 892 'in
1128 846 1229 894 castra
1245 852 1300 894 sua
1315 852 1361 892 re·

309 934 493 1021 pelleretur.

350 1032 438 1096 xw.
461 1033 504 1095 Et
528 1032 668 1095 instabat
691 1032 830 1096 fortunae
858 1032 1048 1112 Telesinus,
1075 1046 1209 1119 totaque
1232 1032 1361 1096 volitans

307 1133 394 1213 acie,
413 1132 520 1194 adesse
541 1131 693 1195 Romanis
711 1132 856 1196 ultimum
873 1132 976 1211 mem,
996 1132 1165 1195 emendam
1184 1132 1362 1196 delendam·

309 1252 368 1319 que
393 1232 528 1311 Urbem
546 1254 708 1321 autequam
732 1231 895 1322 dp‘rtturus
918 1246 1056 1321 raptores
1083 1232 1200 1297 italicoe
1220 1234 1362 1298 menam

308 1332 414 1420 lupos,
434 1336 471 1400 m'
490 1332 586 1414 selva,
606 1336 639 1397 in
655 1356 749 1422 quom
771 1332 916 1422 refiegere
930 1333 1082 1413 solerent,
1103 1348 1180 1398 essct
1193 1338 1299 1398 exorsa
1308 1383 1317 1413 ‚
1335 1350 1362 1397 et

309 1432 369 1495 alia
389 1434 594 1499 incendendo
617 1436 710 1499 militi
731 1435 933 1499 acclamabat.
953 1435 1055 1523 Igitur
1071 1434 1202 1516 multis,
1223 1436 1279 1523 qui
1297 1458 1362 1523 spe·

310 1549 431 1597 etatum
447 1534 652 1623 prodierant,
674 1536 716 1600 ad
735 1537 857 1600 Urbem
877 1534 1131 1624 refugientibus,
1151 1557 1243 1600 senes
1259 1536 1299 1600 ad
1316 1558 1363 1600 eu·

309 1635 449 1729 stodiam
460 1652 627 1728 portarum
640 1636 742 1701 relicti
755 1636 892 1703 claustra
905 1635 1123 1717 demiserunt3
1138 1636 1257 1723 quibus
1272 1652 1302 1700 et
1316 1636 1361 1699 alii

309 1738 477 1819 mortales,
492 1754 525 1802 et
535 1738 667 1825 quidam
679 1752 866 1801 senatorum
878 1736 946 1799 elisl
957 1751 1034 1799 sunt
1045 1758 1053 1801 :
1065 1750 1219 1823 mntaque
1230 1736 1361 1800 formido

307 1838 388 1919 fuit,
402 1853 440 1901 ut
452 1822 691 1929 propemodum
705 1838 831 1901 solutus
846 1835 1014 1901 obsidione
1028 1837 1148 1900 Marius
1161 1837 1276 1919 buerit,
1294 1838 1361 1925 quia

308 1937 403 2000 multi
422 1938 498 2027 fugm
522 1937 564 2003 ad
584 1938 770 2001 Lucretium
792 1936 906 2013 delati,
931 1936 1070 2024 perditas
1088 1960 1156 2021 res,
1178 1960 1360 2027 oppressum

229 2015 242 2039 χ
307 2038 445 2120 Sullam,
466 2054 656 2125 occupatam
666 2038 790 2102 Urbem
808 2038 1009 2102 nuntiabant.
1025 2039 1186 2101 Caeterum
1202 2040 1369 2125 annitente·

307 2140 518 2226 imperatore,
535 2155 568 2210 et
585 2140 662 2225 quia
677 2139 792 2202 clausis
809 2139 911 2227 portis
927 2138 1014 2203 aliud
1034 2138 1219 2227 praesidium
1243 2140 1359 2203 nullum

307 2223 490 2328 supererat,
504 2241 651 2304 restituta
667 2241 750 2304 acies
764 2256 834 2321 est,
851 2240 1052 2327 demumque
1067 2256 1141 2328 post
1155 2242 1293 2329 primam
1307 2264 1360 2303 no·

308 2341 367 2403 ctis
386 2341 500 2404 boram
516 2337 664 2427 superior
684 2362 818 2405 esseres
837 2362 971 2405 romana
989 2342 1106 2430 coeplt:
1125 2342 1288 2429 reliquum
1307 2362 1360 2405 no·

310 2444 370 2506 ctis
386 2442 527 2507 caedibus
539 2442 671 2525 danim,
687 2459 855 2531 castraque
874 2443 1017 2508 hostium
1037 2459 1127 2532 rapta
1143 2460 1232 2512 sunt.

349 2543 422 2607 XV.
446 2543 564 2633 Magna
584 2545 630 2609 lbi
653 2561 773 2634 strages
798 2546 881 2625 fuit,
900 2546 989 2633 quod
1013 2546 1189 2633 imperator
1212 2545 1359 2622 edixerat,

307 2644 436 2731 nequis
451 2645 576 2708 Samnis
588 2647 678 2709 virus
693 2661 870 2733 caperetur.
885 2645 936 2711 nd
950 2646 1182 2734 quinquaginta
1196 2644 1359 2710 hominum

307 2743 406 2807 millia
424 2744 578 2831 utrinque
594 2744 770 2809 desiderata
789 2745 951 2810 dicuntur.
976 2747 1015 2808 ln
1038 2746 1089 2809 his
1110 2762 1142 2809 et
1161 2745 1295 2810 Albinus
1314 2745 1359 2806 in·

306 2843 402 2907 teriit.
424 2843 584 2908 Postridie
601 2845 771 2910 Telesinus
788 2847 983 2910 semianimis
999 2863 1144 2934 repertus
1159 2863 1224 2929 est,
1240 2845 1359 2911 victoris

307 2946 425 3035 magis,
444 2967 541 3033 quarn
568 2946 736 3010 morientis
757 2946 873 3010 vultu:
896 2961 993 3034 eaput
1015 2946 1192 3010 abscissum
1214 2971 1288 3011 curn
1309 2947 1361 3008 Da-

305 3044 440 3134 masippi
451 3094 460 3126 ,
472 3043 601 3127 Marcii,
619 3047 842 3134 Carinatisque
860 3047 1037 3134 capitibus,
1054 3047 1112 3134 qui
1135 3050 1219 3135 capti
1240 3049 1274 3111 in
1294 3047 1359 3134 lugu

306 3149 455 3229 fuerant,
480 3147 521 3210 ad
544 3149 731 3211 Lucretium
757 3148 853 3210 missa
878 3163 974 3226 sunt,
998 3162 1035 3210 ut
1054 3146 1192 3210 obsessis
1209 3147 1359 3210 Praeneste

305 3246 563 3311 ostenderentur.
586 3250 750 3312 Hactenus
766 3249 875 3310 omnia
889 3246 984 3312 Sulla
1000 3247 1167 3334 praeclara,
1185 3263 1242 3310 aut
1256 3247 1358 3311 saltem

305 3348 486 3412 excusanda
505 3348 707 3413 videbantur.
734 3351 933 3438 Recuperata
956 3347 1157 3436 respublica,
1181 3365 1273 3435 parta
1295 3345 1359 3435 pul-

305 3447 464 3510 cherrimis
483 3449 635 3529 victoria,
653 3449 762 3537 patriae
781 3447 972 3536 impendens
988 3449 1166 3536 periculum
1191 3471 1313 3514 summa
1332 3446 1357 3508 vi

304 3547 496 3634 depulsum,
513 3549 705 3612 immortalia
719 3548 760 3614 ad
774 3550 908 3637 gloriam
925 3549 1065 3613 facinora
1078 3563 1187 3629 erant;
1206 3548 1359 3634 Damasip

303 3666 382 3734 pum
403 3649 516 3728 etiam,
534 3665 567 3713 et
579 3649 657 3712 alios
672 3647 832 3728 ejusmodi
847 3649 973 3713 miseria
986 3649 1114 3737 publica
1130 3651 1306 3739 saginatos,
1317 3649 1359 3727 ju·

305 3749 406 3837 gulari
420 3750 541 3830 jussos,
557 3751 707 3814 homines
721 3751 919 3816 laetabantur.

338 3973 356 4037 s
369 3977 439 4024 xm.
453 3979 537 4025 l‘mnt.
550 3981 623 4026 strat.
637 3981 663 4038 l,
677 3981 835 4030 11.--l’lut.
849 3982 875 4030 in
888 3982 962 4030 Sulla.
976 4009 1011 4019 —
1024 3979 1040 4045 s
1054 3983 1124 4032 XIV.
1133 3982 1197 4030 Veli.
1211 4007 1245 4019 -
1257 3979 1318 4027 Plut.
1327 3999 1357 4012 -·

305 4058 412 4121 Al'l'lm·
429 4085 464 4097 -·
479 4059 565 4125 §U
575 4061 639 4112 vell.
652 4091 688 4102 —
703 4065 811 4130 Appias.
826 4091 859 4103 -
875 4063 954 4114 strab.
967 4063 1048 4124 lib.V,
1060 4079 1116 4132 pag.
1130 4073 1190 4132 alp.
1200 4063 1290 4112 -Dio
1299 4055 1357 4123 apud

303 4141 383 4196 Voles
399 4169 433 4181 -
445 4147 498 4192 tie.
512 4145 579 4210 Epit.
