2875 4900
311 371 382 459 534
485 376 553 443 JO.
579 372 922 440 FREINSHEMII
951 372 1196 439 SUPPLEM.

310 518 403 559 cessu
424 494 569 559 bostium
592 514 651 581 per
673 492 890 581 speculatores
919 491 1075 579 cognito,
1100 490 1214 554 milites
1237 504 1351 568 umen,

312 593 402 683 quod
413 594 447 657 in
460 618 495 659 re
510 596 726 681 inexspectata
739 592 905 657 metuebat
915 590 1057 673 insidias,
1069 592 1179 656 castris
1190 589 1351 654 continuit:

312 696 415 783 prima
431 694 549 759 deinde
566 697 637 758 luce
657 693 761 774 misit,
781 694 838 781 qui
851 694 960 757 hostes
974 708 1171 774 moraretur,
1185 692 1353 757 uuiversum

312 797 511 883 equitatum,
529 820 606 861 cum
631 797 672 878 Q.
698 793 815 876 Pedio,
838 796 873 859 L.
893 795 1113 859 Aurunculeio
1137 796 1232 859 Cotta
1250 793 1353 881 legatis.

312 897 491 961 Labienum
516 918 592 960 cum
617 896 799 985 legionibus
823 897 926 961 tribus
951 896 1106 984 subsequi
1130 896 1232 976 jussit.
1259 896 1354 977 Quum

314 999 458 1063 hostium
479 1022 516 1063 ea
536 998 619 1061 ratio
640 1014 742 1078 esset,
765 1014 803 1061 ut
827 998 993 1062 novissimi
1017 1020 1052 1062 sc
1076 1012 1311 1077 converterent,
1330 1010 1355 1059 et

314 1099 558 1187 impressionem
571 1100 794 1161 Romanorum
811 1099 1019 1179 sustinerent,
1034 1099 1140 1163 caeteri
1154 1098 1279 1161 interim
1290 1118 1355 1161 con·

314 1215 401 1268 tonte
414 1199 587 1287 fugerent5
605 1199 678 1263 illos
693 1200 924 1288 superveniens
942 1199 1102 1265 Labienus
1118 1198 1257 1279 disjecit,
1272 1214 1301 1262 et
1314 1196 1356 1259 fu·
1396 1199 1397 1221 ¹

313 1300 476 1390 gientibus
491 1301 655 1366 immissus
670 1325 787 1389 eques,
803 1302 968 1390 ingentem
984 1318 1121 1391 stragem
1138 1298 1248 1364 edidit.

358 1401 473 1465 LVIII.
498 1404 567 1467 Nec
592 1419 738 1467 moratus
763 1404 890 1484 Caesar,
919 1404 999 1490 quin
1028 1401 1184 1491 postridie
1211 1402 1311 1466 statim
1331 1398 1356 1461 in
1396 1406 1397 1479 I

315 1501 502 1568 Suessiones
526 1503 670 1569 duceret.
692 1506 719 1568 li
741 1527 775 1569 se
792 1505 916 1586 statim,
935 1527 1041 1592 neque
1062 1505 1165 1568 multo
1184 1520 1257 1593 post
1270 1502 1357 1567 Bello·
1396 1490 1397 1519 ³

315 1602 403 1683 vaci,
429 1602 635 1668 dediderunt.
659 1607 763 1669 Caesar
783 1622 961 1693 utrumque
983 1607 1166 1693 populum,
1191 1604 1358 1671 Suessiones
1396 1678 1397 1691 χ

314 1704 457 1786 Rhemis,
472 1706 654 1770 bellovacos
667 1706 784 1771 AEduis
798 1706 1056 1796 deprecantibus,
1071 1696 1279 1771 conservavit.
1296 1704 1358 1767 Mox
1396 1762 1397 1767 ,

315 1807 482 1870 Ambianis
493 1808 639 1895 receptis,
651 1807 692 1871 ad
703 1807 785 1872 fines
797 1808 990 1872 Nerviorum
1001 1824 1205 1895 perventum.
1220 1808 1260 1872 Hi
1270 1825 1358 1891 neqtrt
1396 1864 1397 1895 3

315 1908 469 1972 miserant
487 1907 528 1972 ad
543 1912 699 1975 Caesarem
716 1911 854 1999 legatos,
872 1924 904 1973 et
918 1908 1106 1973 ferocissimi
1122 1910 1289 1998 Belgarum
1301 1926 1359 1967 oni·

317 2010 410 2073 nium
433 2010 653 2091 habebantur,
673 2010 826 2074 institutis
848 2010 1001 2075 virtutem
1018 2009 1265 2082 roborantibus,
1285 2006 1359 2084 cujus

317 2112 477 2200 vigorem,
496 2110 668 2199 prohibitis
685 2111 719 2173 in
737 2110 817 2175 fines
830 2108 957 2199 ingredi
970 2108 1222 2191 mercatoribus,
1239 2109 1359 2193 vinoque

317 2227 350 2274 et
362 2212 538 2301 peregrinis
551 2210 673 2275 deliciis
685 2213 842 2298 proecluso
856 2210 962 2293 aditu,
976 2211 1162 2276 tuebantur.
1177 2212 1277 2275 Vetus
1288 2205 1359 2297 genti

317 2311 470 2377 adversus
492 2312 704 2377 finitimorum
729 2314 930 2377 incursiones
955 2312 1140 2400 praesidium
1165 2313 1200 2376 in
1230 2312 1359 2376 silvarum
1396 2324 1397 2341 ³

318 2414 531 2479 munimentis
549 2430 634 2497 erat,
654 2436 733 2503 quas
749 2430 816 2480 arte
831 2414 986 2503 quadam,
1002 2416 1047 2479 ita
1066 2414 1237 2503 implicatis
1256 2409 1360 2478 arbori·

319 2516 398 2597 bus,
417 2517 573 2604 rubisque
590 2534 623 2580 et
638 2517 785 2582 sentibus
805 2517 890 2582 inter
908 2539 959 2580 eas
977 2515 1138 2596 serendis,
1152 2515 1360 2584 densaverant,
1396 2533 1397 2574 ς

319 2629 443 2677 utnon
464 2615 563 2679 modo
584 2615 723 2704 pedibus
742 2618 910 2682 inaccessae
928 2633 1025 2704 atque
1047 2617 1158 2697 invise,
1176 2616 1234 2680 sed
1254 2637 1292 2678 ne
1305 2612 1361 2674 risu
1396 2641 1397 2646 ¹

319 2715 453 2802 quidem
464 2717 679 2804 penetrabiles
693 2735 808 2782 essent.

364 2817 449 2882 LIX.
467 2819 515 2880 Ex
528 2818 579 2880 his
593 2819 693 2882 veluti
708 2819 817 2883 lustris
829 2818 937 2883 subito
950 2817 1144 2882 Nerviorum
1161 2833 1194 2880 et
1210 2817 1363 2880 Veronen-

320 2919 462 2983 duorum
480 2941 517 2982 ac
532 2919 739 3001 Atrebatum,
758 2919 877 3007 quibus
893 2918 1005 2983 eadem
1021 2919 1131 2983 Nervii
1145 2927 1362 3007 persuaserant,

322 3021 484 3109 sexaginta
508 3020 607 3084 millia
631 3037 874 3110 proruperunt,
903 3021 1092 3110 impetuque
1118 3021 1154 3083 in
1186 3017 1363 3085 Cesarianos

322 3137 424 3185 castra
440 3123 719 3201 mansuefacto,
737 3139 903 3186 cruentam
922 3121 1096 3187 ediderunt
1112 3143 1265 3211 pugnarn.
1280 3119 1363 3182 ‘lanta

322 3223 409 3286 enim
423 3221 582 3287 fortitudo
595 3239 629 3287 et
645 3224 788 3288 celeritas
804 3224 978 3288 hominum
993 3225 1070 3305 fuit,
1087 3239 1125 3288 ut
1138 3225 1298 3305 objectum
1310 3221 1363 3281 (λ’-

323 3323 400 3386 saris
419 3325 599 3410 equitatum
618 3342 786 3390 memento
804 3324 994 3402 funderent,
1016 3324 1137 3389 flumen
1154 3322 1363 3412 interpositum

321 3423 432 3510 (Sabis
444 3442 521 3506 erat,
533 3428 698 3491 sambram
711 3442 827 3491 vocant
838 3426 955 3514 hodie)
967 3444 1167 3515 superarent,
1179 3443 1213 3491 et
1225 3428 1258 3489 iu
1269 3421 1363 3487 adver·

323 3547 397 3588 sum
409 3527 534 3607 collem,
548 3529 605 3592 ubi
618 3544 717 3592 casua
730 3529 861 3592 Caesaris
874 3543 977 3609 erant,
990 3529 1202 3592 eniterentur.
1218 3527 1267 3590 Ibi
1279 3541 1363 3611 quun

323 3628 499 3692 maximum
522 3628 694 3694 discrimen
716 3647 816 3710 esset,
837 3631 1046 3718 septimaeque
1066 3646 1099 3694 et
1119 3628 1314 3693 duodecime
1331 3623 1364 3684 le·

322 3730 457 3818 giontm
477 3732 683 3795 centuriones
701 3731 938 3818 propemodum
959 3754 1073 3796 omnes
1092 3730 1294 3808 cecidissent,
1310 3727 1364 3787 Ce-

324 3855 393 3914 sar,
416 3848 455 3895 ut
477 3847 646 3895 nutantem
674 3833 850 3897 exercitum
874 3831 1096 3912 confirmaret,
1123 3847 1215 3921 rapto
1241 3851 1258 3893 e
1283 3842 1364 3890 manu

325 3934 433 3998 militis
449 3949 558 4016 scuto,
577 3934 610 3996 in
624 3934 761 4022 primam
774 3934 875 3998 aciem
891 3934 1054 4023 provolat,
1070 3933 1279 4020 praeliumque
1290 3921 1365 3990 resti·

213 4045 218 4054 “
325 4035 405 4114 tuit;
425 4034 529 4099 donec
543 4034 615 4099 duae
632 4035 792 4124 legiones,
812 4057 884 4123 qum
899 4034 1136 4124 impedimentis
1148 4033 1261 4098 relictae
1273 4021 1364 4118 prasi·
