2875 4900
297 440 369 533 494
476 438 544 506 JO.
570 437 910 508 FREINSHEMII
941 436 1186 513 SUPPLEM.

294 560 486 625 Ciceronem
498 556 625 620 intento
637 557 732 639 nisu,
749 557 891 623 favorem
905 559 965 624 sibi
983 560 1136 627 ordinum
1148 566 1241 653 prius
1253 588 1354 655 paran-

293 660 374 726 dum
387 658 557 749 rogatione
569 672 675 739 ratus,
689 660 910 723 Annonariam
923 661 1046 750 legem,
1063 664 1208 755 itemque
1219 669 1308 733 aliam
1320 672 1353 737 de

289 758 510 835 instaurandis
526 760 668 851 collegiis
686 761 777 844 tulit,
797 761 906 826 triduo
924 780 1099 852 postquam
1116 770 1153 831 L.
1170 770 1353 857 Calpurnius

289 868 327 931 L.
339 864 377 930 F.
388 866 425 929 L.
438 862 482 929 N.
495 863 572 927 Piso
590 862 800 945 Caesoninus,
814 868 850 929 A.
870 864 1030 930 Gabinius
1046 870 1084 931 A.
1100 870 1137 933 F.
1157 873 1352 937 consulatum

289 969 437 1033 inissent.

333 1070 418 1133 elx.
442 1066 544 1130 Erant
561 1065 630 1128 haec
647 1088 777 1129 summe
794 1068 982 1155 popularia:
996 1092 1070 1133 nam
1089 1071 1293 1138 frumentum
1306 1098 1352 1164 po·

286 1172 382 1263 pulo,
397 1165 488 1257 quod
499 1181 593 1230 antea
604 1168 791 1231 semissibus
801 1183 834 1231 et
845 1169 1019 1234 trientibus
1030 1170 1064 1234 in
1075 1172 1222 1261 singulos
1234 1176 1350 1241 modios

286 1272 443 1349 dabatur,
456 1266 634 1355 gratuitum
647 1266 764 1349 fiebam
779 1284 811 1331 et
829 1268 962 1361 collegia
976 1294 1044 1335 non
1059 1286 1207 1357 tantum,
1226 1298 1299 1364 quae
1309 1301 1350 1343 se

285 1388 381 1438 natus
400 1368 592 1448 sustulerat,
610 1369 879 1445 restituebantur,
899 1370 956 1435 sed
975 1374 1078 1437 multa
1094 1392 1268 1462 praeterea,
1287 1402 1349 1468 qun

283 1494 453 1560 nunquam
469 1468 615 1551 luserant,
629 1490 669 1533 ex
683 1469 761 1533 faece
770 1470 873 1557 plebis
886 1473 1180 1540 constituebantur.
1194 1479 1240 1543 Ut
1249 1496 1347 1544 antem

282 1590 398 1641 senatu
411 1573 537 1661 placato
552 1586 701 1636 uteretur
716 1568 731 1659 (
738 1594 813 1635 nam
834 1574 1002 1657 consules,
1022 1576 1133 1641 Pisoni
1147 1578 1346 1663 Macedonia,

283 1660 423 1743 Gabinio
438 1674 529 1762 Syria
545 1670 628 1736 datis
640 1672 834 1760 provinciis,
847 1674 1007 1763 emerat),
1021 1678 1114 1759 tulit,
1128 1702 1168 1743 ns
1177 1704 1346 1769 quemam-

280 1801 362 1842 sores
383 1778 417 1840 in
437 1788 550 1837 senatu
566 1770 700 1860 legendo
708 1776 926 1861 praeten'rent,
949 1798 1024 1841 neve
1041 1790 1191 1845 notarent
1196 1830 1207 1861 ,
1227 1786 1288 1847 urii
1298 1788 1350 1873 qui

277 1880 369 1972 apud
384 1900 436 1943 eos
449 1888 635 1956 accusatus,
650 1890 681 1940 et
692 1877 852 1966 uanoque
867 1882 1004 1944 censoris
1016 1886 1170 1946 sententia
1182 1883 1345 1950 domm

275 1996 361 2049 esset.
377 1983 428 2046 Ne
441 1993 552 2044 autem
570 1998 647 2041 cum
662 1976 759 2064 plebe
775 1992 908 2058 acturo,
925 1976 967 2041 de
982 1980 1060 2043 caelo
1075 1983 1275 2048 serrantium
1289 1985 1343 2049 ob·

277 2082 439 2149 nuntiatio
461 2091 614 2160 noceret,
641 2098 741 2141 unam
768 2078 939 2142 maximam
961 2080 1219 2168 perniciosarum
1241 2086 1341 2175 legum

275 2196 456 2265 remoram,
473 2179 603 2246 Fusium
625 2195 657 2243 et
675 2178 793 2244 AEliam
811 2180 916 2270 leges,
932 2204 1005 2270 quae
1025 2200 1118 2249 erant
1135 2185 1178 2251 de
1199 2188 1342 2277 auspiciis

272 2290 364 2369 latae,
384 2283 572 2374 abrogavit;
595 2297 714 2363 cauto,
733 2304 773 2345 ne
795 2285 866 2371 quis
888 2287 1093 2372 magistratus
1106 2308 1168 2375 per
1190 2310 1243 2353 eos
1263 2290 1338 2370 das,

271 2390 382 2481 quibus
397 2386 540 2453 tribunus
549 2382 653 2473 plebis
665 2406 738 2448 cum
749 2384 869 2474 populo
882 2396 1009 2473 ageret,
1026 2386 1067 2452 de
1077 2388 1157 2454 ccelo
1168 2406 1309 2457 servaret.

317 2491 387 2556 CX.
403 2491 487 2554 Nam
503 2487 683 2574 antiquitus
700 2486 904 2568 obtinuerat,
922 2503 960 2552 ut
976 2509 1080 2576 quum
1095 2491 1273 2579 plurimum
1288 2515 1339 2557 au·

271 2593 372 2684 guriis
399 2587 632 2675 ominibusque
654 2587 795 2651 Romani
817 2587 1018 2672 tribuerent,
1034 2591 1161 2656 infinita
1188 2593 1337 2659 haberent

269 2693 407 2784 singulis
427 2689 585 2780 negotiis,
607 2703 645 2752 ut
662 2690 841 2778 putabant,
863 2689 1075 2779 significantia
1095 2710 1261 2760 eventum.
1278 2695 1337 2760 Sed

267 2795 440 2887 augurium
459 2789 499 2855 de
515 2789 593 2854 caelo
609 2790 811 2879 praecipuum
824 2789 1021 2875 habebatur,
1045 2793 1146 2882 idque
1165 2797 1266 2861 semel
1286 2821 1335 2861 ct·

266 2913 362 2987 ptum
378 2896 412 2959 in
430 2907 532 2957 totam
549 2913 620 2955 eam
636 2889 722 2954 diem
741 2890 830 2955 etad
848 2890 959 2955 omnia
975 2895 1105 2984 negotia
1121 2897 1258 2962 valebat.
1277 2900 1335 2963 Ea·

266 3001 343 3065 dem
354 2997 524 3087 rogatione
538 2992 644 3057 Clodii
657 2993 952 3082 comprehensum,
969 3009 1007 3059 ut
1018 2997 1264 3085 omnibussostis
1274 2999 1335 3064 det-

266 3103 323 3165 bus
342 3100 442 3186 legem
444 3095 538 3186 ferre
552 3095 657 3159 liceret
662 3143 673 3177 ,
691 3098 787 3158 etaiam
804 3097 1017 3160 intercessione
1033 3098 1159 3163 sublata
1170 3124 1183 3164 .·
1200 3101 1334 3191 nequid

265 3201 368 3267 divini
389 3198 567 3263 humanive
578 3197 661 3277 juris
680 3197 800 3260 morari
818 3196 1016 3286 praeeipitem
1031 3198 1175 3265 hominis
1192 3201 1332 3266 furorem

263 3319 383 3394 posset.
407 3301 478 3365 Nec
500 3299 628 3362 fallebat
655 3299 868 3379 Ciceronem,
895 3298 1048 3365 adversus
1069 3323 1104 3366 se
1128 3325 1244 3369 omnes
1260 3306 1331 3370 istas

264 3403 429 3469 machinas
442 3401 638 3488 comparari3
653 3417 855 3488 quapropter
865 3403 900 3465 L.
914 3400 1113 3466 Mummium
1129 3404 1330 3486 Quadratum

261 3505 433 3571 tribunum
457 3496 559 3590 plebis
581 3502 726 3585 invenit,
746 3503 803 3591 qui
819 3501 975 3566 clodianis
993 3504 1176 3570 actionibus
1195 3508 1330 3572 interce·

260 3608 390 3772 derCelll.
405 3703 467 3768 Hic
482 3719 515 3767 et
526 3702 669 3768 kalendis
682 3704 857 3786 januariis,
873 3728 976 3793 quum
993 3707 1026 3769 ln
1036 3706 1071 3771 ld
1085 3721 1216 3798 “³um
1232 3711 1328 3775 (Μ’

293 3884 310 3950 s
327 3884 419 3933 cvm.
437 3883 471 3930 U.
485 3881 514 3930 C.
530 3879 641 3940 6943A.
652 3879 681 3926 C.
695 3879 737 3927 58.
753 3905 790 3914 -
804 3881 906 3928 Sustou.
918 3883 983 3944 Aug.
995 3897 1018 3930 c.
1029 3881 1053 3929 3.
1069 3881 1326 3943 -Plin.11‚s7.-

257 3973 346 4034 Pomp.
355 3966 496 4024 uemnt,
509 3963 535 4012 5.
545 3963 640 4013 -cin
653 3961 685 4011 ad
698 3965 730 4027 Q.
743 3963 810 4011 fratr.
820 3964 889 4022 1,a,
900 3975 926 4011 et
936 3965 963 4012 iu
975 3965 1024 4012 Pis.
1038 3979 1060 4012 c.
1075 3979 1100 4026 9.
1111 3965 1216 4014 -velt
1230 3968 1271 4024 11,
1285 3965 1324 4028 59.

255 4078 292 4089 -
310 4053 428 4099 Marmor.
444 4046 511 4112 apud
521 4045 590 4112 lb'gb.
605 4072 639 4082 -
653 4048 761 4112 Appiau.
779 4043 874 4110 Syriae.
895 4074 931 4084 —
943 4044 960 4112 S
973 4047 1041 4098 mx.
1055 4047 1108 4098 cte.
1118 4049 1210 4114 passim
1221 4049 1247 4098 in
1258 4051 1324 4096 Orat.

255 4159 292 4169 -
304 4135 396 4180 Ascom
407 4130 434 4178 ia
447 4130 495 4178 Pis.
505 4157 539 4167 -
550 4129 608 4178 Dio.
619 4157 656 4168 -
667 4127 682 4194 §
695 4129 751 4179 CL.
761 4129 812 4179 Cic.
823 4141 882 4194 post
895 4129 978 4180 Redit.
988 4131 1014 4179 in
1028 4133 1084 4182 Seu.
1099 4144 1124 4182 et
1139 4132 1170 4182 de
1180 4135 1240 4184 Iler.
1251 4135 1323 4196 nup·

255 4227 281 4264 et
292 4231 339 4279 pro
353 4213 436 4263 domo.
448 4240 485 4251 -
494 4215 551 4262 Dio.
