2875 4900
193 408 243 477 IN
273 406 388 477 LOC.
415 408 510 475 LIB.
536 406 761 474 LXXXIII
793 406 1021 476 LIVIANI.
1076 406 1142 479 123

110 528 179 591 danti
192 529 355 593 consilinm
374 549 507 609 corum,
522 526 670 617 nihilque
682 526 805 593 referre
817 526 956 611 dicenti,
972 544 1143 617 postquam

109 632 133 693 in
146 631 255 695 romani
272 631 384 719 populi
400 628 464 695 lide
481 644 608 706 essent,
624 630 692 695 utri
707 651 743 694 se
758 630 947 718 imperatori
960 628 1143 696 traderent:

108 731 183 795 etiam
203 732 399 821 cognationis
424 729 664 795 necessitudine
685 746 955 811 commemorata,
971 730 1143 821 indignum

108 830 224 915 dicebat,
245 856 279 899 se
294 854 467 898 romanum
483 832 653 897 bominem
668 831 854 919 ducemque
874 832 1017 919 antique
1034 832 1144 920 patric·

108 934 243 1000 monibus
259 935 370 1001 arceri.

140 1034 200 1101 VII.
223 1037 364 1123 Quoquo
378 1033 478 1099 modo
495 1034 657 1124 ingressus
672 1034 787 1116 fuerit,
804 1034 1014 1099 senissimum
1031 1050 1146 1097 trucu-

107 1134 358 1224 lentissimumque
372 1136 501 1200 bostem
517 1135 551 1198 in
571 1158 608 1198 ea
624 1135 705 1201 urbe
718 1134 854 1225 gessisse
868 1152 1014 1199 constat:
1025 1158 1103 1199 nam
1112 1150 1146 1199 et

107 1257 206 1317 onnes,
215 1238 269 1325 qui
285 1250 504 1317 occurrerant,
512 1236 697 1324 promiscua
710 1233 798 1301 caede
807 1236 928 1317 stravit,
943 1252 977 1301 ct
986 1234 1146 1325 oppidum

106 1334 233 1401 incendio
250 1336 369 1401 delevit
384 1334 549 1419 [unditus5
567 1358 623 1401 eos
639 1352 767 1420 autem,
782 1338 840 1425 qui
855 1337 951 1426 legati
964 1337 1008 1402 ad
1022 1337 1145 1401 Sullam

105 1433 227 1518 lucrant,
239 1438 408 1525 exquisitis
431 1437 629 1503 cruciatibus
650 1438 874 1526 consumpsit,
886 1438 970 1504 adeo
987 1462 1030 1503 ne
1049 1440 1147 1503 sacris

105 1536 214 1621 quidem
229 1560 385 1627 parcens,
403 1554 442 1601 ut
456 1540 598 1621 multos,
617 1540 675 1627 qui
696 1540 911 1629 confugerant
922 1542 957 1605 in
973 1542 1145 1622 Minerva,

104 1658 165 1701 curn
171 1638 238 1727 ipso
245 1640 367 1729 templo
375 1657 608 1705 concremaret.
622 1642 728 1705 Muris
740 1662 873 1729 quoquc
882 1640 1017 1723 dirut'n,
1030 1642 1148 1731 postri-

106 1736 147 1803 die
160 1741 258 1805 risum
273 1742 367 1807 ivisse
387 1740 522 1823 dicitur,
540 1766 582 1807 ne
597 1765 661 1831 qua
676 1744 761 1807 forte
777 1764 851 1830 pars
865 1742 956 1807 urbis
969 1740 1150 1831 integr-sin„-

104 1852 205 1905 nctave
214 1843 431 1907 remansisset.
438 1843 515 1925 Quo
525 1844 633 1907 minus
645 1842 721 1909 fidei
729 1841 916 1908 babendum
924 1860 1036 1931 putem
1049 1842 1146 1909 mira·

103 1941 160 2005 cub
172 1946 391 2025 narrantibus,
402 1944 595 2009 inviolatum
604 1945 759 2010 Minerroe
769 1946 928 2033 templum
941 1947 1080 2027 stetisse,
1095 1967 1149 2009 ne·

105 2064 155 2127 que
165 2042 361 2129 dubitatum,
379 2046 459 2133 quin
478 2045 586 2110 divina
598 2047 762 2125 majestate
774 2045 947 2111 defensum
962 2060 1056 2109 esset.

135 2144 214 2211 VIII.
226 2148 310 2213 Sanc
327 2144 437 2211 sedern
456 2148 526 2225 ejus
545 2146 747 2233 (Palladiam
757 2147 865 2213 vocari
878 2169 959 2211 usus
974 2144 1147 2232 obtinuit),

101 2246 214 2326 amotis,
225 2247 346 2335 quibus
360 2245 519 2311 obrutum
530 2246 647 2327 bresit,
663 2247 855 2327 ruderibus,
873 2248 1033 2337 integram
1043 2246 1149 2311 invio-

101 2341 242 2435 latamque
264 2348 410 2429 stetisse,
425 2348 576 2429 fuerunt,
593 2350 651 2437 qui
669 2348 830 2430 dicerent3
851 2350 992 2413 multum
1008 2348 1148 2413 irriden-

100 2445 192 2529 tibus,
207 2451 264 2538 qui
290 2471 445 2516 armnnm
468 2449 556 2514 idern
578 2450 620 2514 ab
641 2451 756 2538 Ulyssc
772 2469 806 2516 et
824 2450 984 2516 Diomede
1003 2451 1147 2514 ablatum

35 2551 36 2588 ³
100 2547 188 2630 credi,
197 2567 229 2614 ct
237 2551 521 2640 prsetereallomae,
536 2567 570 2615 et
581 2551 724 2633 Larinii,
737 2567 771 2616 et
784 2553 945 2633 boemie,
954 2568 989 2617 et
1000 2552 1146 2632 Siritide,

99 2663 125 2708 et
138 2651 224 2740 Argis
242 2651 373 2717 ostendi
388 2667 554 2716 noverant.
573 2652 645 2716 Hoc
659 2653 877 2718 infortunium
890 2655 1022 2718 Ilienses
1037 2653 1147 2718 subie-

99 2766 178 2830 runt,
194 2774 301 2838 quum
326 2751 410 2816 inter
432 2750 516 2816 duos
543 2753 751 2841 imperatores
773 2754 815 2819 ad
839 2755 1001 2843 potiorem
1026 2756 1145 2844 magis,
1209 2813 1216 2837 ,

99 2869 180 2932 quam
189 2851 229 2916 ad
238 2852 679 2943 propiorem,respexisscnt.
687 2855 775 2920 Sulla
781 2857 869 2921 enim
879 2857 1003 2921 bellum
1012 2879 1052 2920 eo
1064 2871 1147 2920 tcm-

99 2969 163 3032 pore
175 2975 249 3018 cum
261 2953 440 3018 Thracibus
456 2955 605 3043 gerebat,
619 2957 780 3021 continuo
795 2956 1020 3022 Macedoniam
1033 2957 1144 3019 incur·

99 3054 243 3120 sontibus:
256 3076 325 3142 quo
341 3055 439 3118 simul
453 3056 645 3121 immanium
658 3059 807 3146 gentium
819 3073 983 3121 coerceret
995 3056 1148 3139 injurias3

99 3149 195 3235 simul,
206 3155 286 3220 dum
298 3177 317 3218 a
328 3155 515 3221 Mithridate
527 3159 661 3222 nuntios
673 3175 850 3248 exspectat,
866 3174 900 3222 et
913 3173 1076 3224 exerceret
1084 3161 1148 3224 mi·

99 3250 187 3336 litem,
201 3273 235 3320 et
249 3255 376 3322 ditaret.

133 3355 185 3420 IX.
195 3359 301 3446 Igitur
314 3380 417 3446 quum
432 3358 541 3423 multis
553 3361 667 3448 praeliis
675 3361 830 3443 Henetos,
838 3359 1149 3444 Dardanos,Sintos,
1214 3435 1219 3445 1
1295 3407 1304 3423 ,

99 3451 288 3539 Scordiscos,
306 3457 524 3547 finitimosque
542 3463 681 3549 populos
698 3462 911 3545 concidissct3
930 3486 1026 3553 agros
1044 3485 1151 3552 popu·

100 3552 183 3638 Istus,
193 3560 367 3648 predaque
386 3563 543 3628 militibus
559 3587 728 3644 concessa,
744 3565 779 3628 in
795 3565 1020 3630 Macedoniam
1035 3582 1085 3629 cst
1099 3587 1150 3628 re-

100 3677 221 3740 gressus.
245 3662 316 3728 Sub
332 3664 401 3730 baec
422 3679 588 3752 tempora,
606 3665 721 3730 Cinnae
737 3667 963 3755 Carbonisque
977 3665 1149 3732 consulum

126 3905 141 3970 S
155 3911 197 3958 VI.
219 3913 272 3960 le.
290 3913 356 3978 Epic.
377 3941 412 3950 -
434 3915 541 3980 Appian.
557 3943 594 3954 -
615 3917 694 3966 strab.
711 3917 755 3965 lib.
773 3919 847 3976 xm,
867 3933 893 3980 p.
909 3916 969 3978 596.
986 3941 1021 3952 -
1040 3916 1097 3964 Dio.
1115 3943 1150 3952 -

99 3983 170 4046 ΠΗ.
185 3995 241 4044 Dic.
256 4023 292 4034 -
305 3999 359 4044 liv.
370 3998 436 4062 Epir.
454 4025 489 4036 -·
507 4001 613 4064 lopian.
627 4027 663 4036 -
676 4003 750 4048 Auct.
762 4000 856 4048 chir.
866 3998 902 4045 ill.
917 4014 970 4063 esp.
980 3999 1014 4044 co
1023 4007 1049 4045 et
1061 3998 1102 4058 75.
1116 4025 1151 4034 -

100 4069 619 4144 Jul.0bteq‚up,116.-stnb.lib.vl‚
631 4099 656 4148 p.
671 4084 733 4138 abt.
744 4109 779 4118 —-
788 4085 890 4130 Psusan.
903 4079 947 4127 tib.
959 4081 993 4128 11.
1006 4105 1042 4116 -
1055 4078 1070 4143 s
1082 4081 1151 4128 vm.

102 4148 213 4226 II'AEpit
223 4189 257 4198 -
267 4163 371 4230 Eutrop.
385 4191 418 4202 ·-·
433 4165 540 4230 Appim.
552 4193 584 4204 -·
595 4167 653 4216 Tac.
664 4169 729 4214 Ann.
742 4167 766 4224 1,
784 4181 805 4215 ι.
817 4193 852 4202 -
861 4163 926 4214 Veli.
937 4165 973 4222 11,
987 4165 1029 4210 23.
1041 4180 1050 4204 ι
