2875 4900
379 184 390 217 b

300 398 369 469 612
469 381 905 466 Jo.rnu1nsuun11
936 394 1183 473 surenam.

300 536 446 601 senator,
461 521 494 582 in
510 518 604 583 turba
621 516 829 582 eliderentur.
847 516 901 583 Sic
914 513 1063 578 affectam
1077 536 1144 577 rem
1159 511 1276 576 tribuni
1290 512 1344 601 ple·

298 623 349 687 bis
368 622 409 705 Q.
425 620 620 709 Pompeius,
634 621 672 683 T.
687 618 827 681 Plancus
843 614 949 698 nacti,
965 636 1069 702 quum
1085 630 1118 679 et
1133 612 1193 701 ipsi
1208 612 1345 677 Milonem

300 722 465 805 odissent,
480 724 514 785 in
529 720 636 787 Clodii
650 719 787 785 domum
802 732 1014 782 accurrerunt
1029 740 1037 781 z
1056 714 1175 779 horum
1189 731 1347 803 conspectu

300 826 401 915 magis
418 825 571 889 incitatur
593 820 755 885 temeritas
775 819 882 908 vulgi,
899 817 1075 906 corripitur
1090 832 1256 895 mortuus,
1269 830 1299 879 et
1309 815 1348 877 uti

300 925 409 990 nudus
428 926 461 989 in
478 925 563 989 lecto
576 922 718 1002 jacebat,
734 936 773 985 ut
786 918 931 1007 conspici
946 918 1080 983 vulnera
1095 934 1244 1007 possent,
1258 916 1347 980 deser-

299 1042 354 1090 tur
368 1027 403 1090 in
417 1026 537 1105 forum,
551 1022 631 1087 etin
646 1022 769 1086 Rostris
781 1021 987 1109 proponitur.
996 1019 1135 1084 Plancus
1148 1035 1180 1083 et
1191 1019 1347 1106 Pompeius

302 1128 336 1191 in
351 1126 509 1190 Milonem
524 1122 784 1189 concionantur:
805 1121 905 1203 nihil,
922 1119 1012 1209 quod
1028 1118 1070 1185 ad
1085 1118 1303 1185 concitandam
1314 1118 1349 1179 in·

299 1226 418 1291 vidiam
429 1224 811 1311 commiserationemque
823 1222 892 1287 fieri
900 1237 1024 1311 potest,
1033 1222 1293 1311 pretermittitur.
1302 1220 1347 1283 llis

298 1350 400 1417 quum
418 1326 501 1395 ultra
517 1326 648 1391 solitum
666 1324 823 1414 imperitae
843 1321 1060 1387 multitudiuis
1077 1322 1257 1412 indignatio
1277 1342 1348 1385 erar·

299 1430 407 1511 sisset,
430 1430 502 1493 Ser.
519 1427 636 1492 Clodio
656 1426 761 1491 scriba
779 1424 881 1506 duce,
902 1424 960 1513 qui
975 1424 1137 1513 praecipue
1155 1423 1290 1490 clodiani
1306 1422 1347 1483 lu·

299 1529 381 1592 roris
398 1528 532 1617 signifer
547 1550 674 1618 semper
689 1526 810 1607 fuerat,
824 1548 943 1614 corpus
956 1525 1097 1590 infertur
1109 1525 1144 1588 in
1158 1524 1279 1589 curiam
1292 1524 1347 1587 Ho-

299 1616 433 1711 stiliam,
446 1628 665 1719 neglectisque
676 1627 831 1691 funerum
843 1627 978 1706 ritibus,
992 1628 1062 1690 sine
1072 1626 1281 1732 imaginibus,
1294 1626 1347 1688 sine

301 1745 419 1810 cantu,
436 1729 506 1795 sine
521 1728 700 1818 exsequiis,
719 1751 800 1817 rogo
819 1750 859 1791 ex
878 1727 1057 1810 subselliis,
1079 1744 1112 1792 et
1131 1727 1347 1799 tribunalibus¹

301 1848 333 1896 et
350 1831 485 1913 mensis,
503 1846 535 1894 et
551 1829 719 1895 codicibus
735 1828 940 1894 librariorum
957 1844 1112 1919 congesto
1129 1843 1347 1891 concrematur.

301 1934 373 1997 Hoc
390 1933 464 2021 igne
480 1947 514 1995 et
526 1932 617 1995 curia
631 1932 747 1995 hausta
761 1946 826 2011 est,
843 1946 875 1993 et
891 1930 997 1994 vicina
1012 1930 1137 2022 aliquot
1154 1928 1285 1993 aedificia
1296 1926 1348 2015 pri·

300 2049 475 2096 vatorum:
500 2030 748 2120 comprehendit
776 2031 870 2095 etiam
898 2030 1045 2096 Porcium
1069 2031 1254 2110 basilicam,
1269 2048 1347 2117 quam

301 2156 418 2196 censor
431 2134 510 2196 Cato
525 2131 586 2196 sub
603 2132 692 2195 curia
705 2131 740 2193 in
757 2131 830 2195 foro
846 2146 1014 2195 stnuerat.

344 2232 468 2297 XXIII.
493 2234 563 2297 Hoc
579 2234 725 2296 tumultu
742 2233 869 2298 excitati
884 2232 1010 2317 Patres,
1025 2229 1087 2297 sub
1101 2256 1267 2322 vesperam
1283 2230 1349 2310 ejus·

301 2334 374 2398 dem
389 2333 452 2397 diei
465 2335 498 2397 in
510 2333 633 2398 Palatio
647 2350 889 2416 convenerunt,
902 2350 1075 2423 creatoque
1086 2335 1249 2425 interrege
1257 2333 1300 2398 M.
1308 2332 1349 2394 1ae

300 2433 398 2524 pido,
412 2436 474 2517 illi,
486 2436 689 2525 tribunisque
703 2452 737 2500 et
748 2435 923 2526 Pompeio,
937 2436 995 2525 qui
1006 2436 1184 2524 proconsul
1192 2434 1236 2502 ad
1246 2433 1348 2500 Urbem

299 2552 384 2616 erat,
408 2559 519 2600 curam
537 2537 723 2626 reipublicae
746 2537 991 2602 mandaverunt.
1011 2535 1076 2602 Sed
1095 2537 1244 2602 elodiana
1257 2531 1349 2600 multi·

300 2635 381 2700 tudo
400 2634 440 2700 ad
465 2637 718 2726 oppugnandam
743 2637 883 2703 absentis
907 2637 1039 2703 Milonis
1062 2637 1200 2703 domum
1226 2633 1349 2703 cucurrit

301 2761 376 2802 cum
392 2737 536 2823 facibus,
551 2737 609 2804 sed
630 2739 753 2829 sagittis
771 2740 916 2829 repulsa,
936 2740 1036 2804 fasces
1056 2762 1096 2804 ex
1117 2741 1203 2804 lecto
1222 2736 1349 2804 libitine

300 2855 409 2927 raptos
432 2839 473 2904 ad
495 2839 631 2904 domum
656 2840 814 2928 Scipionis
838 2857 870 2905 et
892 2840 1035 2928 Hypsaei,
1052 2858 1227 2929 tanquam,
1246 2839 1350 2903 Milone

296 2941 361 3020 jam
375 2957 504 3022 amoto,
525 2957 689 3006 certorum
711 2943 900 3023 consulum,
917 2942 1046 3006 attulit:
1066 2965 1143 3006 mox
1160 2964 1237 3006 curn
1253 2937 1348 3004 iisdem

300 3041 333 3104 in
357 3041 470 3106 hortos
492 3041 636 3129 profecta
655 3041 822 3132 Pompeii,
845 3039 945 3106 modo
964 3041 1122 3111 comulem
1137 3044 1248 3127 illum,
1267 3037 1348 3105 modo

299 3143 482 3207 dictatorem
498 3143 692 3208 inclamavit.

343 3245 463 3310 XXIV.
484 3243 607 3308 Eadem
623 3261 718 3308 nocte
734 3238 833 3323 Milo,
849 3245 905 3332 qui
918 3244 1085 3333 profectus
1098 3245 1131 3308 in
1145 3243 1348 3308 voluntarium

300 3343 447 3408 exsilium
461 3345 652 3432 putabatur,
665 3345 778 3409 fidenti
791 3346 901 3409 animo
916 3345 1013 3410 rediit
1024 3348 1179 3426 Romam,
1191 3343 1295 3434 quod,
1305 3363 1349 3404 au·

299 3443 395 3525 ditis,
423 3467 496 3532 quae
518 3445 717 3529 acciderant,
742 3447 896 3526 majorem
915 3446 1143 3527 inimicorum,
1161 3469 1258 3535 quam
1273 3463 1347 3508 suam

299 3544 451 3625 injuriam
473 3545 544 3610 fore
564 3547 722 3636 sperabat.
742 3547 855 3635 ltaque
877 3570 943 3612 non
964 3547 1114 3637 segnius,
1136 3571 1233 3636 quam
1254 3562 1347 3620 autea,

301 3645 506 3709 consulatum
529 3662 659 3734 petens,
680 3646 893 3734 propitiandae
912 3648 1131 3713 multitudinis
1149 3673 1244 3714 causa
1260 3645 1348 3711 tribu·

301 3747 357 3810 tim
379 3746 505 3835 singula
526 3747 626 3811 millia
649 3748 768 3812 assium
788 3750 911 3838 populo
928 3749 1028 3814 dedit.
1044 3749 1150 3839 Igitur
1160 3748 1312 3840 Scipionis
1324 3758 1349 3806 tt

333 3970 349 4035 s
376 3971 590 4021 xxrt.1)io.—
605 3974 697 4022 Aaron.
721 4003 754 4012 -
778 3976 887 4042 Appian.
907 4003 944 4014 -·
963 3979 1016 4028 cte.
1029 3993 1078 4043 pro
1091 3978 1145 4028 mit
1163 3981 1193 4026 1³
1214 3988 1238 4026 et
1257 3976 1297 4024 33.
1319 3993 1349 4006 ’·

300 4054 420 4104 Plutarch.
438 4054 464 4102 ln
483 4055 538 4108 Cat.
551 4057 610 4119 Mai.
629 4086 665 4096 -
683 4053 737 4106 biv.
753 4061 886 4120 xxxix,
902 4067 945 4116 tt.
964 4088 999 4098 —-
1019 4061 1037 4127 s
1055 4063 1154 4111 xxm.
1174 4061 1285 4124 Cie'pto
1300 4052 1347 4102 Mul.

300 4139 341 4188 ³3.
353 4165 388 4176 -
404 4140 495 4188 Aaron.
