<?xml version="1.0" encoding="UTF-8"?>
<!DOCTYPE html PUBLIC "-//W3C//DTD XHTML 1.0 Transitional//EN"
    "http://www.w3.org/TR/xhtml1/DTD/xhtml1-transitional.dtd">
<html xmlns="http://www.w3.org/1999/xhtml" xml:lang="en" lang="en">
 <head>
  <title>
</title>
<meta http-equiv="Content-Type" content="text/html;charset=utf-8" />
  <meta name='ocr-system' content='tesseract 3.04.00' />
  <meta name='ocr-capabilities' content='ocr_page ocr_carea ocr_par ocr_line ocrx_word'/>
</head>
<body>
  <div class='ocr_page' id='page_1' title='image "bibliothecaclas116lemagoog_0192.png"; bbox 0 0 2875 4900; ppageno 0'>
   <div class='ocr_carea' id='block_1_1' title="bbox 207 342 1190 451">
    <p class='ocr_par' dir='ltr' id='par_1_1' title="bbox 207 342 1190 451">
     <span class='ocr_line' id='line_1_1' title="bbox 207 342 1190 451; baseline 0 -2"><span class='ocrx_word' id='word_1_1' title='bbox 207 342 213 351; x_wconf 54' lang='lat'><strong>⁴</strong></span> <span class='ocrx_word' id='word_1_2' title='bbox 315 352 384 451; x_wconf 67' lang='lat' dir='ltr'>m</span> <span class='ocrx_word' id='word_1_3' title='bbox 483 380 916 449; x_wconf 78' lang='lat' dir='ltr'>Jo.rnetnsneurr</span> <span class='ocrx_word' id='word_1_4' title='bbox 948 380 1190 449; x_wconf 77' lang='lat' dir='ltr'>sormunt.</span> 
     </span>
    </p>
   </div>
   <div class='ocr_carea' id='block_1_2' title="bbox 305 499 1361 790">
    <p class='ocr_par' dir='ltr' id='par_1_2' title="bbox 305 499 1361 790">
     <span class='ocr_line' id='line_1_2' title="bbox 308 499 1359 591; baseline -0.001 -25"><span class='ocrx_word' id='word_1_5' title='bbox 308 501 468 591; x_wconf 89' lang='lat' dir='ltr'>penetrari</span> <span class='ocrx_word' id='word_1_6' title='bbox 484 502 621 587; x_wconf 85' lang='lat' dir='ltr'>quitum.</span> <span class='ocrx_word' id='word_1_7' title='bbox 638 500 787 564; x_wconf 80' lang='lat' dir='ltr'><strong>Metellus</strong></span> <span class='ocrx_word' id='word_1_8' title='bbox 805 501 944 576; x_wconf 86' lang='lat' dir='ltr'>interea,</span> <span class='ocrx_word' id='word_1_9' title='bbox 959 499 1149 588; x_wconf 87' lang='lat' dir='ltr'>quidquida</span> <span class='ocrx_word' id='word_1_10' title='bbox 1164 502 1311 565; x_wconf 79' lang='lat' dir='ltr'>Raventn</span> <span class='ocrx_word' id='word_1_11' title='bbox 1321 500 1359 565; x_wconf 85' lang='lat' dir='ltr'>ad</span> 
     </span>
     <span class='ocr_line' id='line_1_3' title="bbox 310 600 1360 689; baseline 0 -24"><span class='ocrx_word' id='word_1_12' title='bbox 310 603 404 689; x_wconf 77' lang='lat' dir='ltr'>Alpes</span> <span class='ocrx_word' id='word_1_13' title='bbox 419 600 607 689; x_wconf 83' lang='lat' dir='ltr'>gallicorum</span> <span class='ocrx_word' id='word_1_14' title='bbox 622 600 818 687; x_wconf 89' lang='lat' dir='ltr'>populorum</span> <span class='ocrx_word' id='word_1_15' title='bbox 832 601 927 681; x_wconf 86' lang='lat' dir='ltr'>colit,</span> <span class='ocrx_word' id='word_1_16' title='bbox 947 600 1093 679; x_wconf 81' lang='lat' dir='ltr'>adjunxit</span> <span class='ocrx_word' id='word_1_17' title='bbox 1105 602 1268 689; x_wconf 86' lang='lat' dir='ltr'>partibus;</span> <span class='ocrx_word' id='word_1_18' title='bbox 1281 602 1360 665; x_wconf 88' lang='lat' dir='ltr'>etad</span> 
     </span>
     <span class='ocr_line' id='line_1_4' title="bbox 305 701 1361 790; baseline 0 -23"><span class='ocrx_word' id='word_1_19' title='bbox 305 702 488 767; x_wconf 79' lang='lat' dir='ltr'><strong>Fidentiam</strong></span> <span class='ocrx_word' id='word_1_20' title='bbox 506 701 540 764; x_wconf 90' lang='lat' dir='ltr'>in</span> <span class='ocrx_word' id='word_1_21' title='bbox 564 724 640 789; x_wconf 88' lang='lat' dir='ltr'>agro</span> <span class='ocrx_word' id='word_1_22' title='bbox 660 702 843 788; x_wconf 86' lang='lat' dir='ltr'>placentino</span> <span class='ocrx_word' id='word_1_23' title='bbox 858 702 903 767; x_wconf 87' lang='lat' dir='ltr'>M.</span> <span class='ocrx_word' id='word_1_24' title='bbox 922 702 1097 785; x_wconf 87' lang='lat' dir='ltr'>Lucullus,</span> <span class='ocrx_word' id='word_1_25' title='bbox 1115 726 1216 790; x_wconf 92' lang='lat' dir='ltr'>quum</span> <span class='ocrx_word' id='word_1_26' title='bbox 1232 726 1249 767; x_wconf 91' lang='lat' dir='ltr'>a</span> <span class='ocrx_word' id='word_1_27' title='bbox 1266 704 1361 785; x_wconf 88' lang='lat' dir='ltr'>Quiu-</span> 
     </span>
    </p>
   </div>
   <div class='ocr_carea' id='block_1_3' title="bbox 207 803 1360 891">
    <p class='ocr_par' dir='ltr' id='par_1_3' title="bbox 207 803 1360 891">
     <span class='ocr_line' id='line_1_5' title="bbox 207 803 1360 891; baseline 0 -24"><span class='ocrx_word' id='word_1_28' title='bbox 207 815 211 821; x_wconf 89' lang='grc'>’</span> <span class='ocrx_word' id='word_1_29' title='bbox 310 805 356 867; x_wconf 91' lang='lat' dir='ltr'>tio</span> <span class='ocrx_word' id='word_1_30' title='bbox 376 803 595 884; x_wconf 82' lang='lat' dir='ltr'>obsideretur,</span> <span class='ocrx_word' id='word_1_31' title='bbox 614 824 690 867; x_wconf 86' lang='lat' dir='ltr'>cum</span> <span class='ocrx_word' id='word_1_32' title='bbox 708 803 869 867; x_wconf 82' lang='lat' dir='ltr'>sexdecim</span> <span class='ocrx_word' id='word_1_33' title='bbox 887 804 1077 869; x_wconf 81' lang='lat' dir='ltr'>cohortibus</span> <span class='ocrx_word' id='word_1_34' title='bbox 1097 804 1249 869; x_wconf 84' lang='lat' dir='ltr'>adversus</span> <span class='ocrx_word' id='word_1_35' title='bbox 1269 804 1360 891; x_wconf 91' lang='lat' dir='ltr'>quin·</span> 
     </span>
    </p>
   </div>
   <div class='ocr_carea' id='block_1_4' title="bbox 310 902 1361 1196">
    <p class='ocr_par' dir='ltr' id='par_1_4' title="bbox 310 902 1361 1196">
     <span class='ocr_line' id='line_1_6' title="bbox 310 902 1360 993; baseline 0.002 -26"><span class='ocrx_word' id='word_1_36' title='bbox 310 904 464 993; x_wconf 88' lang='lat' dir='ltr'>quaginta</span> <span class='ocrx_word' id='word_1_37' title='bbox 482 902 652 990; x_wconf 89' lang='lat' dir='ltr'>eruptione</span> <span class='ocrx_word' id='word_1_38' title='bbox 666 904 836 993; x_wconf 83' lang='lat' dir='ltr'>pugnavit,</span> <span class='ocrx_word' id='word_1_39' title='bbox 851 905 1004 993; x_wconf 71' lang='lat' dir='ltr'>cesisque</span> <span class='ocrx_word' id='word_1_40' title='bbox 1018 905 1159 969; x_wconf 89' lang='lat' dir='ltr'>millibus</span> <span class='ocrx_word' id='word_1_41' title='bbox 1174 904 1360 984; x_wconf 72' lang='lat' dir='ltr'>octodecim,</span> 
     </span>
     <span class='ocr_line' id='line_1_7' title="bbox 310 1004 746 1093; baseline -0.002 -24"><span class='ocrx_word' id='word_1_42' title='bbox 310 1021 413 1069; x_wconf 86' lang='lat' dir='ltr'>castra</span> <span class='ocrx_word' id='word_1_43' title='bbox 428 1024 561 1091; x_wconf 90' lang='lat' dir='ltr'>quoque</span> <span class='ocrx_word' id='word_1_44' title='bbox 574 1004 608 1067; x_wconf 81' lang='lat' dir='ltr'>vi</span> <span class='ocrx_word' id='word_1_45' title='bbox 624 1004 718 1093; x_wconf 88' lang='lat' dir='ltr'>cepit.</span> <span class='ocrx_word' id='word_1_46' title='bbox 742 1054 746 1061; x_wconf 57' lang='lat'>.</span> 
     </span>
     <span class='ocr_line' id='line_1_8' title="bbox 352 1104 1361 1196; baseline 0 -26"><span class='ocrx_word' id='word_1_47' title='bbox 352 1104 399 1170; x_wconf 86' lang='lat' dir='ltr'>IV</span> <span class='ocrx_word' id='word_1_48' title='bbox 400 1153 409 1169; x_wconf 86' lang='lat'>.</span> <span class='ocrx_word' id='word_1_49' title='bbox 432 1105 631 1169; x_wconf 77' lang='lat' dir='ltr'>Alacritatem</span> <span class='ocrx_word' id='word_1_50' title='bbox 652 1104 791 1171; x_wconf 88' lang='lat' dir='ltr'>rnilitum</span> <span class='ocrx_word' id='word_1_51' title='bbox 812 1122 885 1171; x_wconf 89' lang='lat' dir='ltr'>aute</span> <span class='ocrx_word' id='word_1_52' title='bbox 909 1106 943 1171; x_wconf 92' lang='lat' dir='ltr'>id</span> <span class='ocrx_word' id='word_1_53' title='bbox 960 1108 1106 1196; x_wconf 79' lang='lat' dir='ltr'>pralium</span> <span class='ocrx_word' id='word_1_54' title='bbox 1125 1132 1162 1173; x_wconf 86' lang='lat' dir='ltr'>ea</span> <span class='ocrx_word' id='word_1_55' title='bbox 1181 1131 1216 1173; x_wconf 90' lang='lat' dir='ltr'>re</span> <span class='ocrx_word' id='word_1_56' title='bbox 1236 1106 1361 1173; x_wconf 89' lang='lat' dir='ltr'>mirifice</span> 
     </span>
    </p>
   </div>
   <div class='ocr_carea' id='block_1_5' title="bbox 193 1205 1362 1306">
    <p class='ocr_par' dir='ltr' id='par_1_5' title="bbox 193 1205 1362 1306">
     <span class='ocr_line' id='line_1_9' title="bbox 193 1205 1362 1306; baseline 0.003 -38"><span class='ocrx_word' id='word_1_57' title='bbox 193 1236 197 1243; x_wconf 90' lang='lat'><strong>·</strong></span> <span class='ocrx_word' id='word_1_58' title='bbox 306 1222 437 1270; x_wconf 85' lang='lat' dir='ltr'>auctam</span> <span class='ocrx_word' id='word_1_59' title='bbox 451 1206 579 1286; x_wconf 83' lang='lat' dir='ltr'>ferunt,</span> <span class='ocrx_word' id='word_1_60' title='bbox 593 1205 685 1295; x_wconf 93' lang='lat' dir='ltr'>quod</span> <span class='ocrx_word' id='word_1_61' title='bbox 695 1255 704 1289; x_wconf 92' lang='lat'>,</span> <span class='ocrx_word' id='word_1_62' title='bbox 714 1223 893 1306; x_wconf 35' lang='lat' dir='ltr'>,cunctante</span> <span class='ocrx_word' id='word_1_63' title='bbox 907 1210 1058 1285; x_wconf 88' lang='lat' dir='ltr'>Lucullo,</span> <span class='ocrx_word' id='word_1_64' title='bbox 1073 1210 1211 1273; x_wconf 88' lang='lat' dir='ltr'>clemens</span> <span class='ocrx_word' id='word_1_65' title='bbox 1225 1224 1362 1273; x_wconf 87' lang='lat' dir='ltr'>ventuse</span> 
     </span>
    </p>
   </div>
   <div class='ocr_carea' id='block_1_6' title="bbox 222 1305 1405 3710">
    <p class='ocr_par' dir='ltr' id='par_1_6' title="bbox 234 1305 1365 2510">
     <span class='ocr_line' id='line_1_10' title="bbox 309 1305 1362 1397; baseline 0.002 -26"><span class='ocrx_word' id='word_1_66' title='bbox 309 1308 416 1372; x_wconf 84' lang='lat' dir='ltr'>vicino</span> <span class='ocrx_word' id='word_1_67' title='bbox 436 1323 529 1395; x_wconf 88' lang='lat' dir='ltr'>prato</span> <span class='ocrx_word' id='word_1_68' title='bbox 550 1305 667 1372; x_wconf 89' lang='lat' dir='ltr'>florum</span> <span class='ocrx_word' id='word_1_69' title='bbox 687 1330 837 1397; x_wconf 84' lang='lat' dir='ltr'>magnam</span> <span class='ocrx_word' id='word_1_70' title='bbox 858 1310 983 1396; x_wconf 86' lang='lat' dir='ltr'>copiam</span> <span class='ocrx_word' id='word_1_71' title='bbox 1004 1310 1038 1373; x_wconf 93' lang='lat' dir='ltr'>in</span> <span class='ocrx_word' id='word_1_72' title='bbox 1055 1311 1173 1375; x_wconf 84' lang='lat' dir='ltr'>vallum</span> <span class='ocrx_word' id='word_1_73' title='bbox 1193 1310 1261 1391; x_wconf 89' lang='lat' dir='ltr'>ejus</span> <span class='ocrx_word' id='word_1_74' title='bbox 1278 1332 1362 1375; x_wconf 89' lang='lat' dir='ltr'>com·</span> 
     </span>
     <span class='ocr_line' id='line_1_11' title="bbox 310 1409 1363 1499; baseline 0.003 -27"><span class='ocrx_word' id='word_1_75' title='bbox 310 1409 410 1498; x_wconf 86' lang='lat' dir='ltr'>pulit,</span> <span class='ocrx_word' id='word_1_76' title='bbox 422 1409 479 1496; x_wconf 91' lang='lat' dir='ltr'>qui</span> <span class='ocrx_word' id='word_1_77' title='bbox 493 1410 591 1475; x_wconf 87' lang='lat' dir='ltr'>scutis</span> <span class='ocrx_word' id='word_1_78' title='bbox 601 1409 764 1499; x_wconf 74' lang='lat' dir='ltr'>galeisque</span> <span class='ocrx_word' id='word_1_79' title='bbox 774 1410 948 1493; x_wconf 74' lang='lat' dir='ltr'>herentes,</span> <span class='ocrx_word' id='word_1_80' title='bbox 963 1412 1109 1477; x_wconf 82' lang='lat' dir='ltr'>coronati</span> <span class='ocrx_word' id='word_1_81' title='bbox 1121 1413 1162 1475; x_wconf 90' lang='lat' dir='ltr'>ab</span> <span class='ocrx_word' id='word_1_82' title='bbox 1174 1412 1268 1477; x_wconf 87' lang='lat' dir='ltr'>hoste</span> <span class='ocrx_word' id='word_1_83' title='bbox 1281 1435 1363 1479; x_wconf 84' lang='lat' dir='ltr'>exer·</span> 
     </span>
     <span class='ocr_line' id='line_1_12' title="bbox 310 1511 1362 1599; baseline 0.002 -26"><span class='ocrx_word' id='word_1_84' title='bbox 310 1511 392 1574; x_wconf 87' lang='lat' dir='ltr'>eitus</span> <span class='ocrx_word' id='word_1_85' title='bbox 405 1511 545 1599; x_wconf 88' lang='lat' dir='ltr'>speeiem</span> <span class='ocrx_word' id='word_1_86' title='bbox 559 1512 679 1575; x_wconf 80' lang='lat' dir='ltr'>referre</span> <span class='ocrx_word' id='word_1_87' title='bbox 689 1511 766 1593; x_wconf 87' lang='lat' dir='ltr'>visi,</span> <span class='ocrx_word' id='word_1_88' title='bbox 780 1512 868 1576; x_wconf 84' lang='lat' dir='ltr'>velut</span> <span class='ocrx_word' id='word_1_89' title='bbox 879 1528 968 1576; x_wconf 88' lang='lat' dir='ltr'>certo</span> <span class='ocrx_word' id='word_1_90' title='bbox 983 1512 1124 1577; x_wconf 84' lang='lat' dir='ltr'>vietoriae</span> <span class='ocrx_word' id='word_1_91' title='bbox 1136 1514 1247 1578; x_wconf 88' lang='lat' dir='ltr'>omine</span> <span class='ocrx_word' id='word_1_92' title='bbox 1259 1514 1300 1577; x_wconf 85' lang='lat' dir='ltr'>ad</span> <span class='ocrx_word' id='word_1_93' title='bbox 1310 1535 1362 1577; x_wconf 91' lang='lat' dir='ltr'>co·</span> 
     </span>
     <span class='ocr_line' id='line_1_13' title="bbox 311 1606 1363 1702; baseline 0.001 -28"><span class='ocrx_word' id='word_1_94' title='bbox 311 1610 455 1675; x_wconf 88' lang='lat' dir='ltr'>nandum</span> <span class='ocrx_word' id='word_1_95' title='bbox 474 1634 588 1677; x_wconf 89' lang='lat' dir='ltr'>omnes</span> <span class='ocrx_word' id='word_1_96' title='bbox 605 1612 818 1702; x_wconf 89' lang='lat' dir='ltr'>impulerunt.</span> <span class='ocrx_word' id='word_1_97' title='bbox 835 1614 924 1677; x_wconf 86' lang='lat' dir='ltr'>Inter</span> <span class='ocrx_word' id='word_1_98' title='bbox 945 1612 1014 1677; x_wconf 77' lang='lat' dir='ltr'>haec</span> <span class='ocrx_word' id='word_1_99' title='bbox 1035 1613 1131 1677; x_wconf 89' lang='lat' dir='ltr'>etiam</span> <span class='ocrx_word' id='word_1_100' title='bbox 1152 1637 1172 1677; x_wconf 90' lang='lat' dir='ltr'>a</span> <span class='ocrx_word' id='word_1_101' title='bbox 1193 1614 1240 1679; x_wconf 89' lang='lat' dir='ltr'>M.</span> <span class='ocrx_word' id='word_1_102' title='bbox 1257 1606 1363 1679; x_wconf 86' lang='lat' dir='ltr'>Crasso</span> 
     </span>
     <span class='ocr_line' id='line_1_14' title="bbox 245 1703 1364 1802; baseline 0 -27"><span class='ocrx_word' id='word_1_103' title='bbox 245 1703 249 1714; x_wconf 68' lang='grc'><em>’</em></span> <span class='ocrx_word' id='word_1_104' title='bbox 309 1713 410 1776; x_wconf 88' lang='lat' dir='ltr'>resin</span> <span class='ocrx_word' id='word_1_105' title='bbox 428 1712 562 1777; x_wconf 86' lang='lat' dir='ltr'>Umbria</span> <span class='ocrx_word' id='word_1_106' title='bbox 574 1730 688 1802; x_wconf 79' lang='lat' dir='ltr'>gestae,</span> <span class='ocrx_word' id='word_1_107' title='bbox 704 1728 736 1778; x_wconf 86' lang='lat' dir='ltr'>et</span> <span class='ocrx_word' id='word_1_108' title='bbox 748 1713 875 1801; x_wconf 83' lang='lat' dir='ltr'>insigne</span> <span class='ocrx_word' id='word_1_109' title='bbox 891 1713 929 1776; x_wconf 90' lang='lat' dir='ltr'>iis</span> <span class='ocrx_word' id='word_1_110' title='bbox 941 1713 1019 1777; x_wconf 87' lang='lat' dir='ltr'>locis</span> <span class='ocrx_word' id='word_1_111' title='bbox 1033 1714 1248 1800; x_wconf 87' lang='lat' dir='ltr'>municipium</span> <span class='ocrx_word' id='word_1_112' title='bbox 1261 1712 1364 1777; x_wconf 87' lang='lat' dir='ltr'>Tuder</span> 
     </span>
     <span class='ocr_line' id='line_1_15' title="bbox 310 1812 1364 1901; baseline -0.001 -26"><span class='ocrx_word' id='word_1_113' title='bbox 310 1830 475 1901; x_wconf 88' lang='lat' dir='ltr'>receptum</span> <span class='ocrx_word' id='word_1_114' title='bbox 499 1830 558 1879; x_wconf 91' lang='lat' dir='ltr'>est.</span> <span class='ocrx_word' id='word_1_115' title='bbox 578 1816 636 1877; x_wconf 75' lang='lat' dir='ltr'>Has</span> <span class='ocrx_word' id='word_1_116' title='bbox 658 1814 727 1877; x_wconf 74' lang='lat' dir='ltr'>alias</span> <span class='ocrx_word' id='word_1_117' title='bbox 750 1834 847 1901; x_wconf 88' lang='lat' dir='ltr'>super</span> <span class='ocrx_word' id='word_1_118' title='bbox 870 1813 946 1877; x_wconf 88' lang='lat' dir='ltr'>alias</span> <span class='ocrx_word' id='word_1_119' title='bbox 973 1812 1078 1879; x_wconf 85' lang='lat' dir='ltr'>clades</span> <span class='ocrx_word' id='word_1_120' title='bbox 1102 1814 1147 1877; x_wconf 90' lang='lat' dir='ltr'>ita</span> <span class='ocrx_word' id='word_1_121' title='bbox 1163 1814 1364 1901; x_wconf 88' lang='lat' dir='ltr'>perculerunt</span> 
     </span>
     <span class='ocr_line' id='line_1_16' title="bbox 311 1910 1364 2003; baseline -0.001 -26"><span class='ocrx_word' id='word_1_122' title='bbox 311 1915 468 1978; x_wconf 88' lang='lat' dir='ltr'>Carbonis</span> <span class='ocrx_word' id='word_1_123' title='bbox 483 1913 650 1996; x_wconf 90' lang='lat' dir='ltr'>animum,</span> <span class='ocrx_word' id='word_1_124' title='bbox 667 1931 707 1979; x_wconf 89' lang='lat' dir='ltr'>ut</span> <span class='ocrx_word' id='word_1_125' title='bbox 722 1910 763 1979; x_wconf 78' lang='lat' dir='ltr'>d&#39;e</span> <span class='ocrx_word' id='word_1_126' title='bbox 778 1914 948 1979; x_wconf 87' lang='lat' dir='ltr'>retinenda</span> <span class='ocrx_word' id='word_1_127' title='bbox 958 1915 1047 1980; x_wconf 87' lang='lat' dir='ltr'>Italia</span> <span class='ocrx_word' id='word_1_128' title='bbox 1060 1914 1255 2003; x_wconf 83' lang='lat' dir='ltr'>desperaret.</span> <span class='ocrx_word' id='word_1_129' title='bbox 1269 1916 1364 2003; x_wconf 83' lang='lat' dir='ltr'>Igitur</span> 
     </span>
     <span class='ocr_line' id='line_1_17' title="bbox 309 2014 1363 2105; baseline -0.002 -26"><span class='ocrx_word' id='word_1_130' title='bbox 309 2017 455 2102; x_wconf 80' lang='lat' dir='ltr'>quamvis</span> <span class='ocrx_word' id='word_1_131' title='bbox 472 2015 513 2080; x_wconf 84' lang='lat' dir='ltr'>sd</span> <span class='ocrx_word' id='word_1_132' title='bbox 528 2016 674 2081; x_wconf 87' lang='lat' dir='ltr'>Clusium</span> <span class='ocrx_word' id='word_1_133' title='bbox 686 2014 795 2081; x_wconf 89' lang='lat' dir='ltr'>adhuc</span> <span class='ocrx_word' id='word_1_134' title='bbox 807 2016 939 2105; x_wconf 88' lang='lat' dir='ltr'>triginta</span> <span class='ocrx_word' id='word_1_135' title='bbox 954 2016 1093 2081; x_wconf 88' lang='lat' dir='ltr'>militum</span> <span class='ocrx_word' id='word_1_136' title='bbox 1108 2016 1208 2081; x_wconf 91' lang='lat' dir='ltr'>millia</span> <span class='ocrx_word' id='word_1_137' title='bbox 1221 2016 1363 2093; x_wconf 84' lang='lat' dir='ltr'>haberet,</span> 
     </span>
     <span class='ocr_line' id='line_1_18' title="bbox 308 2115 1363 2205; baseline -0.002 -24"><span class='ocrx_word' id='word_1_138' title='bbox 308 2132 459 2204; x_wconf 86' lang='lat' dir='ltr'>praeterea</span> <span class='ocrx_word' id='word_1_139' title='bbox 484 2116 564 2181; x_wconf 82' lang='lat' dir='ltr'>duas</span> <span class='ocrx_word' id='word_1_140' title='bbox 588 2118 650 2181; x_wconf 88' lang='lat' dir='ltr'>sub</span> <span class='ocrx_word' id='word_1_141' title='bbox 673 2116 869 2205; x_wconf 85' lang='lat' dir='ltr'>Damasippo</span> <span class='ocrx_word' id='word_1_142' title='bbox 893 2117 1056 2205; x_wconf 85' lang='lat' dir='ltr'>legiones,</span> <span class='ocrx_word' id='word_1_143' title='bbox 1079 2116 1155 2181; x_wconf 88' lang='lat' dir='ltr'>alias</span> <span class='ocrx_word' id='word_1_144' title='bbox 1177 2116 1291 2181; x_wconf 90' lang='lat' dir='ltr'>itidem</span> <span class='ocrx_word' id='word_1_145' title='bbox 1308 2115 1363 2179; x_wconf 86' lang='lat' dir='ltr'>sub</span> 
     </span>
     <span class='ocr_line' id='line_1_19' title="bbox 234 2211 1365 2307; baseline -0.001 -27"><span class='ocrx_word' id='word_1_146' title='bbox 234 2211 237 2218; x_wconf 68' lang='grc'><em>’</em></span> <span class='ocrx_word' id='word_1_147' title='bbox 308 2219 455 2284; x_wconf 87' lang='lat' dir='ltr'>Cariuate</span> <span class='ocrx_word' id='word_1_148' title='bbox 467 2234 501 2283; x_wconf 92' lang='lat' dir='ltr'>et</span> <span class='ocrx_word' id='word_1_149' title='bbox 515 2218 655 2299; x_wconf 86' lang='lat' dir='ltr'>Marcio,</span> <span class='ocrx_word' id='word_1_150' title='bbox 671 2217 852 2282; x_wconf 86' lang='lat' dir='ltr'>Samnitum</span> <span class='ocrx_word' id='word_1_151' title='bbox 873 2240 1004 2307; x_wconf 89' lang='lat' dir='ltr'>quoque</span> <span class='ocrx_word' id='word_1_152' title='bbox 1022 2218 1172 2307; x_wconf 89' lang='lat' dir='ltr'>ingentes</span> <span class='ocrx_word' id='word_1_153' title='bbox 1190 2220 1291 2307; x_wconf 84' lang='lat' dir='ltr'>eopiae</span> <span class='ocrx_word' id='word_1_154' title='bbox 1303 2238 1365 2305; x_wconf 87' lang='lat' dir='ltr'>par·</span> 
     </span>
     <span class='ocr_line' id='line_1_20' title="bbox 309 2318 1363 2407; baseline 0 -28"><span class='ocrx_word' id='word_1_155' title='bbox 309 2318 461 2406; x_wconf 90' lang='lat' dir='ltr'>tibusque</span> <span class='ocrx_word' id='word_1_156' title='bbox 483 2318 554 2383; x_wconf 78' lang='lat' dir='ltr'>fidae</span> <span class='ocrx_word' id='word_1_157' title='bbox 576 2334 797 2407; x_wconf 82' lang='lat' dir='ltr'>superessent3</span> <span class='ocrx_word' id='word_1_158' title='bbox 816 2320 904 2407; x_wconf 89' lang='lat' dir='ltr'>turpi</span> <span class='ocrx_word' id='word_1_159' title='bbox 922 2319 1096 2384; x_wconf 86' lang='lat' dir='ltr'>formidine</span> <span class='ocrx_word' id='word_1_160' title='bbox 1114 2320 1259 2401; x_wconf 86' lang='lat' dir='ltr'>ltaliam,</span> <span class='ocrx_word' id='word_1_161' title='bbox 1276 2335 1363 2405; x_wconf 88' lang='lat' dir='ltr'>atque</span> 
     </span>
     <span class='ocr_line' id='line_1_21' title="bbox 309 2417 1362 2510; baseline 0.005 -32"><span class='ocrx_word' id='word_1_162' title='bbox 309 2417 484 2482; x_wconf 80' lang='lat' dir='ltr'>exereitum</span> <span class='ocrx_word' id='word_1_163' title='bbox 496 2419 611 2482; x_wconf 86' lang='lat' dir='ltr'>consul</span> <span class='ocrx_word' id='word_1_164' title='bbox 621 2417 779 2500; x_wconf 68' lang='lat' dir='ltr'>deserunt,</span> <span class='ocrx_word' id='word_1_165' title='bbox 792 2443 867 2486; x_wconf 90' lang='lat' dir='ltr'>cum</span> <span class='ocrx_word' id='word_1_166' title='bbox 877 2421 987 2486; x_wconf 86' lang='lat' dir='ltr'>amicis</span> <span class='ocrx_word' id='word_1_167' title='bbox 998 2421 1031 2485; x_wconf 91' lang='lat' dir='ltr'>in</span> <span class='ocrx_word' id='word_1_168' title='bbox 1041 2420 1181 2488; x_wconf 82' lang='lat' dir='ltr'>Africam</span> <span class='ocrx_word' id='word_1_169' title='bbox 1193 2423 1362 2510; x_wconf 83' lang='lat' dir='ltr'>profectus.</span> 
     </span>
    </p>

    <p class='ocr_par' dir='ltr' id='par_1_7' title="bbox 222 2501 1405 3710">
     <span class='ocr_line' id='line_1_22' title="bbox 352 2501 1365 2586; baseline 0.004 -8"><span class='ocrx_word' id='word_1_170' title='bbox 352 2518 392 2580; x_wconf 90' lang='lat' dir='ltr'>V.</span> <span class='ocrx_word' id='word_1_171' title='bbox 411 2517 553 2581; x_wconf 87' lang='lat' dir='ltr'>Relictus</span> <span class='ocrx_word' id='word_1_172' title='bbox 569 2501 617 2582; x_wconf 76' lang='lat' dir='ltr'>ad&#39;</span> <span class='ocrx_word' id='word_1_173' title='bbox 625 2521 773 2584; x_wconf 89' lang='lat' dir='ltr'>Clusium</span> <span class='ocrx_word' id='word_1_174' title='bbox 787 2522 944 2586; x_wconf 85' lang='lat' dir='ltr'>exercitus</span> <span class='ocrx_word' id='word_1_175' title='bbox 959 2545 1033 2586; x_wconf 90' lang='lat' dir='ltr'>cum</span> <span class='ocrx_word' id='word_1_176' title='bbox 1051 2521 1188 2586; x_wconf 91' lang='lat' dir='ltr'>Sullanis</span> <span class='ocrx_word' id='word_1_177' title='bbox 1203 2523 1273 2586; x_wconf 85' lang='lat' dir='ltr'>acie</span> <span class='ocrx_word' id='word_1_178' title='bbox 1287 2541 1365 2586; x_wconf 85' lang='lat' dir='ltr'>com·</span> 
     </span>
     <span class='ocr_line' id='line_1_23' title="bbox 309 2616 1364 2707; baseline 0.004 -29"><span class='ocrx_word' id='word_1_179' title='bbox 309 2616 425 2695; x_wconf 87' lang='lat' dir='ltr'>missa,</span> <span class='ocrx_word' id='word_1_180' title='bbox 442 2633 516 2704; x_wconf 90' lang='lat' dir='ltr'>post</span> <span class='ocrx_word' id='word_1_181' title='bbox 529 2619 641 2707; x_wconf 84' lang='lat' dir='ltr'>viginti</span> <span class='ocrx_word' id='word_1_182' title='bbox 657 2620 758 2684; x_wconf 79' lang='lat' dir='ltr'>ferme</span> <span class='ocrx_word' id='word_1_183' title='bbox 771 2621 907 2685; x_wconf 88' lang='lat' dir='ltr'>millium</span> <span class='ocrx_word' id='word_1_184' title='bbox 919 2622 1103 2703; x_wconf 88' lang='lat' dir='ltr'>interitum,</span> <span class='ocrx_word' id='word_1_185' title='bbox 1120 2622 1296 2688; x_wconf 86' lang='lat' dir='ltr'>dissolutus</span> <span class='ocrx_word' id='word_1_186' title='bbox 1307 2637 1364 2700; x_wconf 88' lang='lat' dir='ltr'>est,</span> 
     </span>
     <span class='ocr_line' id='line_1_24' title="bbox 309 2714 1365 2809; baseline 0.009 -33"><span class='ocrx_word' id='word_1_187' title='bbox 309 2714 440 2801; x_wconf 87' lang='lat' dir='ltr'>reliquis</span> <span class='ocrx_word' id='word_1_188' title='bbox 454 2716 489 2778; x_wconf 90' lang='lat' dir='ltr'>in</span> <span class='ocrx_word' id='word_1_189' title='bbox 503 2738 595 2780; x_wconf 90' lang='lat' dir='ltr'>suam</span> <span class='ocrx_word' id='word_1_190' title='bbox 610 2740 742 2805; x_wconf 90' lang='lat' dir='ltr'>quoque</span> <span class='ocrx_word' id='word_1_191' title='bbox 756 2721 891 2806; x_wconf 88' lang='lat' dir='ltr'>patriam</span> <span class='ocrx_word' id='word_1_192' title='bbox 906 2721 1032 2809; x_wconf 88' lang='lat' dir='ltr'>sparsis.</span> <span class='ocrx_word' id='word_1_193' title='bbox 1046 2724 1152 2787; x_wconf 84' lang='lat' dir='ltr'>Decus</span> <span class='ocrx_word' id='word_1_194' title='bbox 1164 2722 1264 2803; x_wconf 86' lang='lat' dir='ltr'>hujus</span> <span class='ocrx_word' id='word_1_195' title='bbox 1276 2725 1365 2788; x_wconf 82' lang='lat' dir='ltr'>rictu·</span> 
     </span>
     <span class='ocr_line' id='line_1_25' title="bbox 310 2815 1364 2912; baseline 0.006 -34"><span class='ocrx_word' id='word_1_196' title='bbox 310 2816 365 2879; x_wconf 85' lang='lat' dir='ltr'>tioe</span> <span class='ocrx_word' id='word_1_197' title='bbox 375 2839 394 2878; x_wconf 88' lang='lat' dir='ltr'>a</span> <span class='ocrx_word' id='word_1_198' title='bbox 403 2815 598 2903; x_wconf 90' lang='lat' dir='ltr'>quibusdam</span> <span class='ocrx_word' id='word_1_199' title='bbox 615 2817 745 2883; x_wconf 91' lang='lat' dir='ltr'>duobus</span> <span class='ocrx_word' id='word_1_200' title='bbox 760 2821 897 2884; x_wconf 85' lang='lat' dir='ltr'>Serviliis</span> <span class='ocrx_word' id='word_1_201' title='bbox 907 2868 915 2896; x_wconf 90' lang='lat'>,</span> <span class='ocrx_word' id='word_1_202' title='bbox 929 2821 969 2884; x_wconf 88' lang='lat' dir='ltr'>ab</span> <span class='ocrx_word' id='word_1_203' title='bbox 979 2821 1047 2886; x_wconf 91' lang='lat' dir='ltr'>aliis</span> <span class='ocrx_word' id='word_1_204' title='bbox 1057 2824 1116 2886; x_wconf 91' lang='lat' dir='ltr'>Cn.</span> <span class='ocrx_word' id='word_1_205' title='bbox 1126 2823 1284 2912; x_wconf 87' lang='lat' dir='ltr'>Pompeio</span> <span class='ocrx_word' id='word_1_206' title='bbox 1300 2823 1364 2886; x_wconf 86' lang='lat' dir='ltr'>rin·</span> 
     </span>
     <span class='ocr_line' id='line_1_26' title="bbox 309 2916 1364 3010; baseline 0.005 -31"><span class='ocrx_word' id='word_1_207' title='bbox 309 2916 447 3002; x_wconf 81' lang='lat' dir='ltr'>dicatur.</span> <span class='ocrx_word' id='word_1_208' title='bbox 467 2917 557 2999; x_wconf 87' lang='lat' dir='ltr'>Quid</span> <span class='ocrx_word' id='word_1_209' title='bbox 569 2919 637 2983; x_wconf 83' lang='lat' dir='ltr'>veri</span> <span class='ocrx_word' id='word_1_210' title='bbox 649 2921 707 3000; x_wconf 91' lang='lat' dir='ltr'>sit,</span> <span class='ocrx_word' id='word_1_211' title='bbox 726 2920 814 2986; x_wconf 90' lang='lat' dir='ltr'>haud</span> <span class='ocrx_word' id='word_1_212' title='bbox 827 2922 918 2986; x_wconf 82' lang='lat' dir='ltr'>facile</span> <span class='ocrx_word' id='word_1_213' title='bbox 931 2945 1029 3010; x_wconf 89' lang='lat' dir='ltr'>queas</span> <span class='ocrx_word' id='word_1_214' title='bbox 1047 2921 1246 3007; x_wconf 83' lang='lat' dir='ltr'>discernere3</span> <span class='ocrx_word' id='word_1_215' title='bbox 1261 2943 1364 2988; x_wconf 88' lang='lat' dir='ltr'>omnes</span> 
     </span>
     <span class='ocr_line' id='line_1_27' title="bbox 311 3019 1367 3110; baseline 0.004 -28"><span class='ocrx_word' id='word_1_216' title='bbox 311 3019 391 3084; x_wconf 89' lang='lat' dir='ltr'>istos</span> <span class='ocrx_word' id='word_1_217' title='bbox 407 3019 506 3084; x_wconf 88' lang='lat' dir='ltr'>duces</span> <span class='ocrx_word' id='word_1_218' title='bbox 523 3019 622 3084; x_wconf 87' lang='lat' dir='ltr'>simul</span> <span class='ocrx_word' id='word_1_219' title='bbox 636 3022 768 3086; x_wconf 77' lang='lat' dir='ltr'>affuisse</span> <span class='ocrx_word' id='word_1_220' title='bbox 784 3023 909 3110; x_wconf 84' lang='lat' dir='ltr'>praelio,</span> <span class='ocrx_word' id='word_1_221' title='bbox 930 3024 1056 3088; x_wconf 90' lang='lat' dir='ltr'>nonsit</span> <span class='ocrx_word' id='word_1_222' title='bbox 1074 3023 1253 3090; x_wconf 86' lang='lat' dir='ltr'>absurdum</span> <span class='ocrx_word' id='word_1_223' title='bbox 1270 3024 1367 3089; x_wconf 80' lang='lat' dir='ltr'>eristi·</span> 
     </span>
     <span class='ocr_line' id='line_1_28' title="bbox 309 3121 1405 3216; baseline 0.005 -32"><span class='ocrx_word' id='word_1_224' title='bbox 309 3138 408 3185; x_wconf 88' lang='lat' dir='ltr'>mare.</span> <span class='ocrx_word' id='word_1_225' title='bbox 428 3121 552 3186; x_wconf 80' lang='lat' dir='ltr'>Servilii</span> <span class='ocrx_word' id='word_1_226' title='bbox 565 3137 656 3186; x_wconf 84' lang='lat' dir='ltr'>certe</span> <span class='ocrx_word' id='word_1_227' title='bbox 676 3145 824 3212; x_wconf 84' lang='lat' dir='ltr'>magnam</span> <span class='ocrx_word' id='word_1_228' title='bbox 839 3147 878 3188; x_wconf 91' lang='lat' dir='ltr'>eo</span> <span class='ocrx_word' id='word_1_229' title='bbox 893 3124 978 3188; x_wconf 89' lang='lat' dir='ltr'>bello</span> <span class='ocrx_word' id='word_1_230' title='bbox 993 3141 1027 3190; x_wconf 88' lang='lat' dir='ltr'>et</span> <span class='ocrx_word' id='word_1_231' title='bbox 1042 3127 1225 3213; x_wconf 83' lang='lat' dir='ltr'>praeclaram</span> <span class='ocrx_word' id='word_1_232' title='bbox 1242 3145 1364 3216; x_wconf 88' lang='lat' dir='ltr'>operam</span> <span class='ocrx_word' id='word_1_233' title='bbox 1402 3179 1405 3190; x_wconf 69' lang='lat'>.</span> 
     </span>
     <span class='ocr_line' id='line_1_29' title="bbox 308 3220 1365 3313; baseline 0.004 -29"><span class='ocrx_word' id='word_1_234' title='bbox 308 3220 426 3301; x_wconf 83' lang='lat' dir='ltr'>fuisse,</span> <span class='ocrx_word' id='word_1_235' title='bbox 452 3220 532 3286; x_wconf 92' lang='lat' dir='ltr'>boni</span> <span class='ocrx_word' id='word_1_236' title='bbox 556 3239 705 3286; x_wconf 88' lang='lat' dir='ltr'>auctores</span> <span class='ocrx_word' id='word_1_237' title='bbox 723 3223 946 3311; x_wconf 85' lang='lat' dir='ltr'>prodiderunt.</span> <span class='ocrx_word' id='word_1_238' title='bbox 970 3225 1033 3290; x_wconf 88' lang='lat' dir='ltr'>Sed</span> <span class='ocrx_word' id='word_1_239' title='bbox 1054 3227 1186 3291; x_wconf 87' lang='lat' dir='ltr'>Carinas</span> <span class='ocrx_word' id='word_1_240' title='bbox 1207 3245 1241 3292; x_wconf 86' lang='lat' dir='ltr'>et</span> <span class='ocrx_word' id='word_1_241' title='bbox 1260 3224 1365 3313; x_wconf 87' lang='lat' dir='ltr'>reliqui</span> 
     </span>
     <span class='ocr_line' id='line_1_30' title="bbox 222 3320 1365 3415; baseline 0.006 -32"><span class='ocrx_word' id='word_1_242' title='bbox 222 3344 227 3352; x_wconf 67' lang='lat'><strong><em>‘</em></strong></span> <span class='ocrx_word' id='word_1_243' title='bbox 309 3320 498 3384; x_wconf 87' lang='lat' dir='ltr'>carboniani</span> <span class='ocrx_word' id='word_1_244' title='bbox 520 3320 620 3385; x_wconf 89' lang='lat' dir='ltr'>duces</span> <span class='ocrx_word' id='word_1_245' title='bbox 639 3323 759 3400; x_wconf 80' lang='lat' dir='ltr'>junctis</span> <span class='ocrx_word' id='word_1_246' title='bbox 784 3325 889 3411; x_wconf 85' lang='lat' dir='ltr'>copiis</span> <span class='ocrx_word' id='word_1_247' title='bbox 907 3324 949 3388; x_wconf 89' lang='lat' dir='ltr'>ad</span> <span class='ocrx_word' id='word_1_248' title='bbox 973 3329 1133 3415; x_wconf 83' lang='lat' dir='ltr'>angustias</span> <span class='ocrx_word' id='word_1_249' title='bbox 1152 3343 1365 3406; x_wconf 86' lang='lat' dir='ltr'>accesserunt,</span> 
     </span>
     <span class='ocr_line' id='line_1_31' title="bbox 309 3422 1365 3517; baseline 0.014 -35"><span class='ocrx_word' id='word_1_250' title='bbox 309 3436 457 3483; x_wconf 85' lang='lat' dir='ltr'>extremo</span> <span class='ocrx_word' id='word_1_251' title='bbox 469 3437 591 3484; x_wconf 85' lang='lat' dir='ltr'>conatu</span> <span class='ocrx_word' id='word_1_252' title='bbox 606 3422 704 3486; x_wconf 87' lang='lat' dir='ltr'>simul</span> <span class='ocrx_word' id='word_1_253' title='bbox 721 3446 798 3488; x_wconf 91' lang='lat' dir='ltr'>cum</span> <span class='ocrx_word' id='word_1_254' title='bbox 813 3425 1010 3492; x_wconf 87' lang='lat' dir='ltr'>Samnitibus</span> <span class='ocrx_word' id='word_1_255' title='bbox 1026 3430 1222 3516; x_wconf 87' lang='lat' dir='ltr'>perrupturi.</span> <span class='ocrx_word' id='word_1_256' title='bbox 1244 3430 1365 3517; x_wconf 78' lang='lat' dir='ltr'>Quippe</span> 
     </span>
     <span class='ocr_line' id='line_1_32' title="bbox 308 3519 1365 3617; baseline 0.009 -36"><span class='ocrx_word' id='word_1_257' title='bbox 308 3521 470 3583; x_wconf 87' lang='lat' dir='ltr'>Samnites</span> <span class='ocrx_word' id='word_1_258' title='bbox 483 3519 561 3584; x_wconf 88' lang='lat' dir='ltr'>inde</span> <span class='ocrx_word' id='word_1_259' title='bbox 573 3521 710 3609; x_wconf 87' lang='lat' dir='ltr'>repulsi,</span> <span class='ocrx_word' id='word_1_260' title='bbox 727 3526 934 3613; x_wconf 86' lang='lat' dir='ltr'>Campaniam</span> <span class='ocrx_word' id='word_1_261' title='bbox 950 3527 1179 3617; x_wconf 85' lang='lat' dir='ltr'>Etruriamque</span> <span class='ocrx_word' id='word_1_262' title='bbox 1191 3530 1365 3605; x_wconf 85' lang='lat' dir='ltr'>vastabant,</span> 
     </span>
     <span class='ocr_line' id='line_1_33' title="bbox 308 3620 949 3710; baseline 0.014 -26"><span class='ocrx_word' id='word_1_263' title='bbox 308 3621 372 3684; x_wconf 85' lang='lat' dir='ltr'>sub</span> <span class='ocrx_word' id='word_1_264' title='bbox 389 3620 510 3685; x_wconf 84' lang='lat' dir='ltr'>invidia</span> <span class='ocrx_word' id='word_1_265' title='bbox 528 3622 667 3710; x_wconf 88' lang='lat' dir='ltr'>partium</span> <span class='ocrx_word' id='word_1_266' title='bbox 687 3647 722 3688; x_wconf 84' lang='lat' dir='ltr'>se</span> <span class='ocrx_word' id='word_1_267' title='bbox 739 3625 949 3693; x_wconf 83' lang='lat' dir='ltr'>vindicantes.</span> 
     </span>
    </p>
   </div>
   <div class='ocr_carea' id='block_1_7' title="bbox 228 3875 1367 4116">
    <p class='ocr_par' dir='ltr' id='par_1_8' title="bbox 228 3875 1367 4116">
     <span class='ocr_line' id='line_1_34' title="bbox 340 3875 1363 3951; baseline 0.013 -28"><span class='ocrx_word' id='word_1_268' title='bbox 340 3875 356 3943; x_wconf 63' lang='grc'>5</span> <span class='ocrx_word' id='word_1_269' title='bbox 367 3881 412 3927; x_wconf 87' lang='lat' dir='ltr'>ltt.</span> <span class='ocrx_word' id='word_1_270' title='bbox 422 3879 474 3930; x_wconf 78' lang='lat' dir='ltr'>Cic.</span> <span class='ocrx_word' id='word_1_271' title='bbox 485 3879 513 3926; x_wconf 87' lang='lat' dir='ltr'>iu</span> <span class='ocrx_word' id='word_1_272' title='bbox 520 3881 591 3928; x_wconf 78' lang='lat' dir='ltr'>Verr.</span> <span class='ocrx_word' id='word_1_273' title='bbox 600 3884 626 3937; x_wconf 89' lang='lat'>1,</span> <span class='ocrx_word' id='word_1_274' title='bbox 642 3889 687 3940; x_wconf 67' lang='lat'>14,</span> <span class='ocrx_word' id='word_1_275' title='bbox 699 3893 723 3930; x_wconf 88' lang='lat' dir='ltr'>et</span> <span class='ocrx_word' id='word_1_276' title='bbox 735 3881 770 3930; x_wconf 87' lang='lat' dir='ltr'>lbi</span> <span class='ocrx_word' id='word_1_277' title='bbox 782 3885 880 3932; x_wconf 86' lang='lat' dir='ltr'>Pedian.</span> <span class='ocrx_word' id='word_1_278' title='bbox 894 3913 926 3923; x_wconf 94' lang='lat'>-</span> <span class='ocrx_word' id='word_1_279' title='bbox 940 3887 1047 3951; x_wconf 71' lang='lat' dir='ltr'>Appisu.</span> <span class='ocrx_word' id='word_1_280' title='bbox 1060 3913 1096 3924; x_wconf 88' lang='lat'>-</span> <span class='ocrx_word' id='word_1_281' title='bbox 1105 3887 1158 3935; x_wconf 78' lang='lat' dir='ltr'>ttv.</span> <span class='ocrx_word' id='word_1_282' title='bbox 1172 3887 1237 3951; x_wconf 75' lang='lat' dir='ltr'>Epir.</span> <span class='ocrx_word' id='word_1_283' title='bbox 1252 3911 1287 3922; x_wconf 89' lang='lat'>-</span> <span class='ocrx_word' id='word_1_284' title='bbox 1297 3883 1363 3929; x_wconf 61' lang='grc'>0103·</span> 
     </span>
     <span class='ocr_line' id='line_1_35' title="bbox 228 3961 1364 4036; baseline 0.008 -28"><span class='ocrx_word' id='word_1_285' title='bbox 228 3961 232 3967; x_wconf 83' lang='grc'><em>’</em></span> <span class='ocrx_word' id='word_1_286' title='bbox 306 3963 413 4010; x_wconf 83' lang='lat' dir='ltr'>-Plnt</span> <span class='ocrx_word' id='word_1_287' title='bbox 427 3963 452 4010; x_wconf 85' lang='lat' dir='ltr'>in</span> <span class='ocrx_word' id='word_1_288' title='bbox 468 3962 548 4020; x_wconf 83' lang='lat' dir='ltr'>Sulla,</span> <span class='ocrx_word' id='word_1_289' title='bbox 565 3979 619 4028; x_wconf 82' lang='lat' dir='ltr'>etp.</span> <span class='ocrx_word' id='word_1_290' title='bbox 632 3965 673 4013; x_wconf 83' lang='lat'>53.</span> <span class='ocrx_word' id='word_1_291' title='bbox 690 3993 725 4002; x_wconf 94' lang='lat'><em>-</em></span> <span class='ocrx_word' id='word_1_292' title='bbox 737 3965 753 4031; x_wconf 71' lang='lat' dir='ltr'>S</span> <span class='ocrx_word' id='word_1_293' title='bbox 765 3969 809 4015; x_wconf 88' lang='lat' dir='ltr'>IV.</span> <span class='ocrx_word' id='word_1_294' title='bbox 826 3967 891 4017; x_wconf 81' lang='lat' dir='ltr'>Plut.</span> <span class='ocrx_word' id='word_1_295' title='bbox 903 3970 931 4017; x_wconf 86' lang='lat' dir='ltr'>iu</span> <span class='ocrx_word' id='word_1_296' title='bbox 943 3971 1043 4029; x_wconf 77' lang='lat' dir='ltr'>Crasso,</span> <span class='ocrx_word' id='word_1_297' title='bbox 1055 3988 1109 4036; x_wconf 83' lang='lat' dir='ltr'>erp.</span> <span class='ocrx_word' id='word_1_298' title='bbox 1121 3986 1159 4020; x_wconf 85' lang='lat' dir='ltr'>ro.</span> <span class='ocrx_word' id='word_1_299' title='bbox 1168 3997 1202 4007; x_wconf 87' lang='lat'><em>-</em></span> <span class='ocrx_word' id='word_1_300' title='bbox 1214 3970 1320 4034; x_wconf 80' lang='lat' dir='ltr'>Appian-</span> <span class='ocrx_word' id='word_1_301' title='bbox 1332 3989 1364 4001; x_wconf 90' lang='grc'>·-</span> 
     </span>
     <span class='ocr_line' id='line_1_36' title="bbox 307 4046 1367 4116; baseline 0.009 -23"><span class='ocrx_word' id='word_1_302' title='bbox 307 4046 517 4109; x_wconf 76' lang='lat' dir='ltr'>etin.vt11,57.</span> <span class='ocrx_word' id='word_1_303' title='bbox 534 4046 600 4112; x_wconf 72' lang='lat' dir='ltr'>-S</span> <span class='ocrx_word' id='word_1_304' title='bbox 615 4049 647 4095; x_wconf 82' lang='lat' dir='ltr'>V.</span> <span class='ocrx_word' id='word_1_305' title='bbox 664 4050 760 4100; x_wconf 82' lang='lat' dir='ltr'>Sallust.</span> <span class='ocrx_word' id='word_1_306' title='bbox 777 4051 843 4116; x_wconf 80' lang='lat' dir='ltr'>apud</span> <span class='ocrx_word' id='word_1_307' title='bbox 856 4053 923 4102; x_wconf 81' lang='lat' dir='ltr'>Serv.</span> <span class='ocrx_word' id='word_1_308' title='bbox 942 4065 966 4102; x_wconf 86' lang='lat' dir='ltr'>et</span> <span class='ocrx_word' id='word_1_309' title='bbox 980 4056 1069 4104; x_wconf 83' lang='lat' dir='ltr'>Incert.</span> <span class='ocrx_word' id='word_1_310' title='bbox 1086 4069 1110 4116; x_wconf 81' lang='lat'>9.</span> <span class='ocrx_word' id='word_1_311' title='bbox 1131 4081 1166 4092; x_wconf 92' lang='lat'>-</span> <span class='ocrx_word' id='word_1_312' title='bbox 1189 4055 1241 4100; x_wconf 77' lang='lat' dir='ltr'>ttv.</span> <span class='ocrx_word' id='word_1_313' title='bbox 1257 4051 1321 4115; x_wconf 79' lang='lat' dir='ltr'>Epir.</span> <span class='ocrx_word' id='word_1_314' title='bbox 1337 4072 1367 4083; x_wconf 69' lang='lat'><strong><em>‘</em></strong></span> 
     </span>
    </p>
   </div>
   <div class='ocr_carea' id='block_1_8' title="bbox 303 4129 914 4194">
    <p class='ocr_par' dir='ltr' id='par_1_9' title="bbox 303 4129 914 4194">
     <span class='ocr_line' id='line_1_37' title="bbox 303 4129 914 4194; baseline 0.013 -17"><span class='ocrx_word' id='word_1_315' title='bbox 303 4129 411 4194; x_wconf 76' lang='lat' dir='ltr'>Appiau.</span> <span class='ocrx_word' id='word_1_316' title='bbox 426 4157 462 4166; x_wconf 90' lang='lat'>-</span> <span class='ocrx_word' id='word_1_317' title='bbox 474 4130 539 4179; x_wconf 77' lang='lat' dir='ltr'>vett.</span> <span class='ocrx_word' id='word_1_318' title='bbox 552 4132 591 4190; x_wconf 86' lang='lat'>11,</span> <span class='ocrx_word' id='word_1_319' title='bbox 611 4133 653 4180; x_wconf 78' lang='lat' dir='ltr'>ss.</span> <span class='ocrx_word' id='word_1_320' title='bbox 672 4161 706 4170; x_wconf 89' lang='lat'>—</span> <span class='ocrx_word' id='word_1_321' title='bbox 722 4133 786 4184; x_wconf 84' lang='lat' dir='ltr'>Plut.</span> <span class='ocrx_word' id='word_1_322' title='bbox 800 4135 825 4183; x_wconf 87' lang='lat' dir='ltr'>in</span> <span class='ocrx_word' id='word_1_323' title='bbox 840 4136 914 4186; x_wconf 84' lang='lat' dir='ltr'>Sulla.</span> 
     </span>
    </p>
   </div>
   <div class='ocr_carea' id='block_1_9' title="bbox 0 0 1443 4900">
    <p class='ocr_par' dir='ltr' id='par_1_10' title="bbox 0 0 1443 4900">
     <span class='ocr_line' id='line_1_38' title="bbox 0 0 1443 4900; baseline 0 0"><span class='ocrx_word' id='word_1_324' title='bbox 0 0 1443 4900; x_wconf 95' lang='lat' dir='ltr'> </span> 
     </span>
    </p>
   </div>
  </div>
 </body>
</html>
