2875 4900
260 310 331 381 618
434 312 502 379 JO.
529 311 874 382 FREINSHEMII
906 312 1152 382 SUPPLEM.
1394 149 1403 412 l

260 430 373 494 eadem
386 430 416 493 ei
429 428 497 495 dies
510 454 528 495 a
541 433 580 496 T.
596 432 721 496 Manlio
734 431 885 521 praedicta
898 447 981 513 erat,
994 431 1082 520 apud
1095 456 1195 521 quem
1207 434 1248 499 de
1259 461 1323 501 am·
1401 417 1403 532 l

260 530 333 593 bitu
347 532 580 621 postulabatur.
600 533 706 622 Igitur
724 534 793 621 ipse
814 533 904 597 venit
919 532 960 596 ad
981 534 1123 597 tribunal
1140 536 1325 619 Domitii5a
1401 543 1402 574 l

260 635 427 721 Torquato
447 656 507 722 per
524 632 569 697 M.
591 635 780 699 Marcellum
798 634 959 715 obtinuit,
979 637 1127 723 ueprius
1143 661 1273 703 musam
1288 641 1325 704 de

261 733 387 796 ambitu
404 732 543 815 diceret,
562 758 660 823 quam
677 752 762 800 esset
777 735 818 799 de
839 736 872 799 vi
890 735 1083 817 judicatum.
1100 740 1116 802 J
1120 737 1230 803 udicio
1250 763 1324 828 eon·

261 828 396 917 stituto,
418 858 519 924 quum
539 835 643 926 prima
665 835 718 900 die
735 836 934 925 productum
951 853 1068 902 testem
1092 841 1129 903 C.
1147 840 1324 905 Cassinium

261 936 431 1017 Scholam,
447 936 504 1023 qui
520 957 556 999 se
572 958 647 1000 cum
661 936 777 1001 Clodio
791 938 911 1019 fuisse,
927 960 1031 1025 quum
1045 939 1073 1001 is
1090 940 1218 1005 occisus
1230 958 1325 1023 esset,
1401 933 1402 950 ¹

262 1034 406 1117 dicebat,
424 1037 469 1100 M.
489 1036 659 1102 Marcellus
677 1039 908 1128 interrogaret,
926 1055 1055 1103 tantum
1067 1040 1215 1105 elodiana
1226 1044 1326 1107 multi-

262 1136 343 1201 tudo
367 1137 516 1201 excitavit
542 1140 742 1222 tumultum,
762 1156 799 1204 ut
820 1140 935 1205 ultima
950 1141 1069 1230 timens
1084 1142 1275 1227 Marcellus,
1294 1144 1326 1206 in

261 1238 404 1302 tribunal
420 1261 439 1301 a
454 1237 602 1303 Domitio
620 1241 827 1330 reciperetur.

228 1328 230 1335 ’
306 1337 489 1402 XXXVIII.
508 1338 612 1428 Igitur
629 1342 674 1405 M.
694 1342 813 1405 Coelius
831 1341 1000 1426 tribunus,
1019 1359 1052 1407 et
1066 1344 1136 1432 ipse
1154 1343 1237 1409 Milo
1248 1369 1326 1433 prae·
1401 1353 1402 1358 ’

262 1437 380 1502 sidium
397 1439 453 1503 abs
467 1442 633 1523 Domitio,
653 1443 817 1507 Domitius
832 1466 851 1505 a
864 1443 1021 1532 Pompeio
1039 1443 1258 1532 postularunt.
1275 1447 1326 1509 Ille

262 1562 365 1627 quum
375 1540 416 1606 ad
425 1543 573 1606 aerarium
584 1542 699 1609 sedens
712 1544 827 1609 eodem
837 1546 977 1608 clamore
989 1544 1104 1609 fuisset
1111 1546 1326 1633 perturbatus,

263 1643 414 1729 promisit
436 1646 601 1723 Domitio,
624 1671 659 1711 se
686 1645 842 1735 postridie
865 1670 941 1711 cum
965 1646 1116 1735 praesidio
1138 1648 1325 1713 affuturum.

262 1744 310 1837 Ita
328 1746 477 1830 proximo
500 1746 603 1811 biduo
624 1748 765 1836 quietius
781 1745 884 1810 auditi
907 1763 1014 1811 testes.
1035 1747 1163 1811 Ultimae
1186 1748 1327 1813 testimo·

262 1845 355 1909 nium
382 1846 535 1913 dixerunt
558 1850 750 1940 Sempronia
775 1847 952 1930 Tuditani,
974 1848 1112 1912 arnentis
1136 1848 1224 1913 illius
1251 1848 1326 1927 filia,
1401 1923 1402 1940 ,

262 1970 374 2013 socrus
393 1951 429 2015 P.
451 1948 574 2033 Clodii,
591 1967 623 2015 et
638 1974 722 2014 uxor
739 1950 866 2030 Fulvia3
881 1971 1103 2038 coronamque
1117 1946 1197 2012 fletu
1214 1950 1326 2012 mulie·

211 2108 215 2121 ,
261 2048 313 2112 bri
333 2073 529 2141 magnopere
552 2066 811 2115 commoverunt.
833 2050 936 2141 Igitur
955 2048 1089 2114 dimisso
1112 2048 1197 2111 circa
1217 2050 1326 2113 horam
1401 2077 1402 2154 q

263 2149 421 2215 decimam
434 2150 576 2235 judicio,
597 2154 636 2217 T.
654 2152 822 2217 Munatius
838 2151 997 2238 populum
1011 2149 1202 2215 adhortatus
1216 2168 1285 2232 est,
1298 2162 1329 2213 at
1401 2163 1402 2240 l

251 2246 405 2339 frequens
417 2252 548 2332 adesset,
555 2267 594 2317 et
603 2252 689 2315 elabi
697 2250 850 2316 Milonem
860 2274 924 2314 non
928 2265 1105 2340 pateretur,
1109 2251 1329 2341 judiciumque
1401 2245 1402 2280 l

261 2366 294 2415 et
313 2350 452 2417 dolorem
477 2376 568 2419 suum
594 2352 777 2418 ostenderet.
802 2352 939 2417 Postero
962 2351 1031 2435 die,
1056 2354 1328 2433 sortitionelacta

259 2451 407 2532 judicum
426 2455 523 2518 unius
541 2473 574 2519 et
589 2455 808 2545 septuaginta,
825 2455 930 2543 iisque
946 2455 1095 2544 protinus
1113 2479 1241 2520 sessum
1255 2479 1328 2521 eun·
1401 2441 1402 2446 ἵ

253 2554 367 2635 tibus,
389 2555 512 2644 Appius
538 2557 661 2638 major,
687 2574 720 2622 et
740 2557 786 2622 M.
810 2555 991 2637 Antonius,
1017 2556 1073 2644 qui
1099 2579 1175 2620 mox
1199 2556 1327 2620 viduam

263 2654 371 2738 duxit,
389 2672 422 2721 et
434 2657 471 2721 P.
489 2657 634 2723 Valerius
647 2657 758 2747 Nepos
774 2657 1010 2721 accusationem
1024 2656 1114 2720 horis
1127 2655 1277 2740 duabus,
1292 2654 1328 2720 ad

263 2757 438 2822 dicendum
457 2758 538 2824 datis
555 2782 573 2823 e
589 2759 678 2851 lege,
697 2774 904 2846 peregerunt.

307 2861 462 2925 XXXIX.
482 2861 540 2924 His
554 2884 642 2924 unus
656 2877 725 2925 erat
739 2881 954 2948 responsurus
966 2857 1100 2937 Cicero,
1113 2857 1217 2920 tribus
1230 2858 1329 2921 omni·

264 2985 308 3025 no
326 2961 415 3026 horis
435 2961 476 3026 ad
497 2961 673 3026 dicendum
691 2961 785 3026 datis.
805 2960 910 3050 Igitur
927 2959 997 3041 ille,
1021 2975 1055 3023 et
1073 2959 1232 3024 brevitate
1252 2975 1329 3023 tem·

263 3062 351 3150 poris
365 3061 646 3151 circumscriptus,
660 3078 692 3127 et
707 3061 864 3150 adspectu
876 3060 1007 3124 territus
1021 3076 1239 3138 armatorum,
1252 3081 1328 3150 quos

265 3163 349 3227 circa
365 3165 473 3228 forum
487 3164 661 3252 Pompeius
673 3161 892 3252 disposuerat,
907 3183 975 3224 non
989 3159 1119 3240 eadem,
1138 3183 1203 3247 qua
1219 3161 1328 3224 solitus

264 3281 351 3346 erat,
367 3266 549 3330 constantia
569 3281 601 3329 et
619 3264 787 3347 facundia,
806 3285 934 3327 causam
953 3261 1066 3324 orarit.
1085 3261 1169 3324 Nam
1189 3285 1263 3349 quae
1282 3262 1328 3322 in·

265 3365 383 3453 scripta
399 3389 460 3454 pro
480 3366 603 3429 Milone
627 3365 747 3454 legitur
764 3364 927 3429 Ciceronis
946 3362 1067 3444 oratio,
1087 3379 1199 3450 postea
1216 3365 1327 3451 scripta

264 3481 313 3552 est
330 3488 338 3529 :
355 3483 456 3554 puto,
471 3467 642 3532 ostendere
659 3467 810 3555 cupiente
827 3482 972 3544 oratore,
989 3486 1056 3528 non
1070 3486 1129 3527 sua
1145 3465 1258 3552 culpa,
1276 3461 1328 3526 sed

264 3566 309 3630 ob
326 3589 442 3630 novam
460 3566 660 3647 judiciorum
676 3567 810 3651 faciem,
826 3567 998 3654 variosque
1014 3581 1171 3648 terrores,
1190 3563 1328 3629 deterius

265 3667 435 3733 defensum
451 3691 543 3732 reum
558 3667 667 3732 fuisse.

194 3919 198 3925 ·
299 3892 315 3958 s
335 3893 482 3942 xxxvut.
501 3893 592 3940 Asson.
611 3919 643 3928 -
660 3891 713 3942 Cic.
729 3893 819 3956 Philip.
833 3895 884 3950 111,
896 3893 927 3951 6,
947 3890 1059 3940 ethead.
1069 3891 1165 3952 Quaest.
1179 3893 1225 3948 lv,
1241 3892 1282 3938 28.
1296 3915 1326 3924 -

266 3977 322 4026 Val.
337 3977 477 4036 Max.V11,
496 3978 520 4025 8.
543 4003 577 4012 —
597 3975 612 4041 S
633 3973 758 4026 xxxtx.
778 3977 832 4026 Cic.
850 3976 959 4042 Philipp.
974 3979 1013 4035 11,
1032 3977 1062 4036 5,
1081 3986 1105 4024 et
1119 3992 1167 4040 pro
1179 3975 1234 4026 Mil.
1251 3992 1274 4024 1.
1296 4001 1326 4010 -

266 4061 330 4109 rtur.
345 4061 370 4108 in
384 4059 436 4108 cte.
450 4087 485 4098 -
497 4061 553 4107 Dio.
569 4087 602 4096 —-
617 4061 709 4108 Asson.
