2875 4900
305 395 360 466 ΙΝ
389 397 500 465 LOC.
529 397 621 466 LIB.
650 399 738 468 CXI
771 401 985 473 lllvlsul.
1113 405 1180 500 737

110 521 281 608 fugerant,
306 517 440 607 repertis
461 541 520 606 per
539 519 624 582 viam
653 521 912 608 exploratoribus
937 523 1089 604 Domitii,
1116 525 1183 588 sive

109 635 243 708 propter
259 635 402 684 veterem
422 620 713 704 consuetudinem,
731 622 822 709 quod
837 623 871 685 in
894 623 996 688 Gallia
1016 647 1083 688 una
1096 625 1182 688 mili-

109 737 265 804 taverant,
277 723 345 786 sive
357 721 459 812 gloria
472 721 557 804 elati,
575 723 685 787 omnia
696 741 979 813 exprompseruut.
997 726 1045 789 lta
1057 723 1182 790 deflexo

109 825 226 888 itinere
241 823 423 906 Domitius,
437 846 500 912 qua
514 825 670 908 Caesarem
683 827 795 890 venire
807 826 990 908 audiverat,
1004 829 1183 917 vitavitque

110 926 323 1014 Pompeium,
336 942 368 990 et
380 924 424 1004 ad
435 923 605 1014 AEginium
618 947 693 990 cum
706 928 903 1016 imperatore
913 950 974 993 suo
985 929 1182 1009 conjunctus

110 1043 169 1092 est.
187 1028 257 1091 Jam
270 1048 482 1116 quocumque
493 1028 597 1091 Caesar
611 1025 730 1109 adiret,
742 1028 929 1117 praeliorum
943 1030 1184 1118 Dyrrhachino-

109 1153 185 1193 rum
199 1131 284 1193 fams
298 1143 510 1218 praecurrerat
523 1151 531 1192 :
546 1127 645 1218 igitur
659 1129 830 1216 Gomphos
841 1131 1004 1212 venienti,
1017 1133 1108 1219 quod
1121 1136 1183 1224 pri·

110 1253 202 1294 mum
220 1245 269 1294 est
287 1245 402 1294 contra
417 1231 555 1318 Epirum
566 1229 739 1294 Thessaliae
753 1231 928 1318 oppidum,
945 1249 1064 1321 praetor
1079 1239 1185 1326 gentis

110 1331 358 1397 Androsthenes
380 1345 490 1420 portas
516 1331 647 1412 clausit,
670 1331 811 1396 dimissis
835 1331 876 1395 ad
897 1333 1092 1423 Pompeium
1115 1337 1184 1402 Sci-

110 1433 311 1521 pionemque
335 1433 478 1514 nuntiis,
502 1429 610 1496 auxilii
634 1430 835 1497 accelerandi
859 1454 965 1498 causa.
990 1437 1056 1502 Sed
1079 1438 1186 1505 Cesar

111 1533 245 1600 edoctos
261 1533 398 1616 milites,
418 1549 579 1621 quantum
600 1532 641 1598 ad
661 1533 781 1596 samam
797 1534 1089 1626 necessitatemque
1101 1563 1185 1630 prte-

111 1651 235 1699 sentem
251 1657 287 1699 ea
308 1658 358 1699 res
378 1635 572 1724 pertineret,
596 1635 641 1698 sic
659 1632 825 1716 accendit,
841 1648 880 1697 ut
894 1647 971 1724 post
988 1636 1103 1703 horam
1121 1665 1184 1704 no-

111 1757 187 1800 nam
209 1736 453 1825 oppugnatione
479 1751 602 1822 coepta,
628 1749 704 1798 ante
730 1749 862 1798 noctem
889 1736 963 1800 loco
988 1740 1184 1826 potirentur.

113 1838 225 1920 Quum
244 1836 323 1900 urbs
340 1835 551 1926 diriperetur,
569 1837 738 1900 insolitum
756 1837 976 1923 spectaculum
994 1837 1028 1901 in
1043 1841 1203 1926 quadam·

111 1939 212 2004 domo
230 1939 482 2027 irrumpentium
503 1939 615 2002 oculos
636 1939 744 2002 tenuit
763 1960 772 2001 ε
790 1959 884 2001 senes
908 1938 1024 2026 viginti
1042 1940 1187 2020 jacentes

112 2043 147 2104 in
163 2041 329 2106 coenaculo
352 2063 427 2105 cum
450 2040 625 2121 calicibus,
648 2041 769 2104 similes
787 2039 904 2122 ebriis,
929 2039 987 2105 sed
1003 2041 1070 2106 rita
1086 2045 1187 2126 cassi,

111 2141 294 2232 sedensque
309 2143 390 2206 alius
406 2158 499 2231 gestu
515 2141 687 2232 praebentis
707 2141 888 2229 potionem.
905 2142 1032 2229 Nempe
1050 2143 1187 2208 nobilis·

111 2243 214 2310 simus
236 2245 375 2334 quisque
393 2256 497 2308 morte
515 2243 681 2332 asperiora·
696 2244 849 2306 timentes
862 2241 904 2306 ad
923 2241 1087 2308 medicum
1103 2267 1185 2310 con·

110 2363 284 2428 venerant,
299 2344 519 2433 eumdemque
531 2343 714 2409 habuerant
727 2357 760 2407 et
770 2343 956 2407 ministrum
972 2343 1109 2409 mitioris
1123 2348 1187 2410 exi·

114 2466 185 2531 tus,
204 2467 236 2513 et
252 2450 416 2514 comitem.
860 2459 865 2472 ‘

156 2548 238 2617 tvl.
256 2552 378 2632 Caesar,
397 2549 504 2614 obiter
522 2550 650 2614 refectis
671 2548 848 2630 militibus,
864 2550 1074 2637 Metropolim
1091 2553 1187 2640 oppi-

111 2651 192 2715 dum
207 2650 362 2740 scipsum
380 2650 552 2715 Thessaliae
568 2648 755 2730 contendit,
773 2671 810 2714 ea
825 2650 1004 2732 eeleritate,
1018 2668 1057 2715 ut
1067 2653 1185 2717 famam

111 2750 211 2815 cladis
227 2752 487 2841 Gomphensium
508 2752 655 2815 anteiret.
679 2752 780 2835 Quasi
799 2750 1037 2817 bacchabundo
1057 2756 1186 2843 agmine

110 2866 306 2941 perventum
322 2868 388 2933 est,
410 2850 500 2939 quod
517 2852 627 2933 miles,
645 2852 724 2915 vino
743 2850 831 2940 apud
850 2852 1021 2942 Gomphos
1035 2872 1183 2943 reperto,

110 2973 147 3018 se
168 2954 443 3044 ingurgitaverat,
464 2954 619 3019 Germani
642 2968 718 3018 ante
741 2975 873 3038 omnes,
897 2954 998 3019 veteri
1022 2957 1127 3045 gentis
1152 2974 1184 3022 et

111 3071 225 3118 tenace
240 3054 372 3143 probro.
391 3053 455 3119 Sed
471 3076 507 3119 ea
522 3077 655 3143 quoque
674 3078 726 3119 res
744 3056 920 3120 commodo
935 3058 1053 3121 Caesari
1069 3059 1183 3141 cessit3

111 3176 189 3219 nam
212 3169 245 3218 et
266 3154 458 3219 morborum
476 3155 541 3234 jam
564 3157 648 3221 inter
669 3178 726 3220 eos
745 3157 1037 3246 ingravescentium
1061 3160 1184 3225 semina

109 3256 249 3347 largiore
264 3256 341 3319 vino
358 3254 502 3321 discussa
517 3274 613 3338 sunt,
631 3274 664 3321 et
682 3257 826 3321 alacritas
848 3258 988 3321 militum
1010 3276 1103 3324 aucta
1125 3276 1183 3326 est.

111 3356 345 3449 Metropolitae,
359 3379 462 3445 quum
481 3356 521 3421 ad
535 3358 751 3423 resistendum
763 3380 798 3422 se
811 3376 977 3447 pararent,
993 3361 1069 3425 visis
1084 3362 1187 3427 Gom·

113 3459 288 3547 phensium
306 3459 457 3559 captivis,
475 3473 507 3522 et
522 3460 672 3549 cognito,
688 3456 779 3547 quod
791 3456 970 3540 acciderat,
986 3484 1021 3524 se
1034 3463 1186 3549 protinus

111 3564 265 3651 potestati
282 3562 424 3649 fideique
440 3561 571 3625 Cesaris
587 3558 843 3624 transdiderunt.
858 3562 963 3624 Caesar
978 3561 1039 3626 hos
1054 3560 1187 3651 diligen·

113 3665 395 3746 tereonservari13
421 3662 577 3751 brevique
599 3684 709 3727 rerum
733 3682 845 3725 earum
867 3661 1013 3751 disperso
1033 3684 1185 3746 murore,

113 3764 373 3853 Gomphensium
394 3766 484 3830 malis
501 3765 599 3829 rebus
617 3781 649 3827 et
667 3764 949 3852 Metropolitanum
966 3764 1187 3828 tolerabilibus

113 3888 228 3932 omnes
247 3883 402 3957 permotae
417 3868 577 3949 civitates,
594 3861 634 3932 ad
652 3868 810 3931 Gaesarem
828 3888 862 3929 se
882 3866 1108 3940 contulerunt,
1129 3887 1186 3928 ex·

151 4072 166 4139 s
185 4076 236 4124 tv.
250 4075 315 4125 tlor.
332 4103 366 4113 -·
384 4078 440 4125 Dio.
460 4104 494 4113 -
512 4078 619 4144 Appiam.
641 4105 674 4114 -—
696 4075 789 4141 §tva
803 4076 860 4122 Dio.
882 4102 916 4111 —-
937 4076 1060 4124 Plutarch.
1075 4077 1101 4123 in
1121 4077 1183 4125 Cas.

113 4186 149 4197 -
162 4158 270 4223 Appisn.

237 4256 278 4323 x.
943 4258 987 4347 n
