2875 4900
282 376 348 462 154
447 380 519 446 JO.
546 378 887 449 FREINSHEMII
916 380 1160 448 SUPPLEM.

321 502 392 565 Vll.
405 500 519 563 Caium
530 498 649 563 deinde
659 500 843 563 Carbonem
853 500 940 564 Gnaei
953 500 1102 587 fratrem,
1114 498 1231 563 milites
1241 500 1340 585 paulo

277 600 416 663 severius
437 600 617 688 exigentem
639 600 788 687 priorum
810 616 996 688 temporum
1019 599 1240 688 disciplinam,
1257 599 1342 664 facta

278 698 436 763 seditione
454 700 669 765 trucidarunt.
688 702 738 764 lta
756 716 790 764 et
808 700 1065 764 adversariorum
1085 699 1277 764 deficiebant
1292 700 1343 763 vi·

277 822 346 881 res,
360 816 394 863 et
403 802 534 865 sullanae
544 802 645 890 copiae
656 802 690 865 in
705 800 774 873 dies
785 801 1006 891 augebantur3
1022 800 1210 889 dimissique
1221 802 1342 890 passim

278 900 377 965 duces
395 901 482 965 haud
500 902 689 990 poenitendo
708 924 859 967 successu
874 902 1023 990 agebant.
1038 901 1172 966 Nobiles
1185 902 1273 965 enitn
1285 903 1342 982 ju·

277 1022 394 1083 venes,
412 1002 470 1089 qui
486 1002 671 1090 frequentes
696 1002 737 1067 ad
757 1003 878 1069 Sullam
895 1018 1145 1084 concurretant,
1160 1003 1217 1067 ubi
1230 1002 1343 1082 cujus·

279 1124 343 1189 que
359 1102 528 1167 utilissima
545 1103 714 1169 videbatur
729 1104 839 1168 fuum
856 1125 972 1193 opera,
990 1103 1031 1167 ad
1048 1124 1120 1167 eam
1134 1101 1344 1167 destinaban-

279 1216 342 1265 tur.
370 1204 496 1269 Horum
519 1204 564 1268 Μ.
591 1207 724 1269 Crassus
749 1205 783 1268 in
806 1204 932 1268 Marsos
955 1204 1002 1267 ire
1021 1203 1147 1283 jussus,
1171 1224 1275 1289 quum
1298 1202 1344 1265 ob

280 1302 389 1367 hostes
413 1305 614 1392 propinquos
639 1304 824 1392 praesidium
846 1305 1042 1392 postularet;
1062 1304 1247 1368 vehementi
1268 1324 1346 1367 ora·
1408 1343 1411 1352 ι

281 1403 370 1467 tione
384 1404 518 1485 Sullas«
528 1407 579 1470 Do
598 1406 656 1469 n'bi
677 1422 801 1494 patrem
821 1422 937 1484 tuum,
952 1405 1080 1491 iuquit,
1096 1404 1295 1490 fratremque
1311 1419 1348 1465 et

282 1504 443 1585 «amicos,
457 1528 599 1592 quorum
616 1505 750 1594 indigne
767 1507 1039 1593 interemptorum
1050 1526 1258 1593 persequora
1274 1526 1347 1567 sce·

282 1602 409 1667 uleratis
433 1628 552 1692 poenas.
564 1636 577 1663 ι
595 1606 648 1670 Sic
663 1606 816 1669 incitatus
831 1605 1016 1671 adolescens
1032 1605 1168 1693 impigre
1179 1604 1347 1691 perrupit,

282 1706 471 1793 magnisque
486 1707 631 1771 celeriter
644 1706 835 1795 conscriptis
849 1706 969 1793 copiis,
986 1706 1099 1769 utilem
1111 1726 1152 1769 eo
1165 1704 1251 1769 bello
1262 1726 1347 1792 ope·

281 1826 350 1869 ram
369 1805 522 1892 praestitit.

326 1906 415 1970 Vlll.
435 1910 477 1971 At
494 1907 564 1994 ipse
584 1908 777 1996 imperator,
795 1908 853 1995 qui
873 1908 909 1972 L.
930 1908 1114 1996 Scipionem
1131 1917 1208 1971 cum
1225 1928 1349 1996 magno

283 2008 424 2071 exercitu
450 2008 485 2070 in
506 2006 710 2097 propinquo,
735 2008 855 2072 multos
880 2009 959 2072 alios
985 2008 1083 2072 duces
1109 2006 1220 2072 validis
1243 2007 1349 2096 copiis

283 2106 434 2171 subnisos
447 2109 566 2196 passim
583 2107 717 2173 tendere
732 2109 846 2191 sciret,
864 2109 1021 2197 imparem
1040 2130 1076 2173 se
1094 2108 1219 2173 viribus
1236 2124 1348 2188 ratus,

283 2207 392 2273 denuo
409 2209 451 2273 ad
469 2210 555 2297 pacis
574 2210 742 2299 negotium
758 2210 875 2290 adjecit
889 2211 1046 2274 animum.
1064 2208 1205 2292 Quidam
1221 2208 1300 2272 dolo
1312 2208 1349 2273 itl

227 2302 229 2309 ’
285 2311 405 2373 factum
424 2309 638 2392 arbitrantur,
657 2332 725 2374 non
743 2311 949 2398 improbabili
966 2310 1167 2391 conjectura,
1185 2307 1276 2398 quod
1295 2330 1352 2373 so·

284 2409 356 2473 ciali
376 2410 658 2500 mithridaticoque
680 2401 766 2475 bello
779 2410 894 2476 iisdem
908 2411 1030 2476 artibus
1045 2410 1154 2476 hostes
1166 2411 1350 2474 circumve·

286 2527 387 2575 nerat.
412 2512 475 2576 Sed
495 2513 622 2577 romani
645 2512 836 2600 scriptores,
859 2512 979 2600 quibus
993 2512 1066 2600 plus
1086 2511 1208 2575 caeteris
1225 2509 1351 2572 tribuas

286 2611 319 2674 in
336 2611 445 2698 patriis
462 2613 579 2694 rebus,
597 2610 764 2676 bonafide
781 2628 942 2700 certoque·
949 2612 1118 2701 proposito
1129 2611 1296 2700 quaesitans
1307 2609 1351 2674 ab

286 2735 326 2777 co
340 2713 547 2778 concordiam
561 2729 733 2779 testantur.

329 2813 388 2878 IX.
412 2813 527 2902 Neque
547 2813 706 2878 recusavit
729 2813 854 2902 Scipio,
875 2815 975 2901 quin,
1000 2814 1138 2901 acceptis
1159 2811 1352 2894 obsidibus,

287 2930 376 2978 extra
399 2933 501 2980 castra
521 2916 554 2979 in
583 2913 784 3002 colloquium
803 2914 958 3002 prodiret.
983 2913 1081 2978 Terni
1099 2929 1226 2978 tantum
1250 2912 1354 2976 collo·

288 3017 383 3103 qunti
398 3033 493 3098 sunt;
510 3039 577 3106 quo
588 3015 703 3104 magis,
720 3014 801 3104 quid
813 3015 968 3104 utrinque
978 3014 1101 3078 dictum
1116 3015 1233 3094 fuerit,
1251 3014 1354 3095 latet,

289 3137 348 3180 nec
367 3116 402 3180 in
421 3119 537 3206 vulgus
558 3117 736 3182 emanavit:
754 3116 797 3181 de
813 3117 1004 3181 auctoritate
1019 3133 1127 3180 tamen
1143 3131 1292 3194 senatus,
1309 3113 1355 3178 de

289 3217 449 3304 suffragiis
462 3219 592 3306 populi,
607 3236 639 3284 et
652 3219 695 3284 de
706 3219 779 3298 jtue
794 3218 951 3299 civitatis,
964 3218 1094 3282 collatas
1109 3239 1180 3282 esse
1194 3215 1356 3280 conditio·

290 3336 365 3394 nes,
388 3317 460 3404 ipso
482 3341 592 3382 rerum
616 3319 782 3384 indicante
801 3333 906 3400 statu,
929 3316 1130 3382 credebatur.
1155 3318 1227 3381 Hoc
1244 3337 1355 3378 unum

289 3429 432 3498 constat,
450 3419 552 3504 pactis
568 3418 724 3500 induciis,
742 3420 783 3502 Q.
803 3417 982 3484 Sertorium
998 3417 1040 3482 ad
1059 3417 1252 3482 Norbanum
1270 3439 1356 3480 con·

290 3515 393 3579 sulem
418 3519 552 3582 missum
578 3543 667 3602 esse,
693 3519 784 3608 quod
806 3520 933 3610 Scipio,
957 3520 1079 3608 collega
1100 3519 1293 3607 ignorante,
1311 3517 1357 3582 de

291 3618 386 3680 tantis
402 3618 499 3683 rebus
518 3619 696 3708 quidquam
712 3622 829 3709 pacisci
842 3621 1044 3712 gravabatur·
1065 3618 1129 3684 Sed
1141 3618 1305 3686 Sertorius
1320 3618 1356 3682 in

291 3739 330 3779 eo
342 3716 456 3781 itinere
469 3719 635 3803 Suessam,
651 3743 725 3809 quae
741 3722 836 3786 Sullae
847 3723 994 3810 partibus
1006 3743 1042 3785 se
1054 3720 1285 3809 applicaverat,
1299 3742 1358 3782 oc-

327 3943 408 4008 §VIL
419 3943 450 3994 U.
462 3943 566 4007 utum
578 3947 609 3994 A.
619 3947 648 3998 C.
660 3947 701 3996 83.
717 3948 989 4010 -vu.ttu.1x.7.
1007 3975 1043 3986 --
1059 3947 1124 3997 rut.
1139 3947 1167 3994 in
1180 3947 1282 4002 Crasso,
1294 3961 1318 3993 c.
1331 3963 1357 4007 9.

295 4055 327 4066 -
341 4025 439 4090 §VHL
448 4027 556 4092 Appiau.
572 4055 607 4065 -
619 4029 684 4080 Plut.
696 4031 724 4079 in
736 4031 812 4090 Sulla,
827 4047 882 4096 cap.
891 4031 934 4087 54.
948 4057 983 4069 ·-
996 4033 1050 4080 liv.
1062 4031 1130 4096 Epit.
1142 4027 1248 4077 -vut
1258 4030 1299 4090 11,
1312 4028 1359 4078 ιδ,

296 4135 330 4146 -
342 4109 394 4157 Cic.
404 4109 510 4174 Philipp.
521 4113 587 4168 111,
603 4127 643 4158 11.
