2875 4900
320 378 385 449 166
489 380 556 447 JO.
582 377 922 448 FREINSIIEMII
950 374 1194 445 SUPPLEM.

313 523 415 589 gnum
427 499 495 580 ejus
508 500 701 586 pertinentia
712 497 914 563 Mithridates
922 494 1090 561 retinebat.
1099 495 1242 559 Comana
1251 490 1365 555 deinde

313 601 447 688 irrupit,
466 599 637 665 maximam
659 600 698 663 iis
716 599 903 688 regionibus
920 596 1043 684 pontici
1057 595 1140 676 juris
1156 593 1290 675 urbem,
1307 590 1363 653 ubi

314 722 437 789 magnae
450 700 613 789 religionis
629 700 868 787 opulentiusque
880 699 1038 786 templum
1051 696 1225 761 visebatur.
1241 697 1280 759 In
1298 692 1365 771 ejus

312 802 403 865 urbis
414 800 561 888 praesidio
573 822 629 863 rex
643 800 845 865 Mithridates
860 800 985 887 aliquot
992 798 1141 885 equitum
1153 797 1217 859 alas
1228 796 1365 859 colloca·

310 916 399 964 vemt
414 923 423 964 t
444 922 524 987 quas
541 900 598 964 ubi
620 902 764 966 concisas
778 900 963 965 allomeris
981 920 1052 963 esse
1068 896 1238 985 cognovit,
1255 893 1365 981 legatis

310 998 352 1063 ad
363 1000 540 1063 Murenam
556 1000 677 1081 missis,
691 1017 784 1089 pects
795 1022 872 1064 curn
884 1000 921 1063 L.
930 998 1018 1063 Sulh
1030 998 1110 1061 inita
1122 996 1240 1061 servari
1253 1011 1366 1082 postu·

311 1098 404 1163 labat.
420 1098 516 1162 Forte
531 1099 659 1164 Graecos
680 1101 838 1188 quosdam
856 1098 1019 1187 sapientire
1037 1096 1182 1181 studium
1203 1096 1366 1183 professos

310 1198 427 1287 magis,
450 1220 547 1285 quam
570 1217 775 1287 praestanter,
797 1200 1001 1265 Mithridates
1024 1199 1183 1287 legaverat
1201 1196 1279 1277 tbi,
1299 1194 1365 1257 sive

309 1300 413 1386 gentis
432 1300 525 1380 odio,
545 1302 611 1365 sive
626 1324 735 1367 mores
753 1302 837 1390 regis
856 1301 980 1389 perosi,
994 1314 1108 1363 uonna
1126 1294 1315 1361 mandatum
1334 1311 1366 1359 et

310 1397 479 1464 utilitatem
499 1401 584 1482 ejus,
607 1426 626 1465 a
640 1425 707 1490 quo
721 1403 909 1482 veniebant,
931 1400 1053 1466 bellurn
1066 1399 1176 1486 potius
1192 1397 1364 1476 Muraenae,

309 1519 405 1584 quant
422 1522 553 1588 pacem,
567 1504 757 1568 suadebant.

352 1598 441 1665 XIII.
457 1601 563 1689 Igitur
573 1604 649 1690 quia
667 1604 769 1686 Sulla,
785 1618 958 1667 contentus
969 1602 1068 1681 fidem
1081 1600 1172 1665 factis
1185 1620 1364 1687 represen-

306 1714 389 1781 tare,
406 1702 529 1766 tabulus
547 1704 673 1768 foderis
690 1704 894 1769 conscribere
908 1705 1106 1793 neglexerat,
1120 1700 1257 1788 negabat
1269 1714 1364 1787 pacta

306 1822 340 1863 se
356 1799 482 1884 videre,
498 1802 539 1867 ad
552 1826 625 1892 quar
634 1804 837 1869 Mithridates
852 1818 1052 1891 provocer-et.
1062 1802 1135 1865 lloc
1146 1820 1304 1886 responso
1321 1799 1365 1861 le·

306 1902 385 1987 gatis
406 1901 550 1987 reddito,
572 1906 679 1968 statim
696 1904 875 1992 preditum
894 1902 1017 1967 dimisit
1036 1922 1133 1980 suos,
1157 1921 1264 1985 neque
1284 1920 1365 1984 pro·

305 2000 401 2081 fanis,
414 2026 520 2091 neque
532 2006 627 2067 meris
643 2005 808 2069 abstinens
820 2026 951 2084 manus;
967 1999 1103 2081 deinde,
1119 1997 1269 2085 quiajam
1282 2011 1365 2059 tem·

306 2124 365 2187 pus
380 2105 456 2165 anni
472 2104 569 2168 rebus
582 2104 730 2193 gerendis
745 2106 893 2192 ineptum
908 2118 996 2183 erat,
1011 2098 1204 2165 hibernandi
1215 2118 1312 2163 causa
1327 2097 1362 2159 in

304 2202 504 2289 Cappadocia
528 2206 679 2270 substitit.
702 2209 752 2271 De
771 2206 822 2270 his
840 2205 1060 2285 Mithridates,
1083 2219 1155 2267 turn
1176 2200 1217 2265 ad
1236 2200 1362 2265 Sullam

305 2302 424 2384 missis,
445 2320 516 2369 tum
539 2306 580 2370 ad
601 2324 750 2371 senatum
770 2307 897 2396 legatis,
920 2306 1144 2394 querebatur:
1164 2332 1177 2358 ι
1189 2300 1309 2366 Omnia
1325 2322 1362 2364 se

303 2403 453 2486 «fecisse,
466 2404 608 2487 dedisse,
619 2428 691 2494 quaa
701 2429 740 2472 er
753 2407 892 2471 formula
906 2404 1036 2472 luderis
1052 2419 1087 2468 et
1099 2401 1163 2468 lide
1173 2401 1260 2466 bona
1271 2396 1363 2480 ficri,

301 2532 314 2556 ι
325 2501 391 2565 dari
413 2507 616 2591 oportuisset.
639 2509 793 2572 Romanis
810 2508 934 2587 Asiam,
953 2506 1083 2595 regibus
1102 2499 1361 2591 Cappadociam,

303 2600 525 2688 «Bithyniam,
541 2607 791 2695 Paphlagoniam
806 2607 1005 2671 restituisse:
1019 2604 1186 2668 recessisse
1199 2601 1286 2664 intra
1300 2623 1363 2688 pa·

299 2732 312 2755 a
324 2701 374 2763 trii
389 2707 481 2792 regni
496 2705 630 2787 limites,
647 2707 899 2794 longissimeque
912 2701 1247 2768 remotumaoonn'lio
1258 2700 1360 2764 simul

297 2833 310 2857 ι
321 2818 354 2865 et
366 2804 534 2868 occasione
550 2808 675 2868 romani
691 2807 767 2869 belli
781 2806 1004 2870 diversissimis
1019 2805 1098 2870 locis
1112 2802 1266 2867 adversus
1282 2802 1361 2866 Col·

298 2931 311 2955 ·‹
321 2902 400 2966 chos
414 2917 511 2991 atque
522 2907 725 2993 Bosporanus
740 2905 925 2985 dimicasse,
939 2926 1043 2991 quum
1058 2903 1147 2968 nulla
1161 2919 1359 2991 provocetur

296 3033 309 3056 ι
320 3003 436 3081 injurie
449 3005 484 3069 L.
494 3007 656 3088 Murrena,
673 3028 772 3094 quem
786 3008 821 3070 L.
830 3005 918 3070 Sulla
930 3028 1007 3069 oum
1020 3004 1158 3091 irnperio
1174 3003 1208 3066 in
1220 3003 1295 3066 Asia
1309 3027 1362 3068 re·

295 3103 481 3190 «liquisset,
501 3107 714 3194 lrruptIonem
736 3107 772 3170 in
789 3105 870 3169 lines
884 3127 962 3169 suos
980 3105 1110 3184 lecerit,
1128 3101 1230 3166 ,urbes
1249 3125 1357 3190 expu-

294 3206 438 3290 «gnarit,
453 3207 598 3294 praesidia
612 3209 699 3296 regia
711 3207 840 3287 ejecerit
854 3221 912 3269 aut
921 3203 1091 3284 occiderit,
1105 3219 1156 3282 et,
1173 3203 1359 3288 quamlibet

292 3320 506 3369 «occurrente
520 3309 667 3386 nemiue,
682 3305 791 3370 divina
805 3305 902 3370 simul
918 3328 957 3370 ac
970 3305 1112 3368 humana
1130 3303 1303 3368 latrodnio
1317 3327 1359 3368 ac

295 3401 437 3487 «rapinis
452 3407 621 3469 vexaverit.
1054 3395 1059 3401 ⁴

336 3502 423 3566 XIV.
439 3533 452 3558 ι
462 3505 531 3568 Nec
544 3506 632 3569 hunc
647 3506 837 3584 injuriarum
852 3505 951 3570 finem
963 3505 1067 3568 iacere
1076 3503 1303 3581 constituisse,
1319 3504 1357 3564 in

291 3632 302 3652 a
315 3602 524 3688 Cappadocite
533 3605 676 3668 hibernis
685 3606 861 3670 exereitum
871 3602 1357 3690 tenentem,ut,quamprimum

289 3733 301 3755 «
314 3719 441 3788 tempus
452 3705 529 3766 anni
538 3721 716 3792 pateretur,
728 3705 945 3794 redintegrare
956 3705 1078 3769 bellurn
1089 3718 1209 3791 posset.
1217 3702 1360 3790 Magno-

287 3825 386 3887 ·‹pere
407 3802 505 3891 igitur
520 3807 699 3892 postulare,
715 3823 846 3872 senatus
863 3806 969 3871 datam
988 3805 1050 3868 sibi
1067 3825 1179 3890 pacem
1198 3818 1358 3889 proestet;

283 3900 482 3968 «Murenam
502 3921 647 3989 revocet,
662 3929 713 3971 res
729 3907 879 3988 reddere,
892 3907 1014 3972 bellum
1027 3906 1198 3986 omittere,
1217 3905 1356 3984 injuriis

317 4095 334 4160 5
350 4099 421 4146 xm.
439 4101 545 4164 Appirn.
