2875 4900
264 370 332 445 582
438 369 507 435 Jo.
535 362 875 435 FREINSHEMII
905 362 1151 431 SUPPLEM.

262 493 348 581 ipse,
373 488 449 577 quia
464 486 695 575 proconsulare
713 481 888 572 imperium
908 480 1042 544 habenti
1058 482 1183 545 Urbem
1204 483 1319 571 ingredi

264 614 332 657 non
353 589 486 668 licebat,
509 600 643 651 evocato
665 584 789 673 populo
812 583 911 647 rerba
929 604 992 671 pro
1016 583 1159 647 Gabinio
1184 600 1321 651 accurate

264 694 358 776 fecit,
374 690 505 757 Caesaris
523 688 618 752 etiam
640 685 781 751 recitatis
797 684 956 773 epistolis,
974 683 1095 771 quibus
1111 685 1251 749 salutem
1266 686 1321 751 Ga·

263 795 347 861 binii
360 793 449 859 enise
462 787 755 855 commendaverat.

307 896 383 959 Vll.
397 890 522 956 Eodem
541 890 642 953 ferme
656 902 804 975 tempore
823 909 885 975 pro
901 886 946 951 Μ.
965 888 1088 950 Scruro
1105 887 1232 953 felicius
1251 889 1323 953 inter

265 998 343 1063 alios
367 1008 522 1083 patronos
546 990 660 1055 Cicero
681 987 773 1052 dixit.
798 988 985 1053 Postulatus
1007 1003 1041 1051 et
1057 989 1118 1053 iste
1137 989 1325 1079 repetund2.

264 1120 340 1163 rum
361 1097 466 1160 luerat
481 1115 521 1157 ex
538 1090 700 1172 Sardinia,
716 1092 752 1155 C.
768 1090 896 1154 Triario
916 1092 953 1156 C.
972 1090 1009 1155 F.
1026 1106 1212 1173 accusante.
1233 1095 1325 1157 Causa

265 1198 409 1263 hominis
433 1211 499 1259 tam
524 1208 593 1259 erat
614 1190 754 1280 perdita,
778 1206 816 1256 ut
840 1207 1010 1257 accusator
1028 1191 1172 1273 diceret,
1192 1191 1263 1281 Iege
1277 1194 1328 1257 sibi

264 1312 502 1387 centum'atqrre
525 1297 648 1383 vigz‘rrri
665 1294 840 1357 dominibus
862 1292 1048 1359 deruentium
1069 1296 1279 1359 testrirronr'um
1292 1295 1326 1358 Ιί-

257 1410 502 1465 'cerussatam
523 1420 588 1465 non
609 1418 776 1476 recusare,
802 1398 969 1483 quominus
990 1388 1174 1460 absolvdtur
1196 1418 1282 1476 reru,
1304 1400 1329 1459 si

263 1502 390 1567 totr'rlcm
405 1502 608 1577 nominasset,
622 1498 734 1594 quidm
745 1500 780 1561 r'rr
785 1500 951 1586 provr'rrcr'a
964 1496 1047 1561 nidd
1056 1496 1241 1562 ddulbset.
1255 1500 1326 1563 Tam

263 1605 352 1668 bona
362 1601 550 1667 conditione
569 1622 672 1689 quum
686 1621 761 1663 reus
774 1598 826 1663 uti
844 1621 914 1663 nou
929 1613 1055 1686 posset,
1072 1613 1182 1661 tamen
1202 1614 1327 1687 propter

250 1693 408 1769 ¹favorem
432 1700 608 1791 splendidae
625 1699 803 1782 aedilitatis,
826 1715 859 1764 et
877 1699 977 1789 patris
996 1700 1109 1765 Scauri
1125 1701 1326 1779 memoriam,

264 1804 490 1893 frequentibus
515 1803 676 1892 suffragiis
701 1818 750 1866 est
774 1802 953 1867 absolutus.
975 1803 1052 1866 llaec
1073 1801 1327 1899 judicia-quum
1404 1801 1405 1834 r

266 1904 370 1971 calido
387 1904 496 1969 adhuc
511 1904 589 1967 anui
604 1918 752 1992 tempore
764 1918 955 1992 agerentur,
970 1904 1017 1968 Μ.
1032 1904 1113 1968 Cato
1130 1903 1203 1969 sine
1221 1904 1328 1969 calceis

266 2023 299 2072 et
315 2007 425 2071 tunica
439 2004 601 2085 exercuit,
615 2005 786 2093 campestri
802 2004 865 2069 sub
881 2020 956 2095 toga
971 2021 1125 2093 praetexta
1142 2005 1281 2070 rinctus.

308 2110 398 2173 Vlll.
422 2106 461 2172 Id
484 2106 538 2170 alii
558 2122 712 2194 tanquam
731 2105 902 2171 sordidum
919 2123 952 2171 et
972 2107 1146 2199 iudignum
1169 2109 1332 2188 majestate

263 2211 316 2292 jus
334 2209 472 2273 dicentis
487 2207 702 2288 accusabant,
718 2207 787 2271 aliis
803 2208 979 2295 repetitum
995 2230 1036 2272 ex
1048 2224 1208 2273 vetustate
1226 2232 1332 2273 exem·

264 2313 355 2400 plum
372 2309 537 2398 placebat,
555 2306 645 2397 qnod
661 2306 778 2372 eodem
799 2308 914 2373 habitu
927 2310 962 2373 in
981 2309 1141 2398 Capitolio
1159 2326 1193 2375 et
1209 2311 1333 2375 Rostris

263 2411 485 2500 Antiquorum
501 2424 613 2476 stature
629 2409 827 2475 visebantur.
846 2410 910 2476 Sed
925 2412 1022 2494 Cato,
1039 2412 1157 2477 talibus
1175 2429 1209 2478 ct
1224 2436 1333 2503 repre·

264 2511 478 2578 hensionibus
492 2528 525 2576 et
539 2511 691 2577 laudibus
705 2513 869 2602 superior,
887 2529 1015 2578 tautum
1027 2513 1068 2577 de
1085 2515 1256 2604 republica
1267 2516 1334 2580 dies

265 2628 444 2700 noctesque
465 2611 637 2700 cogitabat.
654 2612 823 2695 Ambitus,
837 2629 871 2679 et
890 2613 1144 2681 nundinationes
1164 2617 1334 2707 magistra·

264 2731 360 2780 tuum
373 2712 415 2778 ad
428 2729 609 2778 extremum
622 2713 834 2804 impudentiae
846 2732 1082 2806 processerant,
1092 2741 1210 2807 quum,
1220 2721 1337 2810 positis

263 2818 298 2881 in
314 2814 424 2881 medio
442 2815 581 2899 mensis,
600 2815 706 2904 palam
726 2817 914 2908 largitiones
934 2815 1071 2900 fierent,
1087 2835 1121 2884 et
1134 2843 1153 2882 a
1166 2843 1336 2885 mercena·

263 2918 310 2982 ria
329 2916 495 3005 plebecula
514 2916 659 2980 bonores
679 2934 876 2982 emerentur.
897 2919 1019 3008 Igitur,
1039 2937 1173 2986 auctore
1189 2925 1336 3004 Catone,

263 3019 582 3083 senatusconsultum
608 3018 746 3100 lactum,
774 3031 810 3084 ut
827 3019 989 3110 designati
1011 3025 1237 3110 magistratus,
1263 3026 1337 3114 qui·

264 3122 320 3185 bus
334 3133 502 3184 accusator
520 3119 627 3184 nullus
644 3134 735 3200 essct,
756 3121 840 3185 ultro
854 3145 886 3186 se
906 3121 1064 3213 offerrent
1075 3124 1198 3214 jurato
1211 3127 1339 3216 judaee

263 3223 334 3302 bus,
354 3223 566 3312 turturumque
584 3222 693 3312 adepti
705 3221 834 3286 honoris
847 3224 1019 3290 redderent.
1070 3265 1073 3270 -

307 3323 364 3387 lli.
386 3323 524 3414 Magnus
540 3321 618 3388 inde
636 3322 735 3386 timor
754 3323 1028 3391 candidatorum:
1047 3326 1143 3392 dolor
1155 3327 1339 3394 incredibi-

261 3423 299 3487 lis
313 3425 451 3488 lorensis
466 3424 584 3506 turbae,
602 3446 691 3512 quae,
709 3424 793 3489 vitiis
809 3425 995 3514 reipublicae
1012 3427 1099 3514 pasci
1113 3427 1229 3510 solita,
1242 3429 1272 3494 si
1285 3451 1338 3492 res

260 3522 302 3588 ad
314 3523 421 3587 bonos
439 3545 546 3589 mores
562 3523 713 3608 redisset,
728 3525 791 3590 sibi
805 3527 968 3607 jejunium
981 3527 1081 3594 indici
1094 3530 1261 3596 cernebat
1276 3529 1337 3596 ld·

260 3625 347 3691 circo
365 3623 521 3719 postridie
536 3625 754 3714 prodeuntem
766 3627 808 3692 ad
819 3629 961 3695 tribunal
976 3632 1134 3694 Catonem
1146 3633 1339 3720 promiscua

296 3865 313 3931 s
326 3867 370 3916 Vl.
384 3865 435 3916 ffic-
448 3877 496 3929 pro
505 3861 590 3914 satir.
601 3861 633 3911 ad
645 3865 677 3928 Q.
688 3865 756 3916 fratr.
767 3876 793 3918 et
805 3865 837 3914 ad
849 3866 927 3916 true.
938 3866 1034 3915 -Vab
1047 3869 1116 3918 trra
1127 3868 1174 3928 tt,
1183 3883 1208 3916 a.
1221 3891 1259 3904 -
1268 3867 1332 3918 Dio.

260 3980 295 3990 -
308 3949 387 4014 §Vll
398 3949 452 3998 Cic.
463 3947 494 3995 ad
506 3949 537 4010 Q.
548 3947 615 3995 fratr.
627 3949 681 4008 111,
697 3967 720 4008 r,
732 3963 757 3999 st
767 3951 799 3999 ad
807 3951 885 3999 arce.
897 3953 942 4011 IV,
957 3953 997 4000 rb.
1006 3979 1041 3988 —
1050 3954 1144 4000 Ascon.
1159 3953 1187 4000 in
1201 3954 1285 4002 Suus.
1295 3975 1332 3986 -

261 4035 317 4082 Vri.
331 4036 399 4082 Max.
413 4033 467 4091 lll,
486 4031 516 4089 6,
529 4041 555 4080 et
565 4031 629 4091 vll,
645 4049 666 4079 r.
686 4033 750 4100 -s
767 4035 839 4084 vlu.
853 4037 949 4088 Aaron.
960 4063 996 4074 -
1008 4035 1134 4085 Plutarch.
1148 4064 1183 4074 -
1195 4039 1286 4086 tuus
1302 4035 1331 4088 12

261 4137 285 4168 r.
298 4118 355 4182 178.
369 4144 402 4156 —
413 4117 512 4166 Patron.
521 4115 601 4166 Carus.

1396 125 1398 276 l

1397 335 1398 430 r
