2875 4900
320 394 389 467 530
492 392 922 463 Jo.rus1ususn11
953 370 1223 464 socruum

318 515 441 605 Appius
462 529 596 603 praetor,
613 534 765 600 unusque
778 512 819 575 de
833 512 969 602 collegio
983 512 1207 596 tribunorum,
1223 516 1358 579 vetabant

312 616 509 696 judiciorum
524 614 594 678 lieri
606 614 816 694 mentionem,
834 614 1022 701 priusquam
1035 630 1208 701 quaestores
1227 638 1358 679 crearen-

315 735 388 798 tur,
405 716 492 805 apud
509 737 592 803 quos
607 714 809 777 sortitionem
823 712 970 792 judicum
987 714 1056 777 lieri
1072 715 1250 803 oportebat.

357 820 504 883 XLVIII.
522 816 595 880 Hoc
615 814 691 877 ideo
711 812 824 894 fiebat,
844 830 881 877 ut
901 815 987 877 inter
1009 814 1093 879 hanc
1115 838 1238 879 moram
1261 832 1357 905 petere

315 920 449 983 Clodius
469 915 650 980 aedilitatem
668 930 794 1002 posset,
813 932 846 979 et
868 917 1090 1005 magistratum
1110 915 1260 1006 adeptus,
1279 917 1355 1005 quod

313 1023 494 1087 factitatum
509 1018 550 1081 ab
565 1016 633 1079 aliis
649 1017 769 1098 fluerat,
788 1015 946 1095 judicium
964 1016 1130 1106 effugeret.
1151 1020 1252 1108 Igitur
1272 1020 1355 1097 Milo,

313 1124 436 1190 sublata
449 1118 570 1205 judicia
591 1140 742 1197 cernens,
765 1133 798 1180 et
811 1118 1002 1181 auctoritate
1021 1135 1151 1183 senatus
1168 1121 1356 1184 accusatione

313 1249 347 1291 se
369 1220 555 1313 prohiberi,
576 1220 671 1307 coepit
695 1218 818 1306 etipse
842 1217 1050 1307 gladiatores,
1077 1220 1237 1307 aliamque
1258 1242 1354 1285 smum

311 1323 518 1391 sentientium
537 1320 682 1399 turbam,
696 1318 939 1383 circumducere
958 1342 966 1383 τ
984 1319 1073 1383 unde
1088 1321 1281 1407 quotidianae
1295 1344 1355 1409 pro·

311 1424 487 1517 pcmodum
505 1422 760 1486 interfectiones
777 1442 908 1509 pugne,
929 1420 1096 1508 caedesque
1118 1438 1186 1485 tota
1202 1423 1288 1487 Urbe
1306 1422 1352 1485 fie-

309 1531 399 1594 bant.
418 1527 543 1589 Domus
568 1524 665 1587 etiam
686 1525 720 1588 L.
740 1522 854 1585 Caecilii
878 1524 1040 1609 praetoris,
1066 1538 1097 1585 et
1117 1540 1229 1610 postea
1250 1523 1352 1587 domus

309 1629 440 1695 Milonis
457 1641 554 1714 atquc
568 1625 732 1689 Ciceronis
748 1647 767 1687 a
784 1624 949 1687 Clodianis
965 1640 1043 1688 sunt
1060 1642 1262 1713 oppugnatae.
1279 1628 1351 1689 Inter

308 1734 366 1797 bas
386 1727 583 1793 inflammata
605 1725 645 1808 Q
659 1725 836 1788 Ciceronis.
857 1726 940 1788 Cum
959 1725 1082 1789 Milone
1102 1725 1275 1815 Pompeius
1290 1746 1350 1787 sen·

307 1833 422 1913 tiebat,
440 1829 587 1916 adeoque
610 1848 666 1913 spe
688 1826 876 1889 consulatus
894 1827 1046 1889 excitasse
1065 1826 1155 1891 illum
1175 1828 1348 1916 putabatur,

307 1949 345 1998 ut
358 1928 545 1997 reducendo
560 1928 716 1991 Cicerone
733 1925 774 1990 dc
789 1926 904 1989 Clodio
917 1948 951 1990 se
962 1926 1147 1991 vindicaret.

350 2034 465 2098 XLIX.
486 2029 597 2108 Idem,
613 2044 725 2092 coacto
739 2028 862 2117 ingenti
881 2028 1028 2116 agmine,
1046 2050 1149 2116 quum
1164 2030 1346 2119 rogationem

306 2160 398 2201 suam
414 2132 494 2198 Milo
511 2130 693 2219 perlaturus
710 2144 807 2211 esset,
824 2128 989 2193 Clodianis
1007 2130 1142 2218 urgetis,
1159 2132 1265 2195 lomim
1279 2130 1304 2193 ei
1317 2130 1346 2191 li-

305 2239 420 2302 berum
435 2230 601 2321 premium
617 2247 655 2295 ut
674 2230 818 2309 ejusdem
834 2230 976 2294 bominis
990 2232 1204 2295 intentissima
1223 2255 1294 2296 cura
1308 2230 1347 2291 Ci-

304 2359 379 2401 cero
397 2334 637 2412 restitueretur,
655 2330 747 2409 cttjus
765 2328 949 2417 proditione
965 2344 1094 2395 eversus
1113 2332 1346 2424 profligatisque

303 2439 418 2502 fuerat.
435 2436 504 2499 Jam
524 2434 629 2521 impar
645 2430 820 2496 consensui
842 2446 891 2495 tot
905 2431 1089 2519 potentium
1108 2432 1236 2522 Nepos,
1254 2434 1344 2519 impu·

303 2561 402 2630 gnare
417 2537 606 2601 Ciceronem
624 2533 778 2614 desieram
798 2549 848 2613 et,
867 2532 903 2596 P.
917 2534 1056 2597 Lentulo
1072 2535 1247 2616 referente,
1264 2535 1343 2597 Pom·

301 2642 442 2730 peioque
458 2636 649 2701 sententiam
668 2635 847 2721 descripto
865 2634 1010 2714 dicente,
1031 2652 1163 2699 senatus
1182 2637 1344 2700 decreverat

302 2741 443 2806 reditum
462 2762 469 2803 :
486 2760 526 2800 eo
540 2736 663 2800 facilius
679 2750 809 2823 accepta
824 2736 949 2823 rogatio
966 2751 1033 2816 est,
1052 2753 1090 2800 ut
1104 2737 1277 2825 quidquam
1293 2755 1342 2796 un·

301 2867 398 2933 quam
415 2854 505 2904 tanto
521 2859 683 2901 consensu
696 2837 809 2925 populi
824 2851 973 2925 rogatum
989 2853 1118 2926 negent.
1138 2839 1260 2902 Eodem
1275 2847 1341 2898 tent·

300 2966 379 3034 pore
397 2955 526 3006 senatus
544 2938 702 3018 decrevit,
715 2955 753 3000 ut
763 2939 953 3017 civitatibus,
970 2961 1044 3027 quse
1056 2942 1088 3002 in
1102 2940 1274 3004 Ciceronem
1285 2928 1342 3021 offi-

300 3048 393 3109 ciosoe
405 3042 563 3131 subserit,
586 3041 719 3126 dentque
733 3039 886 3126 privatas,
911 3041 967 3127 qua'
986 3063 1031 3102 ea·
1050 3041 1227 3129 municipiis
1249 3035 1340 3101 solutis

297 3149 364 3236 ejus
379 3166 478 3208 causa
491 3151 712 3217 convenerant,
729 3142 847 3225 gratice
860 3154 1028 3226 agerermtr
1034 3167 1047 3220 ,·
1059 3157 1156 3230 atque
1172 3143 1276 3205 domic
1288 3135 1341 3225 ejus
1385 3183 1386 3195 .

296 3263 327 3311 ct
339 3245 432 3309 vilice
435 3240 565 3332 publico
575 3254 700 3329 sumptu
708 3235 917 3324 reficerentur,
927 3240 1012 3320 solo,
1025 3243 1265 3329 quodLibertatt'
1272 3234 1341 3302 dedi·

298 3358 423 3410 caverat
438 3344 563 3407 Clodius
570 3390 579 3420 ‚
596 3341 748 3427 religione
755 3363 815 3427 prr
823 3345 1008 3404 sententiam
1013 3338 1205 3429 pontificum
1217 3341 1338 3404 liberato-
1383 3317 1384 3412 1

341 3450 376 3510 L.
391 3448 501 3509 Exstat
514 3441 620 3507 adhuc
635 3442 835 3506 disertissimi
851 3465 911 3505 vrri
927 3465 988 3530 pro
1003 3443 1102 3507 domo
1117 3465 1176 3508 sua
1187 3442 1295 3518 oratio,
1308 3455 1337 3497 οἱ
1381 3425 1383 3522 1

297 3571 377 3636 qua,
398 3563 430 3611 et
448 3546 516 3609 aliis
540 3542 601 3608 sub
624 3540 755 3605 eosdem
777 3565 880 3606 annos
902 3543 1036 3624 habitis,
1063 3546 1203 3609 multum
1225 3535 1337 3608 luminis
1379 3523 1382 3628 1

329 3737 347 3803 S
360 3739 462 3786 xtvu.
478 3735 531 3783 cie.
545 3747 593 3796 pro
606 3735 674 3780 Sext.
692 3747 745 3796 cop.
765 3733 811 3792 3³,
828 3734 874 3794 39;
893 3749 939 3798 pro
952 3734 1007 3782 Mil.
1022 3749 1076 3799 cap.
1092 3735 1134 3792 13;
1157 3734 1187 3782 de
1204 3735 1259 3780 IIar.
1275 3730 1335 3788 usp.

295 3839 349 3888 esp.
363 3829 412 3878 al,
423 3830 447 3867 ct
460 3827 517 3882 post
528 3815 611 3864 Redit.
625 3815 652 3862 in
665 3817 722 3862 Sen.
737 3831 791 3879 cap.
804 3817 827 3864 8.
848 3843 881 3852 -
900 3817 953 3864 Ltv.
968 3817 1034 3882 Epir.
1051 3845 1086 3854 -
1100 3817 1162 3874 nto,
1172 3815 1214 3863 lib.
1228 3807 1334 3860 xxxix·

293 3933 328 3943 -
341 3902 484 3968 sxtvnt.
495 3899 547 3946 Cic.
561 3913 608 3962 pro
619 3897 686 3945 Sext.
696 3914 750 3962 cap,
762 3906 808 3954 la,
822 3907 869 3956 att
883 3915 929 3962 pro
942 3899 1004 3948 Coel.
1018 3916 1072 3964 cap.
1087 3901 1133 3956 323
1143 3897 1174 3945 ad
1184 3895 1255 3946 Arrio.
1265 3891 1304 3942 Π,
1313 3888 1334 3933 l.

292 4001 318 4036 et
331 4003 377 4052 pro
389 3983 443 4033 Mil.
455 3997 509 4046 cap.
530 3989 569 4036 14.
583 4007 617 4018 -
632 3981 690 4029 Dio.
704 4008 740 4016 -
752 3981 858 4044 Appian.
872 3979 926 4030 etv.
938 3981 981 4028 lib.
1000 3985 1033 4029 II.
1049 4008 1084 4018 -
1102 3982 1166 4030 Plot.
1182 3981 1207 4028 in
1223 3981 1299 4038 I’omp.
1315 3981 1331 4014 τ’

292 4072 344 4121 Cic.
367 4095 403 4106 -
421 4067 437 4131 s
459 4067 550 4113 mx.
561 4065 626 4113 Vell.
638 4067 676 4122 II,
693 4065 734 4119 4⁵.
748 4091 782 4100 -
800 4063 852 4111 Cle.
867 4079 913 4129 pro
929 4067 995 4113 Sext.
1006 4081 1059 4129 cap.
1073 4066 1119 4122 61,
1134 4067 1184 4122 sm
1202 4077 1246 4128 pro
1259 4059 1322 4106 domo

290 4169 344 4218 cip.
358 4153 403 4210 32,
421 4159 447 4198 et
459 4147 608 4213 postlledit.
620 4151 647 4196 iu
658 4150 716 4197 seu.
729 4162 783 4211 cap.
798 4161 829 4195 ro
839 4157 863 4195 et
877 4163 916 4194 ιι.
931 4173 966 4184 -
983 4147 1046 4196 Plut.
1056 4147 1143 4197 incre.
