2875 4900
286 390 339 457 IN
367 391 478 459 LOC.
505 390 599 459 LIB.
626 392 715 463 CIV
744 394 960 465 LIVIANI.
1086 396 1156 493 549

98 510 347 598 confirmataque
370 534 468 600 snpra
499 510 635 575 modum
666 515 828 601 potentia,
857 538 962 602 quum
989 516 1184 593 rebellasse,

99 611 226 697 qnidam
244 612 358 699 populi
383 612 638 694 nuntiarentur,
658 613 700 678 ad
724 615 968 702 componendos
989 632 1099 684 motus
1125 620 1159 681 in

100 713 230 777 Galliam
249 712 355 779 rediit.
379 714 551 778 Maritima»
570 715 735 798 civitates,
755 718 869 783 missos
889 740 907 783 a
930 719 966 783 P.
986 720 1100 783 Crasso
1118 718 1159 783 ad

99 815 295 879 frumentum
307 814 553 903 accipiendum,
568 816 694 904 equites
707 840 859 882 romanos
869 819 1089 901 retinuerant,
1103 842 1160 907 per

100 938 177 1002 quos
192 917 366 1004 sperabant
381 940 458 983 suos
472 940 508 981 se
521 918 650 983 obsides
666 942 858 1007 recuperare
873 942 978 1008 posse.
995 922 1160 1009 Principes
1228 968 1230 973 ,

100 1019 245 1103 potentiae
261 1018 469 1107 audaciaque
481 1019 597 1083 Veneti
614 1036 722 1097 erant,
738 1019 780 1085 ad
798 1021 964 1085 Oceanum
978 1021 1088 1085 colens
1101 1044 1161 1110 po·

100 1118 201 1203 pulos.

141 1219 239 1284 XCV.
254 1220 400 1286 Curubis
412 1222 562 1303 Osismii,
578 1223 797 1305 Curiosolitre,
813 1223 947 1289 Lexobii
958 1270 967 1304 ,
979 1222 1160 1305 Nannetes,

101 1333 131 1381 et
142 1320 208 1385 atiae
225 1321 374 1385 nafiones
384 1345 474 1386 arma
486 1324 661 1402 junxerant
675 1347 684 1387 ε
698 1347 717 1387 a
732 1324 889 1412 Menapiis
904 1324 1000 1389 etiam
1016 1324 1057 1389 ad
1071 1326 1161 1389 Rhe-

101 1442 175 1483 num
186 1421 387 1505 colentibu‘s,
404 1439 438 1489 et
452 1447 492 1489 ex
503 1424 653 1512 opposita
668 1425 800 1491 Venetis
814 1426 980 1491 Britannia
991 1426 1160 1492 auxiliares

101 1544 210 1587 manus
227 1524 434 1611 parabantur.
453 1526 560 1589 Cesar
577 1548 681 1614 quum
695 1526 797 1589 multa
808 1525 953 1591 bostium
968 1526 1085 1614 oppida
1097 1550 1161 1589 ma·

100 1646 161 1711 gno
180 1625 311 1705 labore,
330 1626 460 1691 modico
475 1650 582 1715 operae
601 1628 705 1715 pretio
722 1627 877 1716 cepisset,
896 1626 1161 1692 commutandam

101 1725 157 1789 sibi
175 1726 308 1815 gerendi
327 1728 404 1793 belli
425 1730 601 1810 rationem,
623 1745 657 1793 et
673 1730 773 1795 classe
791 1727 1051 1817 confligendum,
1071 1727 1160 1808 judi·

100 1827 186 1891 carit.
206 1828 338 1893 Etenim
354 1828 389 1893 in
406 1830 639 1916 promontoriis
655 1829 839 1919 linguisque
856 1830 916 1895 sita
934 1831 1088 1917 pleraque
1103 1852 1162 1917 op-

101 1925 169 2011 pida
183 1943 293 2010 etant,
310 1947 508 2018 perangusto
524 1930 634 2011 aditu,
653 1946 687 1995 et
702 1926 875 1995 accedente
893 1946 991 2009 aestu,
1009 1930 1099 2018 quod
1111 1931 1160 1995 bis

100 2028 209 2093 acctdn
219 2031 378 2096 horarum
390 2029 565 2097 duodecim
577 2034 692 2120 spatio,
704 2030 941 2120 impenetrabili
952 2053 959 2092 τ
971 2052 1012 2093 ne
1025 2030 1161 2093 naribus

101 2128 226 2213 quidem
237 2129 320 2196 adiri
330 2147 582 2219 tutopoterant,
596 2155 675 2221 quas
687 2134 833 2197 relabens
848 2147 944 2196 aestus
956 2131 1041 2195 inter
1051 2152 1162 2217 aspera

102 2244 132 2290 et
146 2230 262 2295 vadosa
279 2232 349 2297 locs
364 2231 570 2299 destituebat.

141 2331 252 2397 xcv1.
272 2333 377 2422 Igitur
392 2334 521 2421 quoties
532 2356 664 2398 summo
674 2334 815 2399 militum
830 2348 950 2399 conatu
964 2354 1061 2421 opera
1073 2347 1159 2413 acta,

102 2446 131 2494 ct
146 2456 231 2498 mare
245 2434 420 2523 aggeribus
431 2435 598 2501 exclusum
615 2451 700 2520 erat3
716 2437 857 2518 obsessi,
871 2434 1040 2524 desperato
1056 2435 1160 2500 teneri

102 2533 202 2598 locum
224 2558 339 2624 posse,
361 2559 429 2600 rem
451 2536 674 2626 significabant
694 2540 772 2604 suis.
793 2539 866 2619 Illi,
886 2559 1006 2627 magno
1026 2553 1160 2625 repente

103 2657 232 2702 numero
250 2639 384 2704 navium
401 2637 568 2719 adhibito,
588 2638 678 2726 quod
695 2640 801 2705 facere
819 2639 889 2704 sine
906 2639 1052 2726 periculo
1067 2655 1160 2726 pote·

102 2753 183 2821 rant,
206 2741 286 2828 quia
309 2762 404 2804 nares
425 2739 468 2804 ad
489 2741 637 2804 locorum
655 2739 844 2826 patientiam
867 2753 959 2803 erant
977 2736 1159 2816 aedilicatae,

102 2837 243 2906 homines
266 2862 382 2906 omnes
402 2863 479 2904 cum
496 2841 597 2928 copiis
613 2857 710 2927 atque
728 2841 825 2904 armis
846 2839 879 2902 in
896 2837 984 2902 aliud
1001 2835 1158 2924 oppidum

102 2935 310 3026 deportabant
322 2965 330 3004 :
342 2965 410 3028 quo
426 2942 453 3006 si
467 2940 641 3006 admovere
654 2944 759 3006 Caesar
776 2939 952 3005 exercitum
971 2938 1081 3017 vellet,
1098 2959 1159 3000 eae-

100 3038 229 3107 demde
251 3043 383 3131 integro
406 3040 612 3106 difficultates
635 3064 750 3108 omnes
768 3039 957 3129 superandae
979 3053 1080 3102 erant.
1102 3037 1159 3100 His

101 3143 213 3228 gestis,
231 3165 338 3232 quum
355 3145 459 3222 major
473 3165 547 3230 pars
564 3145 681 3208 aestatis
700 3143 909 3232 praeterisset,
933 3139 1063 3204 tandem
1084 3159 1161 3202 cum

102 3239 209 3325 classe,
227 3266 328 3330 quarn
341 3245 449 3308 Caesar
461 3244 495 3306 in
513 3245 619 3334 Ligeri
635 3244 733 3310 llurio
744 3241 965 3308 edificandam
979 3253 1161 3320 curaverat,

102 3339 139 3405 l).
153 3345 273 3410 Brutus
291 3344 477 3410 adolescens
494 3345 635 3411 advenit.

142 3445 270 3511 xcvlt.
297 3447 476 3511 Exiverunt
501 3463 615 3512 contra
641 3447 768 3510 circiter
791 3444 939 3510 ducentas
963 3443 1075 3532 viginti
1102 3442 1164 3506 bo·

102 3544 194 3610 stium
211 3570 327 3628 naves,
343 3548 522 3637 praelioque
537 3549 728 3629 commisso,
747 3546 844 3610 rebus
860 3545 1013 3610 omnibus
1030 3543 1163 3607 inferio·

104 3666 149 3708 res
162 3649 321 3729 Romani,
343 3667 558 3736 praeterquam
577 3649 667 3737 quod
689 3650 791 3712 virtus
812 3648 953 3712 militum
972 3662 1005 3710 et
1019 3645 1163 3710 celeritas

105 3749 228 3813 navium
247 3748 373 3830 aderat,
394 3751 490 3814 falces
506 3767 680 3838 praeacutas
703 3749 861 3838 longuriis
878 3747 986 3812 affixas
1005 3745 1163 3810 adhibue-

104 3863 192 3930 runt,
209 3866 241 3913 et
256 3850 373 3932 filnes,
392 3851 511 3938 quibus
532 3867 680 3916 antennae
695 3849 737 3915 ad
755 3850 855 3914 malos
873 3849 1037 3913 destinatae
1055 3863 1162 3925 erant,

135 4055 252 4118 §XCN
265 4061 317 4109 Cic.
328 4061 360 4108 ad
372 4063 403 4123 Q.
417 4062 484 4110 fratr.
495 4063 533 4118 11,
545 4063 569 4111 8.
578 4063 681 4112 -Caes
692 4061 737 4109 lib.
749 4061 796 4107 111.
806 4085 841 4096 -
849 4059 906 4106 nio,
917 4085 951 4094 -
963 4057 1085 4112 Oros.Vl‚
1098 4058 1120 4103 8.
1131 4084 1164 4091 -

108 4137 168 4188 taor.
181 4143 233 4200 111,
247 4159 288 4192 ro.
