2875 4900
224 374 279 443 IN
310 372 422 443 LOC.
451 376 543 443 LlB.
572 376 783 445 LXXXIII
814 378 1030 449 LIVIANI.
1097 380 1161 451 125

98 498 217 577 licere,
234 512 266 561 et
283 495 350 585 pati
366 494 521 561 dicerent.
540 495 681 561 Classem
698 496 795 559 enam
815 495 1038 580 instruebant,
1053 502 1163 565 accitis

98 600 228 685 insuper
244 620 262 659 e
280 597 386 661 Sicilia
403 596 555 678 navibus,
574 618 732 683 oramque
749 618 883 659 omnem
899 598 1092 663 maritimam
1105 624 1163 665 cu·

97 698 293 761 stodiebant:
305 713 394 761 metu
407 713 439 761 et
449 696 642 785 cupiditate,
654 697 787 761 duobus
797 697 1000 764 validissimis
1010 701 1164 783 stimulis,

97 798 224 863 nihilad
238 797 470 863 exactissimam
488 798 686 889 diligentiam
704 799 822 887 reliqui
839 800 944 863 facere
959 801 1162 890 cogentibus.

136 900 231 964 XIII.
242 899 358 988 Igitur,
374 900 583 987 quantumvis
596 900 629 963 in
642 900 777 965 arbitrio
790 916 920 964 senatus
929 923 964 965 se
973 902 1043 967 lore
1058 904 1162 968 Cinna

96 1002 302 1087 promiserat,
315 1000 350 1065 id
367 1000 466 1065 modo
480 1016 665 1089 exspectans
680 1002 850 1089 temporis,
864 1002 944 1066 dum
960 1003 1056 1093 legati
1070 1004 1164 1092 proli·

95 1102 303 1183 ciscerentur,
318 1100 360 1165 ad
373 1102 541 1195 ingenium
559 1101 671 1184 rediit;
687 1120 721 1167 et
730 1103 807 1192 quia
822 1127 891 1167 non
907 1104 1006 1169 unius
1022 1106 1100 1169 anni
1115 1106 1162 1169 la·

96 1202 204 1267 berem
218 1204 426 1292 sesuscipere
435 1203 649 1293 intelligebat,
663 1226 763 1291 seque
776 1220 809 1269 et
819 1205 1000 1269 Carbonem
1011 1205 1162 1269 consoles

96 1302 125 1365 in
136 1302 309 1367 biennium
324 1306 457 1385 creavit,
469 1327 511 1370 ne
522 1305 732 1370 comitiorum
746 1326 841 1369 eausa
857 1305 975 1368 reverti
989 1304 1022 1368 in
1038 1306 1161 1370 Urbem

24 1414 25 1417 ’
96 1426 263 1469 necessum
281 1405 447 1469 haberent.
461 1405 630 1493 Quidquid
645 1405 765 1471 deinde
777 1428 893 1495 cogere
904 1406 1045 1471 militum
1057 1407 1163 1471 uude·

95 1504 345 1593 libetpoterant,
355 1506 389 1569 in
399 1506 561 1570 liburnos
570 1506 824 1594 praemittebant,
835 1505 925 1593 quod
935 1505 1013 1570 inde
1022 1508 1162 1571 manime

95 1606 277 1671 advenienti
286 1608 382 1673 Sullae
392 1609 628 1673 constituerant
635 1630 816 1673 occurrere.
828 1608 870 1671 Et
876 1608 1018 1694 primum
1026 1608 1161 1696 quidem

94 1708 333 1791 premissorum
348 1730 464 1797 agmen
477 1730 633 1798 prospero
649 1719 750 1773 cursu
759 1708 927 1787 trajectum
937 1726 1004 1774 est:
1022 1732 1161 1798 sequens

95 1822 283 1895 tempestate
298 1808 338 1873 ad
349 1810 443 1873 litora
453 1809 624 1890 rejectum
634 1810 832 1896 militesque,
840 1810 1050 1898 exscensione
1062 1811 1159 1892 facta,

22 1960 23 1965 ,
95 1906 214 1971 bellum
231 1910 324 1973 civile
340 1910 502 1994 detestati,
512 1934 586 1976 suas
601 1911 740 1999 quisque
753 1908 871 1974 domm
885 1911 1116 1999 repetiverunt.
1206 1952 1210 1959 -

135 2010 226 2073 XIV.
250 2010 356 2091 Hujus
372 2012 419 2075 rei
436 2014 520 2076 l'ama
535 2036 638 2100 quum
657 2012 721 2075 late
738 2034 845 2099 sparsa
864 2026 965 2091 esset,
978 2009 1045 2088 jam
1061 2032 1160 2075 nemo

22 2102 23 2131 ³
94 2112 241 2200 erat‚qui
248 2112 467 2177 conscendere
475 2135 589 2177 navem
597 2115 703 2177 vellet.
715 2112 844 2177 Idcirco
859 2111 1053 2192 Cinna,jam
1067 2134 1162 2199 quar·

93 2227 163 2276 tum
179 2214 312 2293 consul,
328 2216 513 2295 Anconam,
523 2213 579 2277 ubi
594 2236 718 2301 magnae
730 2228 932 2303 congregatae
940 2213 1040 2300 copiae
1051 2230 1161 2294 erant,

92 2314 247 2397 scaturit,
268 2331 305 2378 ut
322 2314 437 2379 minaci
457 2315 603 2378 oratione
627 2314 774 2396 territos,
789 2315 841 2379 vel
863 2314 980 2377 invitos
1002 2314 1035 2375 in
1061 2336 1160 2378 naves

93 2416 286 2504 imponeret.
299 2414 471 2482 Nesciebat
482 2416 535 2480 ille
545 2410 559 2491 ,⁴
567 2438 625 2481 sua
636 2416 755 2506 suique
763 2416 919 2480 similium
929 2437 1027 2503 opera
1037 2431 1160 2480 tantam

91 2539 160 2580 esse
173 2518 290 2580 factam
302 2537 432 2580 morum
442 2514 703 2604 depravationem
716 2564 725 2599 ,
738 2534 776 2581 ut
785 2516 891 2582 occidi
902 2541 920 2580 a
931 2516 1085 2582 militibus
1097 2519 1160 2582 im·

20 2633 21 2636 ’
92 2633 294 2702 pemtorem,
307 2616 382 2704 quia
399 2639 521 2680 novum
538 2640 603 2680 uon
622 2633 705 2698 erat,
719 2641 761 2682 ne
776 2639 932 2706 magnum
946 2617 1080 2704 quidem
1097 2621 1159 2683 cri·

92 2740 166 2782 men
176 2718 362 2782 baberetur.
372 2719 473 2782 Erant
485 2734 600 2808 praeter
612 2719 688 2782 alias
701 2742 812 2786 causas
826 2719 1006 2784 exacerbati
1021 2721 1161 2784 militum

94 2820 212 2900 animi,
229 2817 320 2906 quod
335 2819 509 2907 Pompeius
530 2820 735 2903 adolescens,
751 2844 856 2910 quum
875 2821 909 2884 in
926 2838 1030 2886 castra
1046 2821 1159 2884 Cinnae

92 2919 205 2984 luisset
221 2921 417 3009 profectus,
441 2921 651 3003 calumniam,
673 2939 706 2986 et
732 2947 770 2988 ex
795 2922 955 3001 calumnia
978 2921 1159 3007 periculum

93 3021 238 3112 lugiens,
249 3022 417 3112 ignoratus
432 3043 467 3086 se
482 3021 695 3106 subduxeram
704 3023 885 3108 militesque
899 3021 981 3084 clam
996 3019 1159 3084 sublatum

91 3123 351 3212 suspicabantur.

134 3227 209 3292 XV.
234 3225 286 3290 Sic
302 3225 495 3290 exacerbatis
510 3225 713 3290 multitudini
732 3245 837 3311 quum
850 3244 885 3286 se
901 3222 1005 3286 Cinna
1021 3221 1159 3302 objecis-

92 3343 157 3408 set,
171 3328 257 3390 Iorte
268 3325 401 3411 accidit,
418 3341 456 3390 ut
469 3328 574 3408 lictor,
592 3325 672 3390 dum
693 3326 726 3389 in
747 3324 938 3388 concionem
959 3340 1060 3390 eunte
1077 3348 1159 3390 con·

93 3429 161 3492 sule
170 3427 302 3492 turbam
311 3427 500 3503 submovet,
511 3425 645 3490 militem
658 3426 870 3513 contemptim
880 3425 1082 3490 resistentem
1089 3430 1161 3516 pul-

94 3545 193 3612 saret,
214 3529 420 3616 vicissimque
444 3527 485 3592 ab
504 3527 567 3592 alio
588 3527 690 3592 milite
710 3541 944 3614 percuteretur.
969 3526 1035 3607 Ibi,
1054 3550 1158 3615 quum

95 3653 246 3696 accensus
258 3630 304 3694 ira
315 3629 430 3694 consul
438 3649 662 3716 percussorem
672 3628 792 3716 corripi
798 3626 943 3708 juberet,
955 3627 1019 3690 hoc
1030 3628 1160 3694 initium

97 3733 254 3796 tumultus
263 3731 345 3810 luit;
361 3729 554 3818 sublatoque
570 3729 710 3794 clamore
724 3728 893 3809 omnium,
908 3728 1030 3815 lapides
1044 3731 1160 3810 conjici

134 3927 219 4018 s'xrr.
232 3955 286 4002 uv.
300 3953 411 4016 upta-
420 3950 527 4016 appas.
542 3977 575 3988 -
588 3950 604 4016 s
618 3951 690 4001 xm.
702 3953 756 4000 uv.
770 3953 837 4018 Epir.
852 3977 889 3989 -
900 3949 918 4016 5
930 3946 1001 4000 nn:
1011 3951 1042 3998 u.
1052 3952 1081 4000 c.
1092 3954 1161 4011 ses;

99 4039 127 4085 A.
139 4039 167 4088 C.
178 4041 219 4093 84.
231 4063 268 4076 -
284 4039 357 4084 Auct.
368 4035 399 4082 de
408 4035 461 4080 Vir.
476 4035 511 4084 Ill.
525 4049 579 4098 cap.
594 4033 638 4098 69.
648 4063 682 4074 -
692 4035 800 4099 Appian.
811 4063 846 4074 -
853 4035 907 4082 Lir-
917 4035 982 4097 Epis.
993 4059 1028 4070 -
1037 4035 1160 4085 Plutarch.

99 4123 122 4166 in
134 4125 217 4186 Pomp.
227 4137 281 4185 rap.
293 4119 316 4166 8.
328 4145 363 4154 -
375 4119 463 4164 Ζοηιν.
