2875 4900
291 374 345 443 ΙΝ
378 373 490 441 LOC.
519 372 611 439 LIB.
639 371 726 439 CVI
758 371 972 441 LIVIANI.
1099 370 1163 469 691

101 498 290 565 ciscentibus
308 518 367 585 per
379 510 534 583 pontem,
551 493 665 559 crebra
680 510 713 557 et
727 494 849 559 atrocia
866 495 1013 585 fulgura,
1027 519 1104 561 curn
1120 499 1171 563 in-

101 600 184 689 genti
202 599 329 687 fragore
351 596 439 686 caeli,
464 596 551 659 inter
571 594 707 659 densam
731 594 921 663 nimborum
941 598 1112 687 caliginem
1134 604 1169 665 in

100 702 226 767 adversa
240 699 381 763 militum
396 720 454 761 ora
469 698 672 778 micuerunt,
689 712 727 759 ut
741 697 828 761 inter
840 719 874 761 se
888 697 1057 765 trudentes
1069 724 1169 765 ruen-

100 800 279 889 tesquevix
294 800 329 863 in
350 798 502 863 hostilem
522 814 640 863 terram
658 799 862 863 eniterentur
880 821 889 862 ι
907 815 941 863 et
956 822 1043 865 unus
1063 825 1168 891 equo·
1209 821 1214 836 “

100 926 169 966 rum
190 902 394 991 imperatoris
416 900 587 991 insigniter
608 916 745 965 ornatus
767 921 845 965 cum
866 902 1025 988 equisone
1040 906 1169 994 gurgite

99 1004 229 1069 luustus
241 1003 401 1093 disparuit
418 1026 426 1067 :
446 1002 556 1084 locus,
574 1003 631 1067 ubi
646 1018 750 1067 cestra
765 1002 918 1067 metaturi
932 1020 1042 1085 erant,
1057 1006 1109 1071 bis
1126 1007 1169 1072 de

99 1107 171 1169 melo
186 1122 292 1171 tactus
308 1122 368 1171 est.

138 1207 261 1271 XXXI.
287 1208 329 1270 Et
351 1206 543 1295 priusquam
566 1226 681 1269 omnes
704 1204 896 1286 transirent,
917 1208 1027 1294 pontis
1044 1224 1169 1295 partem

99 1330 243 1397 magnam
266 1330 384 1395 repens
410 1307 553 1395 procella
575 1307 741 1396 perfregit.
769 1307 861 1371 Nihil
884 1324 1078 1374 ceterorum
1102 1326 1168 1375 tam

99 1409 210 1474 terruit
228 1410 367 1489 milites;
383 1407 526 1473 reditum
542 1409 629 1473 enim
646 1408 709 1473 sibi
721 1409 923 1497 apertissime
938 1412 1171 1498 preecisunrin-

99 1512 366 1599 terpretabantur.
381 1511 486 1601 igitur
499 1511 652 1591 Crassus,
667 1526 705 1574 ut
719 1510 943 1575 consolaretur
954 1512 1169 1599 trepidantes,

99 1610 246 1677 advocata
262 1612 440 1693 concione,
459 1611 646 1694 «Desinite,
664 1612 793 1699 inquit,
807 1613 950 1694 turbari,
966 1615 1096 1682 milites.
1114 1618 1172 1682 Ni·

99 1712 163 1777 ·hil
176 1714 231 1778 hic
245 1736 339 1779 casus
351 1714 441 1777 triste
456 1712 625 1803 praesagit5
642 1735 703 1777 nec
715 1713 804 1777 enim
820 1713 899 1795 hac,
915 1715 974 1779 sed
987 1738 1047 1803 per
1055 1721 1171 1783 Arme·

98 1815 218 1897 «niam,
234 1817 362 1897 juratus
380 1813 473 1893 dico,
492 1814 648 1881 reducere
666 1816 777 1904 copias
792 1814 998 1881 decreveram
1009 1848 1032 1883 ν.
1054 1820 1168 1901 Quum

98 1914 155 1979 sub
166 1916 236 1983 haec
247 1916 347 1983 erecti
358 1916 523 2005 paulisper
534 1916 636 1981 animi
648 1915 921 1997 essent,validius
933 1918 1057 2001 statim,
1070 1942 1169 2007 quam
1235 2000 1240 2006 .
1266 1949 1272 1957 ·

98 2040 238 2106 unquam
251 2035 347 2085 antea
357 2067 368 2101 ,
379 2020 520 2108 perculsi
531 2034 610 2083 sunt
620 2040 717 2099 voce,
732 2040 830 2105 quam
842 2017 960 2098 adjecit
970 2019 1168 2107 imperator:

99 2121 199 2204 «Hac,
219 2122 281 2204 ait,
299 2136 450 2185 nostrum
466 2142 564 2184 nemo
579 2134 792 2185 revertetur».
807 2120 925 2207 Neque
939 2122 1062 2185 curant
1074 2123 1168 2187 Cras·

98 2240 167 2303 sus,
186 2246 221 2287 re
238 2221 483 2304 animadversa,
498 2221 661 2311 corrigere
675 2220 819 2302 dictum,
832 2236 890 2285 aut
901 2220 1169 2309 interpretatione

99 2320 211 2409 lenire;
231 2324 324 2391 unde
349 2346 409 2389 nec
427 2339 540 2389 otetera
560 2323 629 2403 ejus
652 2321 754 2387 verbe
770 2310 902 2409 pondus
922 2322 1028 2387 ullum
1043 2324 1168 2390 habue-

99 2442 187 2510 runt,
211 2449 320 2516 quum
344 2425 483 2491 elevaret
506 2423 724 2490 Barberorum
746 2424 946 2512 potentiam,
972 2426 1170 2517 premiaque

98 2527 152 2592 alia
165 2530 393 2619 promitteret,
406 2528 466 2592 alia
482 2541 738 2616 representaret.

137 2631 279 2698 XXXII.
296 2631 382 2694 Turn
401 2651 555 2717 quoque,
579 2651 621 2692 ne
643 2626 825 2716 quidquem
841 2645 1030 2693 occurreret
1044 2645 1170 2698 terrore

98 2753 248 2816 vaenum,
270 2734 330 2820 qui
351 2731 506 2796 exercitui
530 2730 650 2796 cibaria
663 2723 880 2812 dividebant,
898 2731 1002 2795 lentes
1020 2748 1054 2795 et
1068 2732 1168 2797 sulem

98 2833 195 2916 prima
211 2833 444 2922 praebuerunt,
459 2853 531 2919 quae
542 2831 652 2896 feralia
666 2847 746 2896 sunt
757 2831 847 2920 apud
861 2833 1047 2914 Romanos,
1060 2850 1094 2897 et
1103 2835 1169 2899 vita

97 2931 213 3000 functis
230 2949 457 3024 apponuntur.
474 2934 601 2998 Interes
617 2932 774 2998 sacrificio
791 2949 962 3022 apparato,
976 2957 1080 3023 quum
1094 2953 1167 3001 exta

97 3038 356 3127 porrigerentur,
373 3035 477 3123 elapsa
497 3037 576 3099 sunt
589 3034 793 3123 imperatoris
809 3031 960 3100 manibus
975 3051 1095 3123 :atque
1114 3037 1169 3102 ille

97 3138 297 3204 consternari
313 3158 468 3217 cernens,
482 3136 540 3225 qui
556 3135 709 3218 aderant,
722 3135 830 3200 «Sunt
842 3136 926 3218 hoec,
940 3137 1065 3224 inquit,
1078 3160 1170 3204 sene·

98 3241 208 3304 «nutis
225 3236 453 3318 incommoda3
470 3254 624 3302 oaeterum
638 3259 726 3302 arma
739 3235 829 3301 haud
842 3259 1006 3325 quaquam
1018 3239 1169 3304 excident

96 3342 299 3406 «manibus».
317 3340 495 3427 Postquam
512 3339 555 3404 ita
572 3355 743 3428 superatus
766 3353 816 3404 est
836 3338 1038 3426 Euphrates,
1055 3344 1167 3431 proxi·

97 3460 165 3524 ma,
188 3466 254 3531 qun
273 3443 393 3522 iretur,
412 3439 603 3506 deliberatio
627 3439 700 3504 fuit.
721 3440 832 3506 Cassio
855 3456 889 3505 et
911 3440 1168 3529 prudentissimo

97 3544 212 3632 cuique
224 3543 413 3624 videbatur,
432 3564 497 3606 non
512 3565 593 3621 esse,
610 3544 673 3606 nisi
686 3540 871 3630 explorato,
884 3538 1168 3631 pmficrkeendum

96 3642 215 3708 intorem
232 3646 266 3710 in
283 3643 395 3732 aliqua
412 3643 553 3722 arbelam,
571 3666 652 3732 quas
662 3644 821 3730 prestitis
831 3657 948 3709 teneret
952 3692 962 3725 ‚
979 3640 1070 3730 refici
1078 3670 1168 3710 exerr-

96 3747 190 3810 citum
198 3770 313 3836 posse;
331 3759 392 3810 arat
402 3759 483 3810 certe
487 3745 594 3833 jueta
611 3746 713 3832 rq'nnm
727 3745 898 3832 Euphratis
903 3746 1101 3834 pergendum
1111 3749 1167 3812 Se·
1278 3827 1282 3834 Ι

95 3844 240 3913 leuem
260 3849 293 3912 A
302 3846 443 3934 flamm
461 3861 494 3912 et
507 3861 737 3912 comnoeatuum
752 3850 900 3934 coptum„
909 3863 939 3912 er
953 3871 994 3912 ne
1009 3850 1170 3914 curunuri

96 3949 135 4012 ab
149 3951 288 4015 hostibus
304 3963 450 4038 possent,
470 3951 696 4014 munimentum
714 3958 803 4034 tergo
818 3945 909 4035 fore.
935 3949 1110 4016 Seleuciam
1126 3951 1168 4014 ob

129 4147 243 4212 §HL
256 4149 321 4200 Plut.
331 4175 366 4186 —
375 4147 428 4198 Jul.
440 4147 531 4210 Obseq.
546 4172 580 4185 -
590 4146 648 4196 nio.
662 4173 696 4184 -
709 4143 727 4210 5
739 4146 838 4194 xm.
847 4145 906 4194 Dio.
919 4171 955 4182 -
967 4145 1032 4196 rtut.
