2875 4900
276 376 330 445 ΙΝ
359 377 470 445 LOG.
496 376 591 443 LIB.
618 375 705 443 clv
736 374 958 475 LIVIANL
1076 377 1144 449 523

83 500 140 587 pit.
158 498 242 579 Quae
258 494 377 561 deinde
389 512 477 586 gesta
492 512 584 575 sunt,
602 493 757 582 quoniam
771 494 949 559 multorum
966 496 1145 563 Germaniae

82 600 280 688 populorum
299 600 499 661 mentionem
518 597 705 677 continent,
725 596 895 661 obscuram
913 599 1146 688 molestamque

82 702 227 763 futuram
254 697 455 789 legentibus,
473 697 535 761 nisi
559 696 731 763 commoda
751 698 960 785 explicatione
983 700 1146 767 illustren-

82 818 158 883 tur;
182 800 273 864 locus
294 800 349 863 hic
369 798 548 880 desiderat,
570 815 608 863 ut
626 798 742 863 veteris
765 798 943 865 Germania
959 802 1056 867 situm
1073 824 1145 866 mo·

83 924 200 991 resque
215 923 425 991 exponamus.

127 1005 185 1069 IV.
199 1004 304 1093 Igitur
317 1002 524 1068 Germaniam
539 1002 581 1067 ad
594 1000 806 1066 Occidentem
819 1024 838 1065 a
849 1003 946 1067 Gallis
960 1004 1144 1093 libratisque

83 1105 235 1187 Rhenus,
251 1104 293 1169 ad
312 1104 480 1168 Orientem
498 1127 518 1167 a
530 1103 707 1167 Pannoniis
718 1102 905 1184 Danubius,
925 1106 1093 1169 certissimi
1104 1106 1145 1169 li·

83 1206 179 1269 mites
191 1204 402 1292 separabant,
413 1204 675 1291 septemtrionale
687 1204 770 1267 latus
781 1219 914 1269 vocatus
925 1204 1002 1269 inde
1011 1206 1145 1271 Germa·

83 1307 179 1370 nicus
198 1305 348 1371 Oceanus
363 1305 484 1385 ambit,
501 1326 520 1367 a
540 1303 677 1368 Meridie
692 1320 820 1368 montes
835 1306 992 1371 claudunt
1008 1308 1146 1396 Alpibus
1211 1363 1216 1369 .

84 1408 128 1469 ita
143 1406 338 1494 propinqui,
355 1420 394 1469 ut
413 1428 486 1492 pars
507 1426 619 1470 earum
639 1404 810 1469 videantur
824 1407 1099 1496 appellenturque.
1118 1414 1148 1473 A

83 1508 239 1572 Sarmatis
254 1530 366 1571 versus
377 1507 478 1571 solem
493 1506 653 1571 orientem
669 1506 849 1588 montium,
866 1508 921 1594 qui
935 1511 1063 1597 proprie
1078 1512 1148 1576 Sar·

84 1608 194 1673 roatici
203 1608 419 1689 vocabantur,
430 1608 618 1696 asperitate,
630 1621 664 1670 et
678 1629 775 1671 amne
782 1608 907 1671 Vistula
918 1608 1145 1676 dirimebatur:

84 1707 205 1773 eodem
224 1709 407 1797 pertinebat
426 1724 459 1771 et
480 1708 643 1796 Hercynia
657 1708 749 1789 silva,
769 1730 841 1795 quoe
857 1723 927 1772 tum
946 1732 1061 1774 norem
1078 1712 1148 1776 die·

85 1831 163 1871 rurn
179 1809 242 1871 iter
257 1808 398 1871 babebat
414 1809 449 1871 in
464 1807 654 1888 latitudine,
671 1824 705 1873 et
719 1808 760 1871 ab
777 1808 1015 1891 Helvetiorum,
1033 1827 1066 1875 et
1081 1812 1148 1876 Ne-

86 1905 231 1990 metum,
252 1926 286 1973 et
303 1912 524 1973 Rauracorum
543 1909 682 1991 linibus,
697 1910 878 1975 secundum
898 1908 1019 1975 llumen
1033 1912 1146 1976 Danu-

85 2014 200 2093 bium,
219 2012 260 2077 ad
274 2011 356 2076 fines
376 2014 542 2077 Dacorum
557 2011 794 2098 Anmtiurnque
812 2011 1011 2099 pertinebat;
1029 2010 1147 2076 deinde

84 2114 310 2177 sinistrorsum
324 2110 404 2176 flexa
419 2113 539 2178 multos
551 2112 731 2200 attingebat
746 2128 878 2200 propter
889 2112 1146 2201 magnitudinem

85 2214 245 2302 populos,
261 2214 346 2277 ultra
361 2214 525 2303 sexaginta
542 2213 670 2277 dierum
685 2214 748 2277 iter
762 2230 919 2301 porrecta.

131 2316 172 2378 V.
187 2315 259 2377 lloc
274 2314 379 2401 spatio
395 2314 504 2377 multae
521 2329 592 2377 turn
607 2329 719 2402 gentes
740 2314 885 2391 coluere,
903 2317 1065 2398 veteribus
1080 2340 1146 2383 non

84 2415 163 2480 satis
182 2413 335 2504 cognitae,
354 2414 444 2503 quod
463 2436 582 2503 asperae
600 2412 708 2494 bellis,
724 2414 759 2478 in
779 2438 856 2502 paee
874 2418 1144 2484 commerciorum

87 2517 305 2606 negligentes,
322 2515 364 2579 ab
386 2516 454 2578 aliis
472 2514 602 2604 populis
623 2515 711 2580 baud
735 2517 837 2580 facile
848 2517 1029 2583 adibantur.
1048 2521 1147 2612 Quod

87 2637 198 2683 tanuen
214 2618 301 2680 inter
315 2618 467 2703 antiquos
478 2629 623 2694 constat,
642 2615 777 2678 initium'
785 2616 982 2698 Germaniae,
997 2641 1061 2704 qua
1074 2621 1148 2684 Sar-

87 2737 191 2784 matas
204 2721 395 2809 attingebat,
410 2739 505 2782 mons
518 2719 600 2782 Sevo
613 2718 693 2797 luit,
708 2717 818 2782 sinum
831 2717 1018 2800 Codanum,
1036 2720 1069 2782 id
1082 2738 1147 2804 est,

90 2821 220 2884 Danum
235 2820 301 2883 sive
313 2819 494 2899 Danicum,
510 2817 669 2897 efficiens,
685 2818 798 2882 insulis
815 2820 981 2883 refertum.
1000 2821 1148 2901 Quarum
1202 2844 1205 2852 ’

88 2921 296 2986 clarissimam
313 2919 525 2982 nominabant
539 2916 799 2997 Scandinaviam,
817 2917 876 2980 tria
894 2918 1031 2980 borealia
1050 2941 1149 3008 regna
1214 2923 1218 2934 '

88 3023 353 3111 amplectentem,
361 3019 501 3106 ideoque
510 3019 672 3084 veteribus
684 3019 893 3104 incompertae
906 3017 1147 3106 magnitudinis,

90 3124 171 3187 l'also
192 3138 300 3186 umen
316 3121 454 3186 insulam
473 3118 647 3199 creditam;
671 3119 763 3198 cujus
781 3131 903 3204 partem
922 3119 1146 3184 Hellevionum

90 3245 186 3312 gens,
205 3223 252 3286 sic
269 3223 401 3310 rupium
420 3221 542 3284 incolas
562 3218 731 3307 indigenas
754 3239 860 3282 sermo
880 3219 1031 3298 vocabat,
1050 3223 1147 3306 quin·
1251 3213 1253 3220 ’

90 3326 196 3412 gentis
209 3325 316 3413 pagis,
331 3323 493 3388 scribente
502 3321 624 3402 Plinio,
637 3321 815 3384 obtinebat.
826 3318 875 3382 Ab
889 3317 1003 3382 eodem
1018 3337 1150 3386 auctore

91 3427 330 3490 Germanorum
358 3445 476 3513 genera
500 3423 647 3509 quinque
671 3421 718 3483 sic
741 3433 932 3508 ponuntur,
958 3436 996 3486 ut
1022 3421 1149 3488 excludi

91 3525 308 3592 scandinavia
318 3539 429 3614 gentes
444 3537 595 3611 appareat
612 3523 776 3608 :primum
791 3521 826 3582 V
822 3519 936 3582 i'ndilos
948 3537 1057 3602 vocat,
1073 3547 1151 3611 quo-

93 3650 162 3691 rum
174 3649 256 3716 pars
278 3625 531 3712 Burgundiones,
550 3624 680 3700 Varini,
702 3621 827 3700 Carini,
853 3620 1149 3707 Guttonesficetr'nt.

92 3729 253 3793 Vandalus
271 3727 405 3814 intelligi
419 3741 550 3812 putant,
567 3743 709 3811 quorum
727 3721 818 3786 sedes
833 3744 853 3784 a
872 3722 1015 3786 l'oloniae
1031 3722 1150 3788 finibus

91 3845 189 3918 atque
206 3829 338 3893 vistulae
361 3826 464 3914 capite
486 3849 545 3913 per
568 3823 928 3914 Megaloburgensium,
954 3824 1151 3884 Pomemno·

128 4035 144 4098 §
156 4038 199 4084 lll.
207 4037 311 4084 Cara.-
319 4035 384 4082 Flos.
393 4036 441 4093 111,
453 4031 649 4095 10.--1)io.-§
660 4031 767 4078 lVJlio.
776 4029 865 4076 -Lia
878 4029 1041 4092 Epic—'sac
1050 4030 1081 4074 G.
1091 4029 1116 4086 1,
1133 4045 1153 4075 1.
