2875 4900
316 390 391 464 256
487 398 555 464 lO.
581 396 608 463 F
613 396 919 465 REINSHEMII
949 401 1191 470 SUPPLEM.

316 518 397 582 ximi
413 516 562 605 spiritns,
578 515 762 605 «siquidem
774 514 957 605 Bithyniam
972 534 1004 582 et
1019 518 1249 607 Cappadociam
1264 538 1362 606 parere

317 618 473 707 «regibus
486 634 628 682 assuetas
646 615 848 681 Mithridates
866 618 1062 709 subegisset,
1079 621 1170 684 facile
1187 640 1362 707 passumm,

317 718 438 799 «dixit3
461 718 518 783 sed
543 718 652 782 Asiam
676 717 855 796 justissimo
882 720 978 803 titulo
1004 743 1182 809 possessam
1208 720 1362 797 Romanis,

316 852 332 877 ι
341 836 452 911 postea
463 834 627 907 receptam
641 842 661 882 a
674 820 712 883 C.
723 820 880 899 Fimbria,
897 838 968 885 turn
985 824 1200 909 pacesullana
1213 820 1362 885 dimissam

317 923 382 987 «ab
397 942 486 1010 rege,
504 944 571 984 non
584 941 653 985 esse
667 942 911 987 concessurum.

361 1024 421 1086 Xl.
437 1052 450 1077 ι
459 1023 499 1085 Se
512 1020 600 1085 enim
613 1022 777 1085 Romanos
791 1044 877 1102 esse,
894 1045 956 1086 nec
969 1046 1044 1087 cum
1062 1027 1180 1113 patria,
1193 1021 1264 1102 sed,
1278 1024 1365 1109 aqui·

317 1125 405 1188 «bus
428 1144 582 1211 oppressa
602 1124 660 1203 sit,
681 1124 844 1211 tyrannis,
868 1124 989 1187 bellum
1012 1148 1147 1215 gerere:
1171 1124 1277 1189 omnia
1297 1144 1363 1209 ergo

256 1278 261 1293 .
319 1224 476 1289 «consilia
492 1223 731 1315 adaugendam
751 1225 850 1315 magis
871 1224 1114 1315 ornandamque
1130 1225 1364 1317 rempublicam,

315 1358 330 1383 «
342 1348 439 1415 quam
455 1325 497 1391 ad
509 1325 705 1407 ruendam,
721 1346 790 1391 csse
803 1326 982 1391 referenda.
998 1328 1182 1415 Optandam
1199 1318 1292 1415 plane
1305 1324 1365 1385 viro

318 1429 418 1491 «forti
435 1428 622 1508 uictoriam,
641 1429 668 1491 si
687 1428 833 1491 honestis
856 1428 960 1516 parari
980 1428 1161 1492 rationibus
1186 1428 1301 1515 possit-3
1318 1422 1364 1486 sed

317 1560 331 1586 ι
341 1552 417 1594 cum
429 1528 634 1617 turpitudine
646 1552 690 1593 ne
700 1531 836 1593 salutent
845 1528 978 1616 quidem
990 1530 1214 1618 expetendam.
1225 1530 1364 1593 Praeterea

319 1662 332 1688 a
341 1654 383 1698 ne
399 1631 512 1695 utilem
524 1630 657 1718 quidem
671 1652 742 1695 eam
756 1632 948 1697 sententiam
961 1630 1031 1695 sore
1044 1632 1208 1697 :infinitos
1223 1631 1307 1695 enim
1317 1648 1365 1715 per

317 1732 464 1797 «ltaliam
487 1734 569 1795 etin
587 1731 675 1794 Urbe
690 1733 776 1797 cives
794 1754 947 1797 romanos
964 1754 1074 1823 agere,
1094 1733 1150 1820 qui
1167 1732 1219 1807 bis
1234 1728 1363 1819 partibus

316 1862 330 1887 ι
340 1832 466 1897 occulte
480 1833 622 1913 faveant,
637 1832 679 1895 ad
689 1854 821 1897 omnem
835 1828 979 1897 fortunae¹
990 1850 1105 1897 nutum
1118 1836 1245 1898 animoa
1256 1848 1287 1896 et
1297 1850 1365 1893 con-

315 1965 329 1988 «
340 1934 408 1998 silia
423 1935 644 1998 monstraturi.

362 2037 436 2101 ΧΠ.
452 2035 537 2099 «sed
561 2036 722 2123 optimum
743 2058 907 2123 quemque
932 2056 998 2101 non
1021 2036 1089 2099 aliis
1110 2038 1217 2101 causis
1240 2030 1365 2107 moveri,

294 2164 298 2171 ·
317 2158 438 2224 «quarn
457 2135 547 2223 quod
563 2136 670 2202 bonos
682 2138 895 2226 egregiosque
905 2136 992 2200 viros
1006 2153 1039 2200 et
1055 2136 1243 2225 reipublicae
1260 2130 1366 2198 studio·

316 2270 329 2294 «
340 2260 409 2318 sos,
426 2238 564 2326 pervim
584 2254 617 2299 et
635 2238 786 2317 injuriam
806 2237 847 2300 ab
863 2238 995 2303 adversa
1011 2238 1148 2302 factione
1168 2238 1278 2327 pulsos
1292 2231 1367 2297 arbi·

316 2368 329 2393 ι
339 2353 476 2401 trentur.
489 2336 625 2402 Minime
640 2339 740 2427 igitur
756 2337 990 2421 dubitandum,
1005 2340 1102 2426 quin,
1120 2338 1147 2401 si
1162 2360 1205 2403 ne
1219 2336 1294 2401 odio
1304 2330 1366 2421 qui·

316 2437 414 2503 «dem
430 2437 657 2518 inimicorum,
673 2455 705 2502 et
722 2441 818 2504 tantis
837 2438 1019 2506 commodis
1039 2441 1121 2522 suis,
1138 2440 1181 2505 ad
1199 2428 1367 2530 pactionem

261 2582 264 2588 -
316 2541 461 2628 cpopnlo
485 2563 621 2604 romano
643 2540 810 2629 indignam
834 2541 952 2606 adduci
976 2543 1120 2630 potuisse
1142 2538 1368 2612 intellexerint,

317 2673 330 2696 a
340 2641 442 2719 major
454 2640 542 2728 apud
553 2662 668 2704 omnes
687 2641 881 2706 existimatio
900 2665 957 2706 sua
977 2643 1158 2718 sirbitum,
1175 2644 1329 2728 favorque
1341 2637 1368 2698 in

315 2757 443 2831 «partes
467 2740 612 2829 pronior.
637 2740 701 2805 Sed
725 2763 785 2805 nec
808 2763 848 2805 eo
872 2743 982 2806 animo
1002 2757 1059 2806 aut
1080 2763 1243 2806 successu·
1259 2739 1370 2806 bellum

315 2876 328 2898 «
337 2846 403 2933 geri
412 2859 474 2925 ,ut
485 2841 723 2930 desperandum
738 2843 796 2924 sit,
814 2845 893 2930 quin
908 2844 974 2906 sive
984 2843 1076 2906 victis
1090 2841 1298 2921 adversariis,
1314 2839 1371 2902 sive

315 2946 380 3010 «ad
393 2967 500 3034 equas
516 2943 719 3008 conditiones
733 2939 870 3024 adactis,
883 2944 1018 3032 patriam
1032 2965 1107 3007 curn
1121 2943 1261 3032 pristina
1276 2938 1373 3030 digni-

314 3063 401 3110 «tate
421 3047 487 3110 sint
506 3045 677 3133 recepturi.
698 3043 844 3132 AEquum
865 3045 965 3132 igitur
986 3069 1071 3128 esse,
1095 3061 1133 3110 ut
1155 3069 1257 3134 quem
1273 3043 1371 3108 locum

315 3177 328 3202 ι
337 3150 394 3236 alpe
405 3163 437 3210 et
448 3147 568 3210 virtute
577 3161 740 3234 repetant,
754 3169 794 3210 eo
806 3147 901 3211 etiarn
914 3147 1029 3236 dignos
1041 3148 1168 3212 animos
1182 3163 1216 3211 et
1227 3145 1374 3220 habeant,

291 3274 295 3281 ⁴
316 3263 371 3310 «et
386 3247 505 3310 habere
523 3245 760 3310 demonstrent.
773 3279 786 3304 s

358 3347 451 3411 Xlll.
467 3349 545 3413 Haec
559 3349 744 3412 renuntiata
757 3349 978 3414 Mithridatem
996 3351 1151 3414 miraculo
1170 3351 1219 3416 rei
1236 3345 1375 3440 percule·

314 3465 411 3528 runt3
432 3451 590 3539 aiuntque
605 3451 693 3514 velut
712 3449 888 3515 attonitum
906 3451 1025 3516 dixisse
1043 3451 1083 3516 ad
1102 3453 1247 3533 amicos,
1265 3483 1278 3506 ι
1294 3441 1376 3530 Quid

314 3582 327 3606 a
337 3550 436 3640 igitur
445 3550 559 3615 sedens
568 3553 602 3614 in
613 3573 746 3615 romana
756 3552 843 3616 curia
853 3553 1013 3618 Sertorius
1023 3553 1214 3642 imperaret,
1226 3553 1286 3644 qui
1295 3567 1377 3615 nunc

314 3654 446 3736 «exsul,
461 3669 493 3718 et
506 3653 547 3716 ad
558 3654 716 3743 ‘angulum
730 3641 869 3742 Europae
883 3655 1071 3735 submotus,
1089 3654 1170 3720 fines
1186 3677 1293 3745 regno
1309 3671 1376 3714 mco

315 3756 432 3846 «ponit
441 3771 474 3820 et
482 3756 590 3819 mium
601 3755 802 3820 tentantibus
814 3777 902 3820 arma
914 3757 1099 3821 minuam?-
1109 3757 1247 3846 Accepit
1259 3771 1376 3826 umen,

314 3855 405 3945 quod
418 3855 576 3934 dabatur,
590 3873 623 3920 et
636 3855 741 3922 fredus
753 3857 964 3938 jurejurando
979 3859 1139 3926 sancitum
1154 3859 1188 3922 in
1203 3861 1264 3924 has
1279 3859 1375 3945 leges:

348 4057 365 4122 §
378 4059 449 4106 xm.
463 4057 528 4107 Flor.
538 4059 590 4117 ΙΙΙ,
602 4073 645 4106 aa.
656 4085 691 4096 --
700 4059 754 4108 Cic.
769 4075 816 4124 pro
828 4059 880 4124 lege
893 4059 980 4110 Manil.
992 4075 1015 4110 c.
1027 4068 1042 4116 4
1057 4073 1082 4109 et
1099 4063 1123 4109 8.
1133 4089 1168 4098 —
1181 4061 1265 4112 strab.
1278 4059 1321 4108 lib.
1332 4054 1376 4108 111,

313 4161 340 4207 p.
354 4144 411 4204 ¹⁵9·
430 4170 465 4180 -
478 4143 604 4192 Manca.
618 4169 654 4180 -
666 4143 773 4208 Appisn.
785 4143 897 4192 Mithrid.
911 4171 946 4180 —
959 4145 1022 4194 rtur.
1033 4145 1059 4192 in
1071 4145 1186 4200 huno,
1201 4161 1225 4194 c.
1238 4151 1277 4200 tt.
