2875 4900
303 358 360 429 IN
393 358 511 427 LOC.
539 358 634 427 LIB.
661 358 757 427 CIII
785 356 996 428 LIVIANI.
1112 354 1183 452 457

106 482 148 547 ab
165 481 263 567 initio
278 480 435 562 salutare,
453 502 532 543 mox
544 480 633 543 varie
648 496 864 569 corruptura,
879 499 1013 569 magnas
1028 495 1062 543 et
1074 479 1184 568 ipsum

107 585 142 647 in
157 584 287 648 civitate
302 583 415 647 turbas
433 582 593 645 excitavit.

151 687 195 749 X.
215 685 312 748 Multi
335 684 424 749 enim
444 682 557 747 affines
579 682 799 763 conjurationi
819 684 976 772 protracti
995 697 1092 763 sunt,
1111 702 1186 768 par-

108 787 236 874 timque
246 800 369 866 morte,
380 784 433 847 alii
445 784 583 872 pecunia
592 783 820 867 condemnati,
831 784 923 873 quod
934 798 1064 872 tompus
1075 783 1116 847 ab
1125 782 1186 846 ini·

108 888 201 951 micis
214 886 364 951 Ciceroni
382 901 493 975 postea
507 886 674 965 objectum
689 904 756 969 est,
769 890 865 977 quasi
876 888 967 951 domi
977 908 1045 959 suae
1052 886 1185 976 sudum

108 991 182 1080 Icgr's
204 992 345 1055 Plautz'ae
364 990 554 1053 exercuisset
574 1012 647 1053 cum
669 1012 771 1054 uvore
794 992 967 1071 Temnum
988 990 1082 1069 cujus
1103 989 1185 1053 alio·

109 1093 191 1181 quin
213 1090 248 1155 id
267 1106 335 1155 crat
355 1089 545 1179 ingenium,
563 1104 602 1153 ut
623 1088 742 1179 cupide
760 1112 795 1155 se
812 1090 952 1179 publicis
970 1088 1111 1177 negotiis
1132 1086 1185 1149 in·

108 1208 245 1283 gereret.
268 1192 332 1257 Sed
354 1190 499 1273 Vettius,
521 1213 625 1278 quum
651 1191 795 1255 tabulam
814 1191 942 1255 senatui
965 1190 1184 1269 exhibuisset,

108 1317 173 1383 qua
200 1294 307 1359 socios
332 1293 477 1358 Catilinae
501 1292 629 1357 dicebat
653 1294 836 1374 contineri,
859 1314 899 1357 ex
919 1293 1089 1357 intervallo
1112 1312 1185 1355 eam

107 1395 257 1484 repetiit,
275 1394 384 1483 plures
403 1393 636 1482 adscripturus.
660 1393 836 1459 Enimvero
852 1394 963 1459 Patres
984 1395 1049 1458 hoc
1066 1414 1185 1480 anceps

107 1514 139 1562 et
153 1497 325 1561 fraudibus
339 1510 566 1584 opportunum
578 1496 657 1578 rati,
674 1492 835 1577 tabulam,
852 1518 894 1560 ne
908 1498 993 1560 forte
1008 1497 1105 1559 etiam
1121 1515 1185 1558 no·

106 1600 196 1661 mina
207 1596 427 1686 quorumdam
444 1612 659 1687 expungeret,
677 1618 747 1661 non
760 1597 993 1680 reddiderunt,
1011 1598 1139 1686 ipsum,
1156 1596 1185 1662 si

107 1720 192 1786 quos
205 1714 359 1787 praeterea
375 1698 579 1763 indicaturus
592 1715 693 1781 esset,
707 1721 788 1763 voce
798 1699 968 1779 jusserunt
980 1698 1087 1764 edere.

150 1802 211 1865 xl.
229 1800 282 1863 Sic
298 1800 366 1883 ille,
387 1800 513 1888 pudore
528 1814 561 1863 et
573 1816 665 1864 metu
678 1802 848 1890 perfusus,
864 1822 967 1889 pauca
980 1799 1106 1865 addidit
1121 1822 1185 1863 no·

107 1901 206 1965 mina.
219 1900 283 1965 Sed
298 1901 385 1990 apud
398 1902 542 1973 Novium
556 1902 695 1991 Nigrum
711 1918 907 1991 quaestorem
919 1903 960 1966 ab
972 1901 1090 1966 eodem
1102 1902 1183 1965 Vet-

106 2002 152 2064 tio
174 2003 214 2065 C.
228 2004 334 2067 Caesar
352 2017 421 2065 erat
441 2003 673 2091 compellatus;
691 2023 790 2091 quem
807 2005 906 2068 etiam
924 2004 966 2085 Q.
976 2003 1111 2086 Curius,
1128 2003 1184 2067 cui

107 2222 217 2287 erant,
239 2205 273 2269 in
294 2221 410 2271 senatu
432 2206 667 2272 nominaverat.
691 2206 729 2272 ld
745 2230 823 2272 vero
843 2206 1048 2271 intolerabile
1064 2206 1183 2271 Caesari

106 2308 223 2372 visum.
240 2306 367 2371 Idcirco
381 2308 572 2371 Ciceronem
585 2308 619 2371 in
633 2325 750 2373 senatu
765 2324 919 2391 testatus,
934 2308 1085 2397 adquam
1097 2306 1182 2371 ultm

106 2410 256 2500 quaedam
271 2409 312 2474 de
326 2409 386 2474 illa
403 2411 623 2498 corrjuratrone
642 2411 822 2492 detulisset,
843 2412 966 2494 effecit,
988 2434 1031 2477 ne
1049 2410 1183 2502 praemia

106 2515 206 2578 Curio
220 2513 386 2580 darentur.
396 2513 561 2595 Vettium,
581 2514 775 2604 pignoribus
796 2515 914 2604 captis,
932 2533 965 2580 et
981 2515 1108 2603 direpta
1123 2536 1182 2578 su·

106 2616 281 2706 pellectile,
294 2616 378 2680 male
390 2616 600 2697 mulctatum,
616 2633 648 2679 et
661 2638 721 2704 pro
732 2617 858 2681 Rostris
871 2618 906 2680 in
918 2618 1077 2682 concione
1088 2637 1181 2705 paene

106 2715 327 2804 discerptum,
353 2716 495 2795 conjecit
517 2717 551 2780 in
577 2739 739 2782 carcerem
751 2742 760 2800 ς
784 2718 901 2782 eodem
927 2733 961 2783 et
985 2734 1180 2807 quaestorem

105 2818 268 2900 Novium,
283 2817 374 2906 quod
385 2819 541 2897 majorem
554 2818 643 2906 apud
656 2841 690 2882 se
703 2835 899 2906 potestatem
914 2818 1100 2907 compellari
1111 2838 1183 2906 pas·

105 2941 160 2984 sus
179 2935 274 2985 essct.
288 2921 338 2984 Ab
352 2919 468 2984 eodem
482 2920 604 2984 indicio
618 2937 651 2984 ct
664 2944 722 3008 per
736 2921 860 2985 Italiam
875 2923 978 2986 multa
992 2919 1180 2985 sollicitudo

106 3022 248 3102 exstitit;
272 3020 351 3084 dum
379 3022 474 3084 etiarn
496 3021 554 3109 qni
578 3042 646 3084 non
669 3038 761 3086 erant
784 3023 962 3104 nominati,
988 3045 1030 3086 ne
1051 3037 1178 3102 essent,

105 3137 276 3206 metuunt,
292 3140 350 3188 aut
368 3124 507 3188 aliorum
523 3125 708 3212 suspicione
723 3141 928 3189 notarentur.

147 3225 225 3321 llll.
248 3224 374 3289 Idcirco
398 3241 546 3307 senatus,
570 3227 734 3314 publicata
750 3227 850 3291 Vettii
871 3227 998 3309 tabula,
1022 3226 1180 3290 securita-

104 3338 170 3390 tem
183 3327 307 3390 caeteris
320 3343 354 3390 et
365 3328 510 3416 quietem
522 3328 671 3414 praestitit
683 3351 691 3392 ι
704 3343 738 3392 at
750 3330 808 3416 qui
820 3330 982 3395 nominati
998 3343 1110 3410 erant,
1125 3350 1184 3394 vo·

104 3427 167 3490 ceti
181 3428 215 3491 in
226 3428 406 3510 judicium,
420 3445 453 3493 et
467 3445 642 3518 praesentes
658 3446 691 3494 et
704 3432 853 3496 absentes
867 3432 1076 3497 condemnati
1089 3447 1179 3498 sunt.
1266 3503 1285 3524 ε

104 3526 173 3593 Nec
187 3529 356 3594 desinebat
368 3531 560 3596 Ciceronem
575 3555 727 3597 accusare
740 3533 867 3620 Nepos,
883 3551 1033 3599 senatum
1046 3533 1181 3622 oblique

104 3649 237 3719 petens,
255 3633 308 3697 cui
325 3635 464 3724 negabat
477 3636 687 3723 permissum,
707 3636 836 3716 injussu
846 3637 960 3726 populi
973 3637 1078 3701 civem
1094 3635 1181 3699 occi·

104 3732 192 3798 dere.
204 3737 368 3800 Caeterum
385 3737 472 3800 lacto
485 3739 789 3822 senatusconsulto,
803 3761 843 3804 ne
853 3742 909 3803 cui
912 3739 1090 3828 pestilentes
1103 3751 1135 3802 et
1145 3738 1180 3800 in

137 3967 155 4032 s
169 3967 217 4015 lx.
232 3967 284 4017 Jul.
295 3967 386 4033 Obscq.
398 3995 431 4006 -
441 3970 512 4034 rign.
523 3973 589 4020 Δια.
599 3997 634 4008 -
646 3971 706 4021 nto.
719 3997 756 4008 -
763 3973 836 4020 Oros.
845 3973 895 4029 vl,
909 3971 934 4018 6.
947 3995 978 4006 -
994 3967 1047 4017 Cic.
1058 3967 1091 4014 ad
1100 3966 1179 4015 Attio.

103 4051 144 4108 11,
163 4059 207 4107 ²4-
219 4069 255 4088 -·-
273 4049 289 4117 S
305 4055 339 4102 X.
354 4053 418 4104 Plut.
436 4055 463 4104 in
476 4055 530 4105 Cic.
545 4071 599 4122 erp.
618 4053 660 4104 36.
675 4083 711 4092 -
723 4055 784 4105 Dio.
804 4081 839 4092 -
858 4054 875 4121 s
893 4055 940 4102 11.
953 4055 1055 4102 Samon.
1068 4053 1095 4099 in
1113 4052 1178 4100 Ca.

103 4151 157 4200 cap.
172 4152 259 4195 17·-
274 4136 333 4185 Dio.
1171 4131 1173 4135 ·
