2875 4900
257 388 314 457 IN
346 388 463 458 LOC.
490 388 585 455 LIB.
613 387 703 455 CVI
739 388 969 458 LIVIANl.
1080 387 1150 484 589

89 507 327 597 portenderunt.
344 508 420 571 Haec
441 528 519 595 ergo
538 528 642 593 quum
663 506 897 594 impedimenta
910 508 1051 573 comitiis
1067 510 1151 590 obji-

89 626 248 691 cerentur,
271 612 368 699 longe
389 608 492 689 majus
510 623 610 696 atquc
634 606 797 671 difficilius
815 609 1025 673 tribunorum
1047 610 1151 697 plebis

89 712 283 777 contumacia
297 710 464 775 afferebat.
476 709 527 773 ttti
540 709 628 773 enim
643 710 806 798 praecipue
819 711 926 774 turbis
942 711 993 775 his
1010 710 1151 777 delecta·

89 812 211 895 bantur,
233 834 291 901 per
307 834 388 900 quas
405 812 516 877 multis
539 833 573 875 se
598 811 713 893 rebus,
734 811 776 876 ad
793 834 891 877 suum
909 811 1056 877 officium
1081 838 1149 879 non

88 912 334 1005 pertinentibus,
349 912 560 1000 ingerebant,
581 934 684 1000 quum
702 912 756 975 atii
772 911 977 1001 magistratus
998 914 1080 979 nulli
1099 938 1150 979 es-

88 1032 170 1095 sent3
185 1013 266 1079 adeo
283 1030 321 1079 ut
334 1012 428 1078 ludos
450 1035 583 1102 quoque
598 1014 744 1077 facerent
760 1029 939 1101 praetorum
956 1014 1049 1097 ioco,
1064 1038 1150 1103 quo·

88 1138 154 1178 mm
168 1116 316 1197 comitia,
333 1114 524 1203 priusquam
537 1115 688 1179 consules
702 1129 811 1178 essent
826 1115 941 1197 creati,
956 1114 1068 1181 haberi
1081 1138 1150 1181 uon

87 1230 237 1300 poterant.

125 1316 241 1383 xxvt.
261 1315 325 1382 Sed
342 1316 487 1381 offensus
504 1316 567 1381 hac
588 1314 723 1380 audacia
745 1331 877 1380 senatus
899 1317 942 1398 Q.
957 1317 1151 1406 Pompeium

87 1418 219 1502 Rufum,
238 1420 411 1483 tribunum
426 1418 549 1508 plebis,
586 1438 752 1503 uunquam
764 1416 931 1481 dictatoris
944 1417 1040 1483 Sullae
1055 1442 1153 1508 nepo-

88 1534 163 1602 tem,
179 1522 213 1585 in
229 1542 390 1585 carcerem
407 1519 483 1583 duci
499 1519 613 1602 jussit3
630 1517 744 1582 eadem
762 1540 857 1605 poena
873 1532 906 1581 et
918 1518 988 1581 aliis
1001 1520 1152 1585 turbato·

86 1618 168 1684 ribus
183 1620 380 1709 praestituta,
398 1620 622 1709 Pompeioque
636 1619 758 1707 Magno
775 1618 892 1683 tradita
906 1618 976 1699 ejus
989 1621 1037 1685 rei
1055 1638 1151 1711 pote-

87 1736 169 1787 state.
184 1723 248 1787 Sed
262 1724 386 1805 Rusus,
400 1722 449 1786 uti
462 1722 588 1786 socium
602 1721 670 1801 ejus
686 1719 873 1810 ignominie
885 1720 1036 1805 haberet,
1051 1724 1151 1812 paulo

86 1840 153 1907 post
160 1824 205 1888 M.
213 1824 396 1888 Favonium
407 1822 534 1888 aedilem
542 1823 646 1912 plebis
658 1822 692 1885 in
702 1824 864 1885 carcerem
873 1822 1029 1905 conjecit,
1040 1825 1087 1891 Μ.
1093 1828 1152 1891 Ca·

88 1925 164 1989 tonis
177 1926 314 1991 unicum
327 1924 567 2006 admiratorem,
577 1940 610 1987 et
621 1922 690 2005 ejus
701 1921 947 1987 contentissime
959 1923 1069 1989 studio
1077 1926 1152 1991 tedi-

86 2024 199 2093 litatem
211 2027 378 2117 adeptum.
391 2027 483 2090 Inter
495 2026 564 2090 haec
575 2039 765 2089 moventem
782 2046 823 2088 cx
837 2022 983 2089 hibernis
996 2027 1148 2091 Crassum

86 2124 172 2215 legati
194 2129 281 2219 regis
300 2126 420 2192 Orodis
433 2125 597 2207 adierant,
618 2148 693 2190 cum
713 2124 766 2188 his
787 2124 946 2189 mandatis
961 2149 969 2192 a
985 2130 1014 2189 si
1023 2129 1150 2216 quriz'em

78 2226 161 2311 jussu
170 2245 297 2295 senatus
301 2227 479 2319 pepulimus
491 2229 619 2291 rontani
628 2248 721 2289 arma
734 2226 901 2306 intulusct,
916 2224 1147 2315 nullrtmfinern

84 2327 172 2412 bello,
188 2335 256 2397 nisi
267 2332 477 2397 internecione
488 2331 592 2417 partis
606 2326 789 2392 alterutrius
793 2375 804 2408 ‚
808 2324 891 2415 sore
896 2352 910 2407 ,·
925 2330 973 2391 sin
986 2352 1065 2393 vero
1076 2335 1150 2418 pri·

85 2446 148 2496 vato
164 2434 297 2500 comriio
314 2432 443 2500 Crassus
458 2428 647 2520 refecisset,
671 2431 810 2494 meieren'
818 2429 982 2494 senectutis
997 2432 1064 2521 ejus
1075 2457 1147 2497 nsa-

80 2553 172 2614 gnum
195 2560 325 2625 regem,
349 2547 380 2600 et
397 2555 614 2624 percussorum
636 2555 708 2598 cum
734 2530 846 2613 Sulla,
873 2531 1023 2613 Liscullo,
1048 2535 1146 2600 Pom-

79 2637 201 2726 ptirque
209 2639 378 2726 foederum
397 2659 579 2717 memorem,
601 2635 716 2700 milites
733 2657 899 2716 romanos,
918 2637 977 2724 qui
987 2639 1098 2722 potius
1112 2644 1145 2702 in

82 2741 255 2824 captivitate
269 2743 335 2806 sint
353 2737 442 2827 apud
464 2738 740 2827 Mesopotamiam,
759 2759 857 2825 qrrom
871 2738 905 2802 in
911 2737 1082 2826 proest‘tir'rr,
1097 2763 1147 2803 rr·

83 2840 250 2906 nissum.

121 2943 258 3010 XXVII.
270 2947 405 3010 Crassus
413 2943 454 3009 ad
465 2943 535 3008 haec
546 2941 734 3008 Seleucr'aese
744 2964 961 3031 responsum
974 2965 1037 3006 esse
1044 2966 1148 3032 quum

83 3039 215 3130 diceret,
240 3045 389 3110 arridens
406 3046 539 3135 Vagises
563 3043 611 3133 (is
636 3045 819 3134 legatorum
839 3059 908 3108 erat
929 3058 1021 3108 aetnte
1044 3046 1147 3108 maxi·

82 3146 185 3234 mus),
204 3149 382 3236 solamque
396 3146 532 3211 sinistrae
548 3167 663 3210 manus
679 3145 866 3233 percutiens
882 3144 1011 3226 dextra,
1030 3147 1150 3210 «Prius

83 3243 168 3330 «hic,
189 3249 320 3338 inquit,
343 3247 400 3337 pili
423 3261 616 3328 nascentur,
637 3248 771 3328 Crasse,
790 3269 888 3334 quam
912 3262 950 3310 tu
969 3247 1148 3312 Seleuciam

81 3348 240 3415 «rideas».
256 3351 336 3414 Haec
356 3349 415 3412 ubi
432 3348 616 3413 renuntiata
636 3347 757 3413 Partho
777 3361 872 3430 sunt,
891 3347 1050 3411 Surenam
1068 3372 1149 3437 prae·

82 3447 198 3516 fecmm
213 3451 257 3518 ad
273 3449 476 3542 recipiendas
489 3449 732 3539 Mesopotamiae
744 3449 888 3514 civitates
903 3450 1011 3530 misit3
1028 3450 1098 3538 ipse
1114 3453 1147 3515 in

81 3551 263 3621 Armeniam
287 3556 378 3644 signa
397 3555 562 3635 illaturru,
584 3575 626 3617 ne
646 3552 795 3642 Tigranis
815 3550 899 3616 filius
915 3551 1086 3616 Artabazes
1107 3554 1149 3616 ad

80 3673 170 3741 opem
184 3655 345 3722 Romanis
363 3654 531 3720 ferendam
546 3675 667 3718 vacuus
683 3669 777 3718 esset.
791 3655 823 3717 Is
836 3654 925 3718 enim
940 3651 982 3716 ad
994 3654 1148 3718 Crassum

80 3775 150 3820 cum
163 3781 222 3822 sex
243 3759 395 3846 equitum
414 3756 558 3822 millibus
573 3771 723 3838 venerat,
741 3755 802 3819 alia
818 3754 932 3820 decem
948 3755 1047 3818 millia
1061 3772 1148 3819 cata·

80 3855 290 3941 phractorum
312 3857 479 3947 equitnm,
504 3873 537 3924 et
560 3857 692 3948 triginta
711 3856 860 3946 peditum
886 3856 1001 3937 millia,
1023 3857 1148 3945 stipen-

110 4061 126 4128 s
139 4066 223 4116 m.
237 4065 299 4115 Dio.
311 4093 345 4104 -
359 4065 376 4132 S
390 4067 487 4116 ml.
499 4065 592 4114 Asson.
606 4065 633 4112 in
646 4066 701 4114 Mil.
712 4093 748 4104 -
761 4066 818 4122 Dio.
831 4091 867 4102 -
880 4061 1003 4114 Plutarch.
1017 4062 1044 4112 in
1056 4065 1110 4114 Cat.
1124 4078 1150 4114 et

80 4145 169 4200 Cnseo.
184 4177 221 4189 --
234 4151 304 4200 Flos.
319 4151 373 4212 111,
388 4165 472 4198 rr.-
486 4151 557 4199 Oros.
569 4150 618 4208 vt,
633 4149 672 4198 13.
777 4191 782 4198 .
