2875 4900
276 390 329 459 IN
360 390 478 459 LOC.
502 390 595 458 LIB.
623 390 716 459 CIII
747 391 963 463 LIVIANI.
1085 395 1156 494 467

83 512 316 576 concurritur:
337 509 374 575 fit
389 511 424 573 in
441 511 607 575 Romanos
624 532 664 575 ex
679 488 858 599 improviso
874 513 1037 602 impetus,
1063 518 1158 606 oppi-

84 614 233 700 dumque
247 613 281 677 in
296 627 492 703 potestatem
503 612 717 702 Allobrogum
734 612 829 677 redit.

129 714 319 779 XXXVIII.
334 714 459 803 Agrum
473 728 581 777 tamen
595 713 732 801 impune
744 715 913 778 Romanus
924 716 1158 803 populabatur,

84 815 194 880 donec
206 814 302 879 multi
317 814 358 878 ad
371 816 491 879 Isaram
507 813 629 879 flumen
643 815 860 881 accolentium
876 838 951 881 cum
960 819 1159 908 Catugnato,

86 917 194 1007 gentis
212 915 370 981 universae
387 915 488 997 duce,
502 914 679 981 affixerunt.
699 915 750 981 lbi
762 917 922 1000 Manlius,
940 941 1043 1006 quum
1062 935 1161 985 trans·

87 1021 136 1083 itu
149 1018 319 1107 prohiberi
332 1016 443 1083 hostes
454 1033 589 1107 propter
607 1018 851 1083 multitudinem
866 1020 1072 1109 navigiorum
1090 1045 1161 1087 non

87 1136 241 1211 possent,
258 1120 397 1201 veritus,
413 1120 441 1183 si
457 1137 566 1209 aperte
579 1136 721 1186 strueret
736 1122 856 1202 aciem,
875 1144 918 1187 ne
932 1124 1073 1189 conferti
1088 1126 1162 1190 uni·

88 1223 182 1310 tique
204 1221 450 1303 incumberent,
468 1222 502 1285 in
525 1222 719 1310 propinquis
742 1220 870 1287 flumini
895 1226 1085 1291 nemoribus
1102 1250 1161 1292 oc·

87 1325 199 1389 cultus
213 1324 377 1405 consedit,
393 1339 431 1388 ut
447 1322 617 1411 dissipatos
636 1338 669 1387 et
689 1324 760 1388 sine
779 1339 871 1389 metu
894 1326 1089 1407 trajicientes
1105 1351 1163 1394 ex·

88 1427 224 1515 ciperet.
240 1426 322 1491 Satis
345 1426 480 1490 feliciter
500 1424 657 1513 processit
674 1425 876 1513 aliquamdiu
893 1425 1000 1493 dolus.
1020 1429 1086 1494 Sed
1105 1431 1166 1495 ubi

88 1527 255 1617 fugientes
276 1525 437 1613 quosdam
462 1526 675 1613 insequutus,
697 1526 732 1589 in
748 1527 857 1615 ipsum
877 1529 1098 1618 Catugnatum
1116 1548 1164 1597 te·

90 1649 182 1691 mere
195 1626 325 1709 incidit,
342 1649 422 1691 cum
434 1625 587 1690 omnibus
601 1626 668 1691 suis
683 1627 839 1715 perierat,
856 1628 891 1691 ni
902 1631 1073 1717 repentina
1084 1649 1166 1698 tem·

90 1743 199 1817 pestas
216 1728 303 1793 hosti
320 1750 411 1792 suam
428 1728 633 1792 occasionem
650 1726 832 1815 eripuisset.

137 1830 296 1894 XXXIX.
316 1830 433 1893 Postea
449 1830 632 1917 Catugnato
646 1828 777 1918 longius
792 1828 1002 1914 abscedente,
1017 1834 1167 1902 rediitad

91 1930 248 1995 Ventiam
270 1930 445 2011 Lentinus,
465 1929 696 2017 obsessamque
719 1945 753 1994 et
773 1947 995 2020 oppugnatam
1012 1936 1045 1998 vi
1068 1939 1165 2025 cepit.

91 2032 226 2098 Servius
242 2046 352 2095 autem
365 2030 486 2111 Galba,
505 2047 538 2094 et
552 2032 587 2095 L.
598 2031 740 2095 Marcius
755 2030 870 2120 legati,
884 2030 1048 2099 Rhodano
1061 2050 1169 2102 trans·

92 2134 209 2213 misso,
224 2131 451 2221 populabundi
464 2154 558 2221 agros
570 2131 802 2223 Allobrogum,
818 2133 990 2199 Solonium
1006 2137 1168 2225 oppidum

92 2250 331 2325 pervenerant,
352 2234 484 2299 castello
498 2234 627 2298 munito
649 2233 739 2298 haud
756 2234 871 2321 procul
884 2234 963 2299 inde
979 2238 1085 2324 potiti.
1105 2240 1171 2305 Oc·

92 2352 263 2404 currentes
277 2334 396 2400 deinde
408 2336 519 2399 hostes
533 2335 643 2423 prelio
659 2334 835 2418 fuderunt,
851 2335 1031 2425 oppidique
1041 2358 1168 2428 partem

94 2439 332 2521 incenderunt;
344 2461 420 2504 nam
431 2437 585 2527 pleraque
599 2435 733 2502 aedificia
743 2436 834 2526 ligno
847 2453 1011 2504 exstructa
1019 2441 1167 2511 fuerant:

94 2567 137 2608 ne
162 2541 354 2606 universum
382 2553 551 2628 caperent,
577 2539 751 2630 Catugnati
776 2557 975 2627 superventu
999 2545 1168 2632 prohibiti.

94 2646 155 2710 His
171 2641 271 2708 rebus
287 2637 424 2723 auditis,
440 2638 613 2705 Pontinius
627 2662 702 2703 cum
718 2655 791 2704 toto
809 2641 952 2706 exercitu
970 2646 1088 2728 movit,
1108 2648 1169 2712 ob·

94 2765 269 2831 sessosque
278 2741 401 2822 hostes,
411 2757 528 2829 prater
537 2742 768 2830 Catugnatum,
780 2742 814 2804 in
823 2740 1024 2810 deditionem
1033 2751 1166 2837 recepit.

140 2845 210 2910 XL.
235 2845 323 2908 Dum
350 2842 420 2906 brec
447 2856 625 2930 geruntur,
650 2844 763 2908 Romae
789 2845 998 2910 comitiorum
1022 2847 1168 2916 fervebat

93 2947 257 3026 ambitus,
274 2967 342 3008 non
359 2944 429 3018 sine
443 2943 531 3032 gravi
547 2945 642 3032 eulpa
657 2943 823 3032 Pompeii,
844 2947 922 3032 qui,
940 2962 980 3011 ut
997 2949 1167 3017 Afranium

94 3049 336 3133 Metellumque
347 3045 497 3110 consides
513 3043 672 3124 efficeret,
684 3045 855 3136 largitione
871 3045 989 3136 magis,
1003 3072 1103 3135 quam
1116 3054 1167 3116 vol

95 3151 309 3229 anctoritate,
326 3146 378 3211 vel
398 3147 499 3236 matie
514 3145 691 3236 pugnabat.
712 3147 751 3210 In
772 3169 813 3211 eo
836 3149 968 3237 negotio
988 3149 1035 3215 M.
1048 3153 1170 3220 Pisone

95 3251 233 3318 consule
253 3249 301 3314 uti
317 3246 519 3312 credebatur.
537 3248 658 3312 Contra
671 3249 741 3312 haec
754 3263 820 3312 tam
835 3247 946 3416 anta
959 3245 1033 3316 vitia
1050 3277 1167 3341 parum

97 3369 155 3420 aut
168 3353 334 3418 veteribus
348 3350 490 3440 legibus,
506 3365 563 3412 aut
580 3349 671 3414 novis
685 3351 869 3437 profectum
921 3367 945 3418 t.
960 3351 1044 3418 Nam
1061 3358 1169 3423 Lurco

97 3456 253 3520 tribunus
264 3452 368 3542 plebis
382 3451 423 3516 de
437 3451 562 3516 ambitu
575 3450 700 3515 ferebat
711 3451 927 3536 bocnovum,
942 3468 991 3534 ut,
1008 3459 1068 3544 qui
1079 3481 1170 3524 num.

98 3559 211 3622 mosia
226 3555 549 3643 tribupronuntt'tarr't,
566 3554 596 3616 si
605 3575 670 3616 non
682 3551 817 3632 deden't,
835 3557 962 3644 impune
975 3557 1017 3621 sit
1024 3583 1038 3637 ;
1054 3562 1100 3623 sin
1114 3561 1171 3624 de.

98 3658 193 3736 derit,
211 3671 261 3735 ut,
278 3655 389 3744 quoad
396 3656 504 3736 vivat,
518 3652 648 3740 singulis
660 3653 799 3720 tribubus
810 3652 981 3721 amatium
994 3673 1087 3724 temo
1096 3663 1171 3726 mil·

99 3759 145 3824 lia
161 3757 282 3821 debeat.
299 3754 363 3822 Sed
381 3754 516 3819 minime
532 3755 582 3820 lex
595 3754 726 3841 perlata.

145 3860 231 3924 XLI.
258 3856 398 3922 Comitia
422 3858 456 3920 in
480 3880 510 3922 a.
533 3856 565 3922 d.
589 3856 638 3920 XI
660 3855 788 3921 kalend.
812 3858 939 3922 sextiles
964 3858 1059 3926 dilata
1084 3882 1171 3930 sunt.

101 3963 202 4041 Cato,
220 3975 258 4026 ut
271 3979 418 4046 semper,
436 3957 600 4048 pugnabat
613 3979 673 4046 pro
689 3957 875 4046 republica,
892 3958 1075 4048 eodemque
1089 3979 1173 4028 tem·

136 4167 299 4234 §xxxin
308 4164 364 4214 nv.
375 4167 442 4231 upa.
457 4193 493 4204 -
502 4165 595 4228 n10,1.
606 4163 742 4212 xxxvu.
755 4162 820 4228 -s
834 4165 888 4212 ru.
899 4164 1082 4234 cananae.
1093 4172 1119 4231 1,
1134 4173 1174 4223 ιο.

892 4255 1053 4332 ,g
