2875 4900
203 381 257 452 IN
285 382 401 452 LOC.
428 385 522 452 LIB.
548 387 761 456 LXXVIII
789 388 1004 459 Ltvllnl.
1090 391 1136 463 33

88 504 172 570 nandi
188 504 317 569 materia
338 525 407 568 non
425 521 546 593 posset.
567 505 769 572 «Hominem
788 508 966 595 superbum
984 522 1017 574 et
1032 511 1137 575 ambi·

86 607 212 670 «desum
231 606 381 672 dicebant
396 606 474 670 olim
491 606 664 696 predicare
679 609 829 690 solitum,
842 609 905 672 sibi
923 631 1084 676 summam
1100 614 1136 676 in

85 729 204 774 somnes
220 725 252 773 et
265 709 375 773 omnia
387 709 566 799 potentiam
579 707 701 774 deberi.
716 708 767 773 Ab
780 709 843 773 hac
857 709 1051 798 cupiditate,
1067 735 1134 778 non

86 807 138 870 ·ab
159 808 260 898 aliqua
281 809 399 889 injuria
418 831 490 890 sus,
512 809 754 876 exstimulatum
773 809 893 891 Inisse,
917 825 956 874 ut
975 813 1136 878 nefarium

86 910 200 996 panto
217 910 339 974 bellum
358 908 511 991 inferret,
531 909 765 1000 dominamque
779 912 943 1000 gentium,
961 930 995 978 et
1008 915 1137 980 bostili-

85 1009 156 1074 ·bns
167 1011 262 1074 armis
276 1011 428 1076 intactam
439 1010 579 1093 Urbem,
593 1011 689 1092 civis,
701 1024 751 1087 et,
767 1013 794 1074 si
808 1011 871 1074 diis
885 1013 1043 1102 placeret,
1059 1037 1139 1080 con·

84 1113 144 1175 «sul
157 1127 368 1202 expugnatam
384 1127 574 1200 captamque
592 1127 748 1176 cruentus
761 1109 996 1201 ingrederetur.

120 1213 233 1278 XXXI.
250 1243 264 1269 ι
273 1212 402 1278 Scilicet
411 1213 577 1302 egreglum
591 1211 693 1300 impio
706 1211 842 1275 facInori
853 1213 996 1277 colorem
1007 1214 1136 1300 induci,

84 1313 180 1400 «quod
196 1315 358 1379 decretam
373 1314 413 1378 ab
430 1329 545 1377 senatu
557 1313 758 1402 provinciam
774 1313 898 1378 inimici
915 1315 1136 1403 eripuissent:

84 1435 163 1477 «eam
183 1415 334 1495 injuriam
352 1413 521 1478 bominem
537 1435 734 1503 generosum
749 1414 818 1502 pati
840 1415 1034 1503 nequivisse.
1054 1419 1139 1484 Sane

83 1513 202 1578 -damm
217 1516 324 1579 Mario
339 1514 433 1594 jussu
454 1514 567 1603 populi
590 1513 845 1578 mithridaticum
866 1515 1010 1598 bellum;
1030 1541 1138 1607 neque

83 1615 225 1698 «referre,
248 1617 276 1680 si
294 1616 386 1704 prius
404 1617 438 1680 l..
456 1614 553 1678 Sullae
573 1630 702 1678 senatus
720 1612 808 1678 idem
828 1614 1033 1683 decrevisset.
1060 1621 1137 1686 Non

84 1717 224 1781 *minoris
234 1714 461 1782 estimandum
472 1715 571 1778 luisse
581 1714 723 1780 lilarirun
735 1714 831 1778 toties
842 1717 1027 1801 consulem,
1039 1741 1138 1806 quam

83 1816 236 1882 «fueritin
255 1818 365 1906 prImo
382 1816 574 1896 consulatu3
591 1837 698 1902 neque
716 1837 793 1878 cum
813 1814 855 1898 Q.
872 1817 1004 1882 Metello
1020 1820 1139 1884 Numi·

82 1915 167 1980 «diso
181 1919 305 1984 sullam
324 1917 505 2005 comparari
522 1937 634 2003 posse3
656 1936 765 2003 neque
782 1915 892 1980 minus
914 1917 1016 1982 modo
1040 1920 1140 1986 finisse

81 2017 169 2097 «juris
181 2021 307 2110 populo
320 2039 477 2099 romano,
494 2039 593 2107 quarn
607 2032 682 2080 ante
698 2039 802 2080 annos
816 2018 931 2108 viginti
946 2019 1070 2086 fuisset.

25 2107 27 2114 ’
118 2115 250 2186 XXXII.
263 2119 350 2185 «Sed
365 2135 436 2184 tum
449 2139 584 2208 quoque
600 2117 789 2182 Numidiam
805 2120 1022 2206 provinciam,
1035 2145 1140 2210 quan·

80 2219 187 2306 ·qtum'
212 2222 255 2287 ab
283 2237 400 2287 senatu
423 2219 555 2285 Metello
580 2218 760 2299 decretam,
778 2219 940 2307 populum
965 2243 1141 2289 romanum

25 2373 26 2422 r
82 2323 130 2384 «C.
144 2323 246 2388 Mario
263 2323 414 2387 dedisse:
433 2341 542 2408 neque
560 2318 634 2383 ideo
653 2319 822 2384 Metellum
842 2319 924 2384 Urbi
943 2320 1067 2386 bellum
1086 2324 1140 2389 In-

25 2433 27 2483 t
82 2421 217 2491 «dixisse.
234 2425 357 2491 Sullam
376 2445 471 2505 nero,
489 2443 532 2486 ne
550 2417 684 2509 quidem
705 2418 864 2509 sanguine
885 2436 943 2486 ant
962 2423 1074 2489 exsilio
1090 2441 1141 2493 tot

26 2520 27 2553 ³
80 2524 264 2593 «ilbrstrinm
281 2526 402 2592 civium
415 2522 522 2589 satiari
534 2521 695 2611 potuisse,
709 2536 767 2583 aut
781 2520 940 2604 vindicta,
953 2524 1030 2589 lieet
1038 2527 1139 2593 nimia

80 2648 166 2691 mane
181 2630 297 2710 luerit,
310 2626 446 2717 placari,
462 2646 505 2688 ne
520 2624 609 2687 ultro
624 2620 859 2710 rempublicam
876 2640 1054 2710 everteret,
1072 2644 1138 2694 sta·

80 2742 226 2817 «tumque
243 2729 434 2791 immutaret
451 2724 597 2789 civitatis.
617 2720 746 2787 Scilicet
761 2743 829 2786 non
844 2722 978 2808 dolore,
1000 2750 1063 2793 nec
1077 2752 1137 2794 cu.

78 2826 219 2915 «pidirate
236 2829 391 2908 ultionis,
410 2825 468 2891 sed
489 2845 547 2914 spe
563 2838 597 2887 et
610 2816 772 2887 desiderio
787 2824 961 2913 regnandi,
979 2828 1140 2917 impetum

79 2930 126 2993 «in
140 2930 243 3020 leges,
262 2931 298 2994 in
314 2950 440 3007 mores,
457 2926 492 2989 in
509 2922 624 3013 populi
637 2923 765 2989 romani
778 2922 832 3002 jus
848 2924 1140 3015 auctoritatemque

79 3031 219 3096 ¹lenisse:
237 3052 399 3119 quorsum
415 3028 503 3091 enim
518 3025 594 3089 alias
610 3023 813 3087 tribunitiam
827 3046 978 3089 coercere
993 3044 1140 3115 potesta·

79 3148 155 3197 «rem
164 3134 277 3215 vellet,
292 3132 355 3197 nisi
372 3146 410 3194 ut
426 3128 528 3217 ipsam
539 3125 707 3191 invaderet
715 3148 824 3189 arcem
833 3124 1011 3192 libertatis?
1025 3130 1140 3197 Ferme

79 3234 405 3325 ¹q1udringentorum
425 3248 588 3293 annorum
611 3225 840 3315 experimentis
861 3248 931 3291 esse
949 3229 1139 3319 cognitum,

79 3334 292 3400 aribannum
309 3332 413 3421 plebis
428 3330 520 3419 qrrasi
535 3326 714 3394 Palladium
732 3328 847 3417 populi
863 3350 953 3412 esse,
975 3354 1043 3419 quo
1059 3334 1138 3399 sub·

29 3366 33 3479 l
78 3434 170 3511 «tato,
184 3436 321 3500 interire
335 3434 461 3521 ipsum,
477 3446 534 3494 aut
551 3444 639 3494 certe
655 3430 792 3511 servire,
808 3452 978 3496 necessum
995 3436 1045 3501 sit.
1056 3466 1071 3492 s

113 3535 328 3603 XXXIILEx
339 3532 478 3613 diverso,
495 3552 562 3594 non
577 3528 671 3593 amici
686 3528 786 3594 modo
801 3530 908 3615 suite,
924 3533 983 3598 sed
996 3537 1054 3624 qui
1069 3560 1139 3603 om·

79 3635 147 3699 nino
164 3638 311 3724 quietem
329 3656 367 3699 ac
384 3654 496 3723 pacem
515 3631 682 3713 amabant,
697 3631 916 3718 tribunonrm,
932 3638 1083 3703 omnium
1101 3641 1138 3704 in

79 3734 155 3801 Urbe
164 3736 366 3802 seditionum
377 3734 508 3799 unicam
517 3733 695 3823 originem,
705 3748 793 3796 recte
801 3750 900 3824 atque
908 3736 1024 3802 ordine
1032 3741 1137 3819 justos

78 3834 150 3899 intra
169 3837 252 3902 fines
270 3836 453 3903 cohibitum
473 3832 707 3899 asseverabant.
722 3832 859 3922 «Neque
870 3836 991 3901 Sullam
1002 3840 1141 3903 antsine

79 3960 199 4021 «musa,
208 3956 268 4003 aut
283 3938 370 4001 ultra
385 3934 540 4018 modum,
551 3950 609 4000 aut
620 3950 789 4024 postremo
802 3938 910 4002 solum
920 3938 1050 4021 fecisse,
1066 3962 1140 4027 quse

31 4024 33 4090 l
79 4037 210 4103 decent.
231 4038 410 4104 Hominem
425 4036 535 4103 sociali
552 4036 639 4101 bello
657 4035 699 4102 de
717 4036 882 4127 republiea
898 4041 1022 4128 optime
1039 4041 1139 4104 meri·

921 4148 943 4221 3
