2875 4900
300 403 352 474 m
385 405 496 471 noc,
522 401 612 470 mu.
640 401 726 470 cxi
756 401 969 471 mvranr.
1094 401 1162 495 733

102 527 172 590 hoec
184 541 366 590 transverso
381 523 464 585 vallo
480 520 660 585 secundum
675 542 763 584 mare
781 520 978 607 conjungere
996 521 1099 582 Caesar
1115 520 1164 582 in-

103 626 258 689 stituerat.

147 725 278 790 XLVII.
304 722 367 788 Sed
391 743 435 787 ete
457 723 673 804 munitiones,
698 723 838 810 spatium
860 720 1041 785 octodecim
1064 722 1165 784 ferme

104 826 240 890 millium
259 824 451 911 complexe,
475 823 518 886 ob
536 822 793 913 magnitudinem
812 823 919 910 operis
935 822 1056 886 absolui
1078 843 1165 884 nou·

104 927 183 994 dum
201 940 384 1015 potuerant.
408 923 515 988 Prima
533 926 605 988 luce
628 947 661 988 se
684 923 899 988 ostenderunt
917 922 1105 1011 Pompeiani
1123 921 1164 986 ad

103 1027 266 1106 objectum
292 1025 402 1088 castris
428 1024 494 1088 suis
518 1025 654 1105 vallum3
674 1025 772 1088 simul
796 1025 933 1104 navibus
956 1023 1166 1088 circumvecti

104 1127 222 1190 milites
241 1127 377 1190 alterum
398 1126 537 1214 aggressi
560 1140 657 1189 sunt:
677 1139 807 1190 strenue
829 1149 899 1190 rem
923 1125 1053 1212 utrique
1076 1145 1165 1212 gere·

104 1228 200 1309 bant,
225 1228 325 1291 fossas
350 1227 555 1315 complebant
580 1247 712 1314 aggere,
738 1225 830 1289 scalis
853 1227 992 1292 admotis
1015 1247 1165 1313 superare

103 1329 222 1392 vallum
248 1326 465 1407 conabantur,
483 1326 636 1390 adversus
658 1325 742 1389 ictus
766 1325 928 1414 lapidum,
948 1324 1039 1413 quod
1059 1347 1163 1388 unum

104 1429 238 1492 Iulianis
254 1429 354 1492 telum
369 1443 454 1508 erat,
474 1426 622 1491 vimineis
642 1428 804 1517 galearum
824 1428 1017 1516 tegminibus
1038 1428 1165 1491 muniti.

104 1530 261 1594 Lentulus
274 1529 479 1593 Marcellinus
496 1543 650 1615 quaestor,
674 1551 751 1592 cum
766 1527 893 1617 legione
910 1549 1015 1609 nona,
1035 1528 1096 1592 hac
1111 1549 1165 1593 ca·

105 1647 247 1692 strorum
259 1643 349 1716 parte
362 1628 504 1692 curabat.
520 1629 571 1692 Ab
585 1629 648 1692 hoc
662 1629 783 1692 auxilio
796 1628 899 1691 missae
912 1627 1063 1692 cohortes
1076 1645 1166 1693 metu

105 1729 299 1819 fugientium
323 1751 388 1791 una
409 1728 521 1792 ablatae
545 1729 840 1792 consternationem
863 1726 1051 1814 clademque
1069 1749 1167 1818 auge-

106 1831 193 1894 bant.
213 1829 310 1894 Foeda
328 1829 372 1893 ibi
395 1828 496 1894 caedes
520 1845 553 1894 et
576 1832 650 1918 l'uga
672 1829 751 1910 fuit,
775 1830 912 1918 graviter
934 1829 1079 1918 impulsis
1099 1833 1167 1893 Cae·

105 1929 247 1993 sarianis.
266 1929 383 2016 Aquila
397 1951 530 2017 quoque
544 1929 679 2019 legionis
697 1945 825 1993 tantum
843 1951 910 1992 non
926 1929 959 1991 in
976 1943 1166 2016 potestatem

106 2029 251 2093 hostium
266 2029 366 2093 venit.

150 2131 295 2194 XLVIII.
311 2130 374 2194 Sed
389 2131 547 2218 aquilifer,
561 2133 649 2221 gravi
667 2132 803 2196 vulnere
817 2130 967 2205 allectus,
986 2152 1057 2194 eam
1073 2133 1167 2218 eqni·

105 2230 193 2295 tibus
212 2230 295 2293 sorte
314 2231 621 2318 praetervehentibus
640 2232 799 2296 restituit:
815 2232 857 2295 ab
878 2231 929 2294 his
949 2230 992 2294 ad
1008 2231 1165 2295 Caesarem

106 2333 202 2398 relata
227 2348 284 2396 est.
308 2334 379 2396 Iam
403 2349 436 2395 et
459 2317 561 2396 castra
584 2332 771 2397 Marcellini·
785 2334 890 2396 vietor
913 2332 1060 2419 petebat,
1079 2333 1168 2396 haud

106 2433 209 2497 dubio
223 2435 419 2521 reliquarum
433 2435 501 2514 ejus
515 2435 698 2500 cohortium
711 2435 826 2517 exitio,
838 2458 941 2523 quum
954 2460 992 2500 ex
1002 2434 1169 2524 superiore

106 2537 180 2599 loco
204 2552 399 2625 conspectus
423 2558 498 2600 cum
524 2537 716 2602 cohortibus
741 2537 915 2602 duodecim
942 2538 988 2603 Μ.
1007 2539 1169 2602 Antonius

106 2636 265 2701 deterruit
289 2637 434 2717 hostem,
464 2639 689 2725 exercitusque
719 2662 868 2727 magnam
898 2655 1021 2726 partem
1051 2639 1169 2703 iterum

106 2738 253 2802 servavit.
269 2740 386 2825 Neque
403 2739 507 2803 multo
523 2755 598 2827 post
610 2742 725 2821 Caesar,
741 2740 835 2804 fumo
852 2740 1037 2805 admonitus
1053 2740 1169 2829 (quem

107 2840 252 2920 excitari,
275 2840 301 2901 si
327 2862 390 2927 qua
413 2856 502 2929 parte
524 2856 708 2928 erumperet
729 2842 846 2923 hostis,
864 2841 1074 2930 praeceperat)
1094 2864 1169 2904 cum

106 2940 233 3026 aliquot
246 2940 438 3005 cohortibus
453 2942 601 3005 accurrit.
618 2940 682 3007 Sed
696 2941 761 3021 jam
781 2941 918 3022 disjectae
934 2964 952 3005 a
965 2942 1171 3029 Pompeianis

108 3041 307 3104 rnunitiones
326 3056 437 3123 erant3
457 3042 544 3128 iique
562 3058 676 3106 contra
693 3064 781 3105 mare
795 3042 887 3129 (quae
899 3043 980 3105 ratio
997 3042 1175 3130 pabulatio·

107 3240 230 3327 stabat)
258 3256 359 3305 castra
381 3243 593 3329 protulerant.
623 3244 727 3332 Igitur
753 3245 814 3308 hac
837 3261 927 3332 parte
949 3243 1031 3318 nihil
1057 3244 1173 3308 tentari

108 3364 203 3429 posse
221 3364 375 3422 cernens,
394 3358 432 3404 ut
448 3356 554 3405 tamen
576 3344 686 3430 aliquo
702 3344 899 3408 detrimento
917 3344 1044 3407 hostem
1062 3358 1175 3406 contra
1246 3427 1249 3433 Ι

108 3442 267 3524 afficeret,
287 3442 447 3531 legionem
465 3442 709 3524 animadvertit,
727 3466 799 3530 quae
822 3446 905 3506 forte
923 3444 1092 3530 Torquato
1111 3442 1174 3506 du·

109 3558 202 3607 cente
225 3544 258 3606 in
284 3558 387 3606 castra
412 3540 558 3629 quaedam
581 3565 681 3606 vacua
707 3544 968 3609 transferebatur.
992 3544 1076 3607 Nam
1099 3560 1176 3607 ante

106 3644 371 3730 aliquammultos
388 3642 456 3707 dics
475 3665 514 3708 eo
532 3644 605 3707 loco
621 3644 753 3707 Caesaris
769 3667 856 3709 nona
874 3646 958 3734 legio
976 3644 1174 3726 tetenderat,

109 3760 235 3831 postea,
254 3760 399 3809 mutante
415 3744 587 3808 consilium
602 3745 744 3825 caure,
763 3742 901 3809 deducta
916 3744 994 3809 inde
1007 3761 1091 3826 erat,
1107 3746 1177 3809 reli·

110 3846 169 3907 ctis
188 3846 321 3935 integris
342 3845 589 3909 munitionibus.

145 4006 161 4071 S
170 4009 260 4056 xtv1.
269 4009 331 4057 (ἔως.
341 4035 375 4045 -
385 4007 443 4057 Dio.
452 4034 487 4045 -
497 4008 559 4056 Plut.
570 4008 595 4055 ln
606 4011 694 4073 Pomp.
703 4020 729 4056 et
739 4009 800 4058 Caes.
806 4008 904 4058 -velt
914 4012 948 4066 11,
956 4010 971 4056 5
977 4026 1040 4056 t.—
1047 4010 1100 4057 niv.
1111 4009 1177 4074 Epit.

108 4116 145 4129 -
159 4090 266 4154 Appian.
280 4118 315 4128 -·
326 4092 398 4139 Oros.
414 4088 478 4155 -§
497 4092 599 4139 xtv11.
611 4093 719 4157 Appiau.
729 4119 762 4129 -
776 4093 839 4141 (ζει.
854 4120 889 4129 -
908 4092 924 4159 §
943 4094 1061 4142 xtvm.
1071 4094 1133 4143 I’lut.
1153 4094 1179 4142 itt

111 4176 207 4223 Anton.
219 4188 274 4240 cap.
287 4190 327 4222 rr.
340 4200 375 4211 -
385 4176 447 4225 Cu.
459 4201 494 4212 —
506 4174 578 4222 Oros.
593 4201 627 4211 —-
642 4178 732 4223 Lucan.
