2875 4900
1147 86 1157 121 t
1278 116 1284 133 .

295 392 364 465 502
462 397 531 463 JO.
555 396 898 465 FREINSIIEMII
911 454 915 459 .
928 395 1177 467 SUPPLEM.

291 533 406 599 essent,
423 532 544 583 rectene
560 518 631 581 lata
645 520 774 581 essent?
788 519 916 581 Interea
927 519 1044 599 Cesar,
1060 518 1117 605 qni
1130 514 1281 606 proficisci
1291 538 1339 581 no·

290 621 413 702 luerat,
427 619 533 684 donec
551 618 738 706 relegatosa
750 618 914 705 republica
931 618 1120 682 Ciceronem
1136 620 1340 707 Catonemque

292 720 442 802 vidisset,
458 719 590 785 alterins
607 718 797 807 ingenium,
817 720 948 784 alterius
965 718 1130 801 animum,
1144 741 1210 783 non
1220 720 1340 800 frende,

293 844 361 885 non
374 822 407 885 vi
425 819 634 912 superabilis,
652 836 822 905 metuens,
838 820 900 885 sub
911 820 1041 886 initium
1054 820 1161 910 aprilis
1176 822 1209 885 in
1223 822 1340 910 provin·

291 924 374 988 ciam
392 923 441 987 iit.

334 1023 514 1089 CXXVIII.
535 1022 739 1087 Pacatissime
758 1022 803 1087 ibi
818 1039 910 1088 erant
926 1023 1054 1104 omnia,
1070 1022 1205 1087 minime
1222 1044 1261 1087 ex
1273 1038 1341 1087 roto

292 1124 444 1208 Cessatis,-
459 1124 516 1213 qui
535 1123 635 1188 rebus
654 1124 813 1207 turbatis,
830 1146 870 1189 ex
886 1122 1051 1189 ditissimis
1065 1124 1251 1190 nationibus
1269 1146 1342 1211 pre·

290 1224 381 1308 dam,
399 1240 432 1289 et
453 1224 494 1290 de
514 1225 761 1315 pugnacissimis
783 1226 950 1293 materiam
969 1223 1212 1315 triumphorum
1231 1246 1342 1313 quere-

289 1328 355 1393 bat.
373 1327 478 1420 Igitur
490 1325 532 1391 de
545 1342 639 1390 motu
655 1326 986 1393 Helvetiorumuaenn
1003 1325 1145 1409 audivit,
1164 1326 1222 1415 qui
1234 1326 1274 1391 ab
1287 1326 1343 1389 Or·

289 1427 434 1516 getorige
449 1426 596 1516 principe
611 1427 717 1516 gentis
731 1427 872 1511 incitati,
887 1429 1093 1516 quanquam,
1110 1428 1166 1493 illo
1181 1427 1342 1509 defuncto,

235 1594 239 1605 ,
288 1527 472 1609 consilium,
486 1527 579 1607 cujus
591 1544 758 1592 auctorem
770 1528 1011 1612 damnaverant,
1021 1530 1202 1619 exsequuti,
1215 1528 1343 1595 incensis

289 1627 421 1693 sedibus
437 1630 520 1711 suis,
538 1630 615 1695 alias
637 1632 810 1719 quesitum
828 1631 869 1697 ad
889 1632 990 1721 ripam
1007 1630 1157 1700 Rhodani
1175 1628 1341 1696 contende·

288 1730 378 1796 bant.
397 1732 457 1796 llis
476 1734 581 1797 Caesar
594 1732 729 1817 auditis,
747 1748 837 1798 tanta
853 1734 1060 1801 festinatione
1079 1734 1202 1823 peregit
1222 1734 1296 1815 iter,
1311 1744 1343 1793 ut

289 1847 405 1896 octavo
424 1831 496 1915 die,
521 1856 619 1921 quam
640 1850 710 1899 erat
729 1834 770 1899 ab
789 1835 878 1900 Urbe
895 1836 1079 1925 proiectus,
1098 1834 1140 1899 ad
1156 1834 1341 1899 Rhodanum

287 1930 410 1998 flumen
428 1936 611 2022 perveniret
625 1959 634 2000 t
648 1936 741 2016 cujus
758 1936 900 2002 adventu
915 1937 1066 2026 cognito,
1085 1936 1206 2025 legatos
1217 1932 1342 2001 llelretii

288 2034 425 2099 mittunt
439 2036 578 2123 petitum
592 2085 601 2117 ‚
619 2052 659 2099 ut
673 2036 735 2101 sibi
752 2058 810 2125 per
823 2037 1022 2127 provinciam
1039 2036 1139 2101 eundi
1159 2036 1287 2127 copiam
1301 2034 1341 2099 ls—

288 2136 368 2216 ciat,
386 2137 457 2200 sine
470 2136 627 2201 maleficio
643 2140 836 2204 transituris.

330 2236 479 2303 CXXIX.
502 2239 623 2319 Cacsar,
649 2240 743 2327 quasi
767 2239 1062 2317 deliberabundus,
1090 2240 1207 2305 reverti
1234 2240 1342 2329 legatos

288 2360 316 2400 o.
336 2336 369 2401 d.
386 2334 460 2401 idus
476 2338 590 2425 apriles
604 2340 699 2418 jubet
716 2363 725 2405 ε
742 2341 873 2409 interim
889 2342 1053 2407 contrahit
1072 2357 1205 2407 strenue
1225 2342 1341 2429 copias,

286 2439 460 2528 provinciae
478 2440 592 2506 indicit
610 2440 791 2525 delectum,
816 2467 947 2508 murum
967 2444 1152 2530 fossamque
1167 2467 1186 2507 a
1202 2442 1274 2509 lacu
1290 2442 1342 2506 Le-

288 2563 385 2606 mano
410 2541 453 2606 ad
473 2560 619 2608 montem
638 2546 747 2609 Jurarn
766 2545 875 2628 ducit,
896 2569 964 2634 quo
985 2545 1137 2620 Helvetiis
1155 2545 1342 2610 Rhodanum

287 2641 329 2705 ad
340 2643 505 2707 Genevarn
518 2646 752 2710 transmissuris
764 2647 825 2710 iter
835 2646 1055 2735 praecluderet.
1067 2647 1172 2736 Igitur
1182 2647 1239 2730 illi,
1252 2665 1342 2734 quun

287 2763 323 2805 se
340 2741 469 2808 delusos
482 2745 719 2835 intelligerent,
733 2748 844 2810 etnim
858 2763 1019 2812 tentantes
1034 2748 1284 2836 repellerentur,
1294 2766 1343 2836 per

287 2843 454 2931 Sequanos
468 2861 501 2908 et
511 2844 637 2911 AEdum
650 2847 685 2910 in
698 2849 880 2912 Santonum
893 2849 973 2914 fines
985 2864 1153 2937 penetrare
1167 2849 1342 2914 instituunt.

287 2945 360 3008 lloc
379 2944 594 3032 impediturus
611 2949 736 3030 Caesar,
755 2951 793 3014 Τ.
817 2950 960 3014 Labieno
980 2950 1083 3039 legato
1106 2949 1342 3027 eimnnidnni,

287 3067 385 3132 quam
404 3045 445 3108 ad
459 3047 656 3112 Rhodanum
673 3051 808 3131 feceret,
827 3051 997 3139 imposito,
1016 3052 1163 3116 celeriter
1180 3052 1216 3116 in
1230 3053 1343 3118 Italiam

285 3171 467 3238 regressus,
481 3149 562 3216 duas
581 3152 724 3240 legiones
738 3174 837 3217 novas
853 3154 1047 3236 conscribit,
1062 3175 1181 3242 easque
1198 3177 1276 3220 cunr
1293 3153 1344 3218 tn'·

286 3250 368 3332 bus,
385 3273 458 3338 quae
475 3253 559 3317 circa
579 3252 761 3340 Aquileiam
778 3253 984 3334 hiemabant,
1005 3277 1064 3342 per
1082 3255 1179 3342 Alpes
1197 3279 1267 3320 non
1282 3255 1344 3318 sine

285 3353 463 3416 certamine
475 3353 658 3418 transduxit
670 3355 704 3418 in
725 3355 871 3420 Galliam.

330 3452 463 3517 CXXX.
482 3455 571 3524 Inter
583 3455 653 3518 haec
668 3455 825 3538 Helvetii,
841 3456 1025 3521 AEduomm
1040 3479 1133 3548 agros
1146 3456 1343 3546 populando,

286 3569 463 3641 coegerunt
484 3555 575 3636 illos,
597 3556 857 3644 Ambarrosque,
877 3574 910 3622 et
926 3557 1159 3648 Allobrogum,
1176 3581 1250 3646 quae
1265 3576 1344 3622 tinas

284 3653 483 3718 Rhodanum
496 3657 641 3738 colebat,
654 3673 797 3746 portem,
815 3659 971 3736 auxilium
984 3682 1002 3723 a
1015 3661 1137 3724 Cessare
1149 3673 1270 3747 petere.
1284 3659 1344 3723 Nec

285 3755 401 3826 abnuit
412 3755 480 3837 iile,
496 3781 562 3844 quo
577 3759 685 3846 potius
697 3759 749 3823 his
761 3760 855 3824 sociis
870 3760 992 3824 bellum
1004 3759 1157 3824 adversus
1169 3759 1343 3837 Helvetios,

319 3979 335 4041 ς
351 3977 480 4026 CXXVII.
497 3979 588 4024 Ancon.
598 3977 625 4024 in
637 3979 692 4027 Mil.
707 4005 742 4016 -·
755 3979 808 4028 Cic.
824 3995 872 4044 pro
885 3979 976 4039 domo,
989 3997 1044 4046 cap.
1062 3982 1107 4040 15,
1123 3992 1149 4030 et
1162 3981 1193 4030 de
1206 3983 1264 4030 ller.
1276 3983 1342 4043 Μ

282 4077 338 4124 cap.
352 4063 394 4112 a3.
411 4087 448 4098 ·-
464 4059 569 4110 Plotio
580 4061 641 4110 Cet.
661 4089 697 4124 -,
716 4062 894 4128 §CXXVIII
907 4065 969 4114 Caee.
983 4063 1013 4112 de
1028 4065 1055 4114 tt.
1072 4065 1138 4126 (icil.
1151 4066 1172 4113 1.
1193 4091 1226 4102 -
1242 4063 1299 4112 Dio.
1312 4087 1342 4098 -

284 4145 385 4220 Sueten.
400 4173 434 4212 7
445 4145 554 4211 Appien.
565 4146 652 4198 CeltIc.
659 4175 695 4198 -·.·
705 4149 832 4209 omem,
849 4167 873 4212 7.
884 4175 918 4188 -
928 4151 982 4200 ttv.
994 4150 1061 4216 Epit.
1071 4179 1106 4190 -·
1116 4152 1182 4202 flor.
1191 4153 1246 4214 111,
1259 4165 1295 4200 to.
