2875 4900
287 399 361 470 310
460 393 894 470 10.FREINsnEM11
924 402 1170 470 SUPPLEM.

287 523 406 609 aliique
417 521 536 603 duces,
548 522 650 585 veluti
666 521 796 586 ferasin
814 522 982 586 montibus
998 537 1031 585 et
1048 522 1133 585 silvis
1151 520 1358 610 indagando,

287 626 461 712 plerosque
469 646 583 687 ornnes
593 638 650 686 aut
660 624 983 703 interemerunt,aut
992 621 1209 709 abripuerunt
1217 623 1357 688 vinctos.

288 727 384 788 Unus
394 726 429 788 in
440 747 520 813 agro
531 725 649 788 lucano
662 725 866 806 constiterat,
876 745 996 812 gnarus
1005 723 1084 804 loci,
1098 723 1232 786 nomine
1243 724 1358 787 Publi·
1405 775 1406 786 ,

287 847 374 912 por:
390 824 432 889 ad
452 825 542 888 bunc
561 847 678 912 magna
695 847 812 890 manus
832 826 1044 913 fugitivorum
1060 847 1095 888 se
1111 842 1358 915 aggregaverat,

288 941 328 989 ut
340 927 487 1013 quinque
501 926 630 990 circiter
644 927 819 991 hominum
835 927 935 990 millia
950 943 1068 992 essent.

332 1028 425 1091 XIII.
444 1025 508 1090 Sed
521 1028 582 1090 bos
598 1028 773 1116 Pompeius
786 1029 938 1110 obtrivit,
954 1031 1039 1093 forte
1054 1051 1129 1092 cum
1145 1029 1294 1093 exercitu
1309 1051 1359 1093 su·

289 1129 498 1216 perveniens,
519 1128 710 1217 scripsitque
723 1131 849 1194 senatui
858 1177 867 1210 ,
867 1127 966 1217 fissos
982 1153 1006 1190 a
1027 1125 1321 1216 Crassofitgr'tivos‚
1338 1153 1359 1192 a

288 1253 322 1292 se
340 1229 461 1293 radices
483 1231 607 1293 excisas
627 1253 691 1294 esse
712 1231 796 1296 belli.
823 1233 871 1296 Ita
893 1231 1025 1296 tandem
1047 1231 1128 1296 illud
1152 1231 1359 1296 formidabile

290 1331 366 1394 belli
385 1332 508 1396 servilis
525 1332 735 1415 incendium,
761 1335 866 1398 multo
890 1335 1046 1423 utrinque
1062 1334 1221 1424 sanguine
1240 1335 1357 1400 restin-

290 1450 380 1496 ctum
396 1449 468 1499 est:
490 1435 654 1524 sexaginta
676 1435 776 1499 millia
801 1436 1013 1524 fugitivorum
1034 1459 1111 1500 cum
1135 1435 1309 1524 Spartaco,
1328 1451 1359 1498 et

289 1550 364 1622 post
386 1535 479 1598 illum
503 1557 583 1599 ooesa
600 1552 698 1618 sunt3
716 1555 809 1626 capte
831 1559 887 1601 sex
902 1537 1019 1620 millia,
1035 1559 1119 1624 quos
1136 1537 1277 1602 victores
1294 1553 1357 1600 tota

289 1637 360 1718 ria,
384 1660 457 1724 quae
476 1639 613 1701 Romam
636 1661 655 1701 a
673 1641 783 1727 Capua
799 1638 908 1721 ducit,
930 1639 1092 1726 dispositis
1113 1638 1268 1702 crucibus
1288 1637 1357 1701 afli-

289 1755 419 1804 xerunt.
432 1740 588 1820 Crassus,
603 1755 729 1804 sextum
741 1740 826 1804 intra
838 1762 984 1804 mensem
1000 1741 1089 1804 ltalia
1100 1739 1197 1803 tantis
1212 1738 1358 1802 cladibus

291 1855 446 1927 metuque
459 1839 610 1922 liberata,
625 1843 692 1920 jam
708 1863 743 1904 se
758 1863 824 1905 non
845 1842 1003 1929 imparem
1022 1841 1171 1928 Pompeii
1185 1840 1297 1929 gloria
1312 1841 1358 1904 fe·

289 1940 399 2021 rebat,
412 1961 452 2004 ex
462 1956 621 2028 pratum,
638 1941 734 2005 sicuti
751 1965 809 2030 per
823 1942 927 2030 legem
941 1943 1122 2006 Corneliam
1134 1941 1271 2022 licebat,
1285 1964 1359 2005 con·

291 2043 433 2105 stdatum
453 2043 637 2130 petiturus,
659 2043 872 2131 competitore
893 2044 1071 2131 Pompeio,
1094 2063 1283 2130 quanquam
1306 2042 1359 2104 bic

289 2142 419 2206 nullum
431 2157 507 2206 ante
518 2144 740 2232 magistratum
756 2161 912 2231 gesserat,
925 2166 1034 2231 neque
1043 2144 1218 2233 legitimam
1233 2159 1356 2206 aetatem

290 2242 447 2326 habebat,
455 2242 514 2307 sed
522 2244 747 2332 magnitudine
757 2266 868 2308 rerum
879 2261 1060 2334 gestarum,
1071 2260 1103 2308 et
1110 2243 1221 2308 favore
1229 2244 1358 2332 populi,

291 2345 336 2408 ob
357 2346 421 2408 boc
437 2366 570 2432 quoque
586 2343 808 2433 flagrantiore,
826 2345 917 2434 quod
932 2345 1022 2409 haud
1038 2344 1176 2408 obscure
1192 2365 1228 2407 se
1245 2358 1358 2408 aucto·

291 2467 361 2508 rem
376 2445 584 2510 restituendae
599 2446 776 2511 tribunitiae
795 2445 961 2535 potestatis
977 2444 1200 2534 profitebatur.
1220 2443 1290 2510 Nec
1308 2444 1359 2508 ille

293 2547 412 2611 civium
425 2548 655 2636 exspectationi
666 2547 786 2631 defuit,
797 2550 875 2637 quin
891 2548 997 2612 statim
1012 2570 1051 2611 eo
1065 2546 1106 2611 de
1117 2548 1249 2635 negotio
1262 2547 1358 2610 verba

294 2649 430 2731 faceret,
448 2672 552 2736 quum
569 2650 709 2738 prImam
730 2650 924 2716 concionem
940 2647 981 2713 ad
998 2648 1121 2713 Urbem
1143 2648 1260 2711 consul
1275 2647 1359 2712 desi·

292 2764 409 2839 gnatus
424 2750 549 2813 habuit.

336 2851 424 2916 XIV.
439 2850 503 2914 Sed
514 2851 593 2914 lruic
603 2849 811 2914 destinationi
822 2852 1021 2939 complures,
1030 2851 1181 2937 interque
1193 2870 1249 2913 eos
1259 2850 1359 2913 homo

293 2952 549 3041 sapientissimus
564 2967 661 3038 atque
677 2952 911 3039 amplissimus,
930 2951 971 3034 Q.
986 2948 1361 3032 Catulus,adversaban·

291 3068 358 3119 tur.
376 3056 466 3118 Inter
479 3054 549 3119 haec
570 3052 612 3117 de
626 3054 672 3119 Μ.
690 3054 835 3135 Antonio
855 3054 962 3117 tristes
981 3052 1088 3116 nuntii
1108 3069 1288 3133 venerrmt,
1304 3052 1359 3139 qui

291 3172 367 3244 post
382 3156 521 3220 Siciliam
536 3157 733 3243 Graecosque
746 3156 892 3220 asiaticos
906 3155 1017 3221 studio
1033 3154 1177 3219 donandi
1195 3155 1358 3244 rapiendi·

293 3280 374 3344 que,
392 3258 426 3321 in
444 3274 587 3345 utroque
602 3257 813 3340 immodicus,
830 3257 1042 3346 despoliatos,
1060 3256 1271 3321 Cretensibus
1290 3257 1358 3320 bel·

291 3358 362 3421 lum
379 3359 541 3422 intulerat.
562 3360 688 3423 Favisse
707 3358 889 3423 Mithridati
903 3360 1112 3440 videbantur,
1126 3360 1304 3447 permisso,
1323 3374 1360 3421 ut

292 3457 417 3523 bellum
443 3460 599 3524 Romanis
625 3460 755 3523 facienti
781 3461 935 3541 juventus
964 3484 1022 3525 sua
1049 3462 1209 3526 militaret.
1238 3462 1358 3525 Piratas

293 3558 410 3642 etiam,
433 3558 725 3624 mithridatieamm
751 3563 893 3650 partium
919 3585 1042 3652 genus,
1064 3586 1167 3650 quum
1187 3585 1360 3651 perseque-

293 3675 383 3725 retur
399 3682 455 3725 eos
476 3662 658 3742 Antonius,
680 3678 790 3750 aperte
805 3662 1035 3745 defenderant,
1054 3662 1194 3728 dimissis
1209 3687 1286 3728 cum
1304 3686 1359 3728 su·

293 3762 397 3850 perbo
414 3784 572 3850 responso
593 3763 725 3851 legatis,
742 3786 826 3853 quos
849 3786 885 3829 ea
908 3765 950 3829 de
970 3786 1005 3830 re
1029 3781 1182 3853 questum
1197 3764 1359 3831 Antonius

292 3865 434 3929 miserat.
450 3865 483 3929 Is
503 3866 665 3929 Antonius
681 3865 764 3931 filius
779 3868 824 3931 Μ.
840 3868 973 3931 Antonii
992 3868 1129 3931 oratoris
1145 3883 1233 3947 erat,
1254 3866 1358 3931 claris·

327 4075 344 4141 s
355 4077 416 4127 111.
427 4076 526 4125 sallum.
537 4078 590 4135 111,
604 4094 625 4127 1.
640 4106 675 4115 -
687 4079 795 4143 Appius.
804 4106 840 4116 -
851 4080 923 4128 Oros.
934 4108 968 4116 -
978 4079 1042 4129 l'lut.
1056 4080 1083 4129 in
1091 4074 1181 4130 Cruso
1190 4092 1216 4130 ct
1225 4082 1311 4147 Pomp.
1323 4104 1357 4116 --

292 4159 388 4224 §xlm
400 4162 475 4209 Oros.
485 4183 521 4199 -·
531 4162 639 4227 Appian-
647 4190 683 4200 -
693 4161 746 4212 cte.
757 4163 813 4212 Aet.
823 4166 848 4221 l,
859 4164 885 4211 in
894 4165 964 4211 Verr.
977 4180 1029 4228 cap.
1045 4162 1084 4224 15,
1098 4174 1122 4212 et
1131 4164 1166 4213 ibi
1176 4168 1270 4213 Arcem
