2875 4900
234 354 344 442 stt
396 426 402 439 ,
446 359 887 429 'JO.FRE1NSHEMlI
916 360 1161 429 SUPPLEM.

274 502 346 567 qun
356 479 548 568 Pompeium
558 493 591 543 et
602 479 774 567 optimates
783 481 950 543 offensura
958 494 1068 559 erant,
1079 478 1342 568 progrederetur,

274 598 428 667 tanquam
442 596 630 645 neutrarum
646 581 812 667 partium,
828 597 861 645 et
876 580 1033 645 libertatis
1046 580 1229 645 custodiam
1238 582 1342 645 cuivis

272 680 380 769 gratio
395 696 606 769 anteponens.
628 680 697 745 Nec
716 702 757 744 eo
777 681 888 745 animo
907 682 966 745 ista
986 682 1209 769 proponebat,
1229 699 1270 746 ut
1284 682 1342 747 de·

272 798 397 846 eretum
413 782 452 845 iri
468 798 629 870 speraret,
650 798 707 845 aut
729 782 867 845 omnino
888 797 1024 870 cuperet
1040 781 1192 865 decerni;
1210 782 1270 847 sed
1291 782 1340 849 bis

272 885 414 973 negatis,
429 906 505 948 ansa
523 882 661 948 dabatur
678 884 727 966 ei,
747 900 781 948 et
798 906 871 971 quae
884 901 997 948 conua
1010 886 1168 949 Caesarern
1180 884 1339 972 paraban-

150 1023 156 1039 ·
270 1000 341 1066 tur,
360 986 438 1049 citra
458 985 675 1074 suspicionem
694 982 905 1073 impediendi.
930 985 1035 1074 Igitur
1051 985 1102 1049 bis
1118 986 1339 1050 contentioni·

270 1085 332 1150 bus
344 1108 447 1173 quum
463 1085 617 1174 temporis
632 1086 833 1173 permultum
846 1102 929 1151 esset
939 1103 1192 1175 consumptum,
1204 1087 1339 1176 indigne

269 1208 305 1249 se
317 1186 352 1250 id
364 1188 447 1251 ferre
463 1186 638 1268 simulans,
652 1200 690 1251 ut
703 1187 952 1252 intercalaretur
959 1188 1127 1276 postulare
1141 1188 1259 1277 ooepit,
1273 1206 1339 1253 tan·

270 1307 367 1373 quant
381 1286 486 1374 spatio
501 1286 650 1377 indigens
667 1284 709 1351 ad
723 1286 916 1376 perferenda
930 1310 1003 1376 qaroe
1017 1289 1123 1353 vellet.

313 1386 353 1451 V.
375 1387 453 1451 Erat
476 1402 586 1452 autem
607 1387 819 1453 intercalandi
841 1388 928 1478 apud
951 1390 1137 1471 Romanos,
1161 1412 1202 1455 ex
1219 1414 1336 1481 magno

267 1504 415 1553 veterum
425 1510 534 1553 errore
546 1489 580 1553 in
591 1512 678 1554 anno
689 1489 920 1555 constituendo
932 1506 1004 1555 orta
1014 1492 1205 1575 necessitas3
1219 1492 1337 1558 deinde

269 1610 315 1653 cx·
331 1588 509 1655 ambitione
529 1605 586 1655 aut
604 1590 788 1681 ignorantia
806 1590 1031 1675 sacerdotum,
1049 1594 1170 1681 quibus
1191 1616 1231 1659 ca
1251 1618 1336 1659 eom·

268 1690 364 1754 missa
377 1714 456 1756 eura
470 1690 593 1774 fuerat,
614 1691 769 1756 mirabilis
783 1692 943 1757 confusio.
961 1692 1076 1775 Quum
1091 1694 1179 1758 enirn
1195 1693 1239 1759 ad
1252 1696 1336 1760 lune

268 1808 400 1855 cursum
422 1791 590 1857 institutus
606 1815 626 1856 a
640 1792 749 1857 Numa
770 1792 933 1881 Pompilio
952 1815 1058 1858 annus
1074 1810 1177 1877 esset,
1196 1796 1265 1861 cito
1281 1820 1335 1885 ap·

268 1894 376 1981 paruit
397 1894 523 1984 legibus
541 1894 685 1958 universi
701 1894 792 1958 bunc
806 1893 956 1959 ordinem
976 1916 1045 1960 non
1064 1918 1263 1986 congruere;
1282 1900 1335 1961 fu·

267 2010 463 2084 tutumque,
475 2012 531 2078 ut,
544 1995 664 2083 quibus
678 1994 847 2059 mensibus
857 1994 975 2059 bruma
987 1996 1117 2078 basset,
1132 1995 1248 2061 iisdem
1261 2013 1335 2085 post

267 2116 370 2160 annos
389 2094 478 2161 baud
500 2096 658 2186 plurimos
677 2095 790 2160 messis
805 2094 1028 2161 esset'futura.
1050 2097 1155 2187 Igitur
1168 2097 1260 2180 dies,
1278 2100 1333 2187 qni

266 2196 309 2262 ad
335 2197 472 2262 solarem
496 2220 620 2263 anuum
647 2196 803 2280 deerant,
826 2197 926 2263 inseri
950 2197 1130 2263 constituto
1151 2198 1219 2280 jam
1246 2222 1333 2263 anno

266 2314 420 2387 oportuit.

310 2402 367 2465 VI.
391 2402 468 2468 Haec
483 2400 617 2468 insertio
632 2400 833 2469 intercalatio
854 2402 1094 2490 appellabatur,
1110 2424 1151 2466 ex
1166 2424 1225 2486 eo,
1242 2403 1332 2492 quod

267 2523 351 2567 nova
366 2503 443 2566 luna
459 2503 624 2590 pontifex,
642 2505 761 2580 calata,
779 2502 845 2568 boc
858 2518 926 2584 est,
942 2520 1072 2585 vocata,
1088 2503 1123 2567 in
1135 2505 1331 2593 Capitolium

265 2603 379 2693 plebe,
394 2619 476 2694 quot
493 2625 631 2668 numero
652 2603 722 2670 dies
740 2604 782 2668 ad
794 2626 897 2670 nonas
908 2620 1134 2692 superessent,
1150 2604 1332 2687 indicabam

267 2703 357 2770 unde
375 2705 472 2770 etiam
497 2704 586 2787 dies,
610 2706 666 2792 qui
690 2705 816 2794 primus
838 2705 1020 2786 celabatur,
1041 2705 1252 2772 kalendarum
1270 2730 1332 2771 no·

265 2827 340 2869 men
355 2805 511 2870 retinuitt
528 2822 561 2869 et
573 2807 731 2892 quoniam
747 2807 886 2870 aliorum
901 2806 1064 2870 mensium
1078 2806 1245 2894 qttintanae
1254 2825 1332 2872 sunt

265 2929 378 2989 nonae,
395 2906 533 2970 aliorum
551 2906 754 2993 septimanae3
770 2906 934 2971 calabatur
949 2929 1026 2970 cum
1043 2906 1108 2971 boc
1125 2906 1330 2993 discrimine,

264 3023 303 3072 ut
318 3030 379 3096 pro
396 3008 522 3072 ratione
538 3008 675 3088 mensis,
692 3023 768 3089 aut,
789 3006 856 3070 dns
873 3022 904 3072 te
925 3009 1060 3096 quinque
1079 3007 1153 3072 calo
1171 3009 1258 3074 Iam
1275 3033 1332 3074 no·

265 3109 362 3191 vella,
378 3125 451 3194 aut,
465 3121 578 3199 septem
587 3109 655 3174 dies
667 3121 698 3173 te
709 3109 782 3174 colo
792 3111 878 3174 Iuno
890 3108 1017 3174 novella
1024 3157 1037 3189 ,
1050 3111 1329 3197 pronuntiaretur.

263 3212 424 3276 Ceterum
447 3233 515 3276 nou
534 3210 668 3300 singulas
686 3210 798 3292 annis,
820 3208 879 3274 aed
898 3231 957 3298 per
976 3209 1128 3274 octennia
1144 3211 1247 3276 moris
1262 3227 1331 3276 erat

256 3311 464 3376 intercalari:
482 3333 587 3399 eaque
606 3311 676 3399 ipsa
698 3333 750 3375 res
770 3309 969 3398 quandoque
982 3325 1116 3398 propter
1130 3313 1331 3399 superstitio-

263 3434 339 3476 nem
362 3413 480 3477 omissa
503 3429 590 3495 erat;
619 3434 857 3500 nonnunquam
882 3435 961 3476 vero
986 3412 1213 3499 intempestive
1236 3437 1330 3478 usur·

262 3529 358 3601 pata,
386 3537 489 3603 quum
517 3513 768 3604 publicanorum
800 3512 970 3603 cupiditati
998 3511 1133 3600 widem
1158 3514 1328 3602 pontifices

261 3615 445 3704 gratificati,
461 3616 705 3705 productiorem
721 3631 779 3680 aut
797 3615 977 3680 breviorem
996 3635 1121 3679 anunm
1138 3637 1180 3680 ex
1197 3616 1327 3681 illorum

260 3716 435 3782 commodo
450 3717 602 3782 lacerent.

305 3819 375 3884 VH.
393 3819 469 3886 Non
487 3819 549 3882 alio
564 3833 674 3882 autem
687 3840 818 3899 meuse,
835 3841 933 3905 quam
948 3817 1133 3900 februario,
1147 3819 1326 3884 intercalari

295 4037 311 4101 S
329 4041 374 4087 tv.
389 4041 442 4091 Cic.
455 4039 487 4090 ad
500 4039 667 4096 tantvm,
683 4039 700 4086 6
716 4049 742 4088 et
759 4042 784 4088 8.
803 4067 838 4077 -
850 4039 958 4104 Appiam
972 4065 1008 4076 -
1020 4039 1079 4088 nto.
1092 4064 1128 4076 —
1143 4037 1203 4104 §V-
1212 4035 1325 4089 unet.

258 4121 1203 4192 sauma,1³.-sv1.voro,det.utit.V.-umt.-1ttu
