2875 4900
309 404 380 475 610
455 389 546 473 so.
574 406 913 474 reatusnerur
946 404 1190 473 suentem

309 543 447 613 sumque
468 524 593 589 casibus
615 548 739 589 annum
753 525 922 615 praesagire
939 524 1133 612 putabatur:
1150 524 1296 613 idemque
1309 530 1355 589 Le

308 625 375 717 pidi
393 627 535 693 tumultu
554 625 721 691 acciderat.
738 625 802 689 Sed
817 626 881 689 hoc
899 640 1047 711 tempore
1062 641 1096 688 et
1110 626 1167 689 alia
1183 646 1354 709 evenerant,

308 750 380 816 quae
397 725 550 807 stolidos,
563 742 595 789 et
610 741 675 789 tarn
692 724 896 808 divinorum,
914 748 1012 813 quam
1029 727 1224 790 naturalium
1237 751 1355 816 operum

311 829 455 911 nescios,
468 826 666 892 territabant.
680 825 774 891 Bubo
785 826 873 891 visus
888 842 976 890 erat:
990 828 1198 891 simulacrum
1211 828 1354 915 quoddam

307 930 417 995 triduo
434 928 591 993 continuo
608 927 794 992 sudaverat:
816 930 867 991 fax
884 927 918 991 in
934 928 1012 992 caelo
1030 952 1049 992 a
1064 928 1199 992 meridie
1216 929 1257 993 ad
1271 931 1356 993 orien-

308 1047 373 1094 tem
391 1042 644 1093 transcurrerat:
663 1029 784 1119 glcbae,
802 1028 944 1117 lapides,
964 1044 1053 1094 testae
1070 1030 1157 1094 inter
1170 1031 1293 1119 pluvias
1304 1034 1354 1094 fre-

307 1146 446 1218 quenter
463 1127 654 1193 ceciderant.

351 1232 454 1295 XVII.
470 1230 598 1295 Crebrae
611 1231 734 1295 interea
745 1254 803 1319 per
813 1230 968 1295 factiones
979 1230 1228 1297 candidatorum
1242 1226 1274 1297 in
1284 1233 1354 1296 Urbe

307 1332 410 1397 caedes
431 1330 631 1415 edebantur3
656 1355 760 1421 quum
785 1350 892 1397 tamen
914 1334 1045 1399 comitia
1067 1358 1134 1399 non
1156 1336 1354 1416 haberentur,

307 1434 382 1498 lieet
396 1434 506 1497 multis
524 1433 728 1498 consulatum
748 1434 944 1521 petentibus.
963 1435 1064 1500 Erant
1078 1436 1164 1499 inter
1180 1437 1354 1526 competito-

307 1558 357 1599 res
369 1535 409 1600 Τ.
424 1534 549 1599 Annius
561 1535 658 1616 Milo,
670 1558 839 1623 perquem
853 1534 888 1600 P.
900 1535 1004 1600 Clodii
1020 1537 1187 1601 audaciam
1201 1540 1354 1627 Pompeius

306 1652 517 1725 represserat,
540 1636 797 1723 Ciceronemque
817 1636 926 1723 patrie
946 1638 1141 1703 restituerat.
1157 1638 1284 1703 Idcirco
1296 1640 1354 1701 Clo

304 1737 395 1821 dius,
410 1737 467 1825 qui
481 1736 632 1802 eumdem
647 1738 679 1799 in
697 1760 819 1801 annum
835 1738 967 1825 petebat
980 1755 1171 1826 praeturam,
1193 1763 1236 1803 ne
1255 1739 1292 1803 ab
1306 1739 1354 1800 ini·

306 1840 390 1902 mico
405 1838 538 1902 consule
554 1852 767 1925 premeretur,
785 1839 819 1902 P.
832 1838 961 1903 Plautio
972 1840 1126 1929 Hypsaeo,
1143 1858 1178 1905 et
1191 1844 1234 1924 Q.
1245 1841 1354 1905 Metello

306 1940 448 2030 Scipioni
474 1956 587 2004 contra
612 1939 770 2003 Milonem
797 1962 924 2005 summe
949 1941 1109 2005 studebat.
1140 1944 1241 2007 Unde
1270 1942 1354 2005 tribus

305 2042 452 2129 quotidie
469 2040 661 2106 exercitibus
680 2040 789 2104 forum
807 2040 1053 2124 obsidentibus,
1074 2044 1196 2107 crebrae
1213 2046 1295 2109 inter
1308 2042 1354 2105 hos

305 2147 422 2232 pugnae
438 2141 742 2222 committebantur,
759 2140 890 2205 audacia
911 2142 1060 2207 omnium
1079 2143 1165 2232 pari,
1189 2145 1284 2209 causa
1302 2165 1354 2206 nie·

306 2244 385 2308 liore
400 2243 541 2309 Milonis.

351 2344 473 2407 XVIII.
497 2330 602 2431 Atque
622 2344 649 2406 is
667 2344 908 2431 quamprimum
924 2345 1055 2408 comitia
1074 2345 1188 2409 haberi
1204 2347 1353 2436 cupiebat,

306 2462 338 2510 et
351 2443 517 2507 bonorum
528 2442 671 2508 conlisus
683 2443 816 2523 studiis,
832 2465 893 2532 pro
905 2466 1047 2531 quorum
1061 2448 1211 2534 partibus
1226 2463 1353 2524 steterat,

305 2559 338 2608 et
348 2542 496 2631 populari
509 2543 636 2624 lavore,
651 2565 751 2630 quem
764 2544 905 2630 profusis
916 2545 1140 2634 largitionibus
1151 2549 1354 2637 ludorumque

306 2641 543 2732 magnificentia
558 2649 693 2708 venatus
711 2643 837 2724 luerat,
862 2645 905 2707 ita
924 2645 1057 2732 quidem
1073 2649 1242 2733 anImose,
1259 2669 1294 2715 nt
1309 2651 1353 2713 tria
1391 2672 1392 2681 ¹

306 2743 355 2808 his
371 2757 579 2806 consumeret
591 2743 801 2829 patrimonia,
818 2761 935 2831 praeter
953 2747 1077 2813 relictas
1093 2772 1112 2813 a
1128 2754 1269 2817 naturali
1281 2769 1354 2842 patre

304 2843 441 2933 Papio,
458 2859 491 2908 et
513 2841 666 2930 adoptivo
692 2847 729 2908 C.
756 2845 862 2909 Annio
889 2846 1108 2932 hereditates,
1138 2854 1238 2918 etiam
1263 2851 1354 2918 orons
1391 2840 1392 2857 ¹

304 2946 430 3009 Faustae
445 2942 649 3007 facrdtatibus
663 2941 794 3008 abusus.
809 2945 874 3009 Sed
888 2951 1116 3036 competitores
1126 2953 1196 3034 ejus
1209 2955 1289 3018 trahi
1299 2975 1353 3016 rem

304 3050 473 3139 volebant;
487 3071 554 3111 non
566 3047 668 3112 invito
680 3049 854 3137 Pompeio,
868 3067 901 3115 et
913 3052 975 3117 hoc
989 3053 1231 3124 dissimulanter
1239 3076 1353 3151 agente,

304 3167 360 3228 ut,
376 3149 566 3239 perturbato
586 3171 695 3212 rerum
714 3165 819 3231 statu,
838 3150 994 3217 dictatore
1011 3177 1093 3246 opus
1110 3158 1246 3225 haberet
1262 3181 1354 3246 respu-

304 3251 404 3332 blica,
416 3271 513 3336 quem
528 3249 687 3337 sentique
702 3251 851 3314 lirtnrum
864 3275 934 3318 esse
944 3255 1027 3318 nihil
1037 3256 1216 3329 dubitabat.

349 3351 439 3415 XIX.
463 3349 618 3414 Proeterea
638 3350 808 3438 gratificari
821 3355 974 3441 cupiebat
989 3357 1140 3441 Metello,
1158 3363 1216 3448 qui
1233 3363 1320 3426 liliam
1331 3359 1352 3421 ei

305 3450 521 3541 desponderat
538 3453 741 3535 Corneliam,
758 3454 795 3518 P.
814 3456 920 3520 Crassi
935 3456 1085 3541 viduam,
1104 3462 1173 3541 ejus
1187 3487 1284 3551 quem
1298 3464 1354 3525 Par

305 3554 354 3617 thi
371 3575 475 3640 nuper
491 3553 728 3619 interfecerant.
743 3553 869 3620 Idcirco
886 3579 989 3644 quum
1005 3583 1033 3624 a.
1053 3560 1085 3626 d.
1104 3565 1153 3626 III
1171 3563 1231 3630 lral.
1246 3566 1353 3630 februa

302 3655 364 3718 rias
375 3654 570 3742 interregem
582 3655 682 3717 creari
692 3656 792 3720 moris
804 3674 902 3738 esset,
911 3677 1045 3726 auctore
1054 3662 1229 3753 Pompeio,
1241 3667 1279 3731 Τ.
1292 3667 1352 3730 llu-

336 3875 353 3940 s
373 3873 550 3924 XV1.Aseon.
571 3871 598 3918 in
615 3871 672 3922 Mil.
697 3901 732 3910 —
752 3874 866 3923 Dio.‘—-
884 3879 996 3931 Maerob.
1018 3884 1068 3930 Sat.
1087 3883 1131 3931 lib.
1151 3887 1179 3942 1,
1199 3901 1252 3952 cap
1268 3887 1304 3933 13.
1323 3909 1351 3918 -

302 3959 411 4024 sxvtt.
424 3957 478 4004 Lir.
493 3955 559 4020 Epit.
569 3982 604 3992 —
617 3956 675 4005 Dio.
689 3984 724 3994 -
735 3956 858 4007 Plutarch.
871 3961 897 4007 In
911 3963 998 4026 Pomp.
1009 3964 1066 4014 Cat.
1075 3975 1100 4012 et
1112 3967 1173 4016 Ces.
1185 3997 1220 4006 -
1229 3972 1314 4017 Ascon-
1322 3991 1352 4000 -·

303 4043 354 4092 Cle.
365 4055 413 4105 pro
427 4039 481 4088 Mil.
493 4055 518 4102 9.
534 4039 596 4106 -S
614 4041 709 4090 XVIII.
724 4042 815 4090 Aaron.
834 4070 868 4082 -
884 4045 936 4094 Cic.
955 4046 986 4094 ad
999 4047 1082 4096 remit.
1093 4052 1133 4112 ll,
1149 4054 1181 4112 ὃς
1196 4060 1240 4117 pro
1250 4053 1302 4102 Mil.
1315 4050 1350 4101 35.
1391 4074 1392 4105 i

302 4135 325 4172 et
338 4123 369 4173 ad
382 4125 415 4186 Q.
424 4121 492 4170 fratr.
504 4121 553 4180 111,
567 4137 591 4185 9.
