2875 4900
285 375 356 473 706
459 376 528 444 so.
557 373 899 444 rnnrusrrrnrr
930 373 1177 444 sunrnsn.

280 502 323 564 ab
337 521 374 564 co
390 498 502 562 milr'tos
509 543 520 576 ‚
537 519 559 558 o
576 495 701 560 Coesore
714 508 926 575 conservatos,
942 517 1006 558 non
1019 493 1162 582 beneficti
1173 495 1269 562 ηωὼ
1277 522 1350 586 gra.

281 605 346 682 tin,
373 600 429 666 scd
449 602 485 664 in
509 597 607 662 verbo
633 595 766 662 Caesoni
788 610 897 684 sponte
920 595 1072 678 adactos,
1097 621 1181 662 nova
1206 599 1349 690 relr'grbm

280 708 385 767 tenen'.
413 699 510 787 Quod
532 701 561 763 si
584 721 715 764 ceruam
741 721 763 760 a
787 697 913 764 Coesore
933 697 1123 764 &scbcendi
1143 699 1268 765 nullom
1292 703 1348 766 lra-

280 805 392 882 beont,
412 807 444 868 in
459 825 491 866 se
512 823 637 890 quoque
653 799 737 862 nibil
748 821 810 862 esse
827 819 952 888 sperare
957 847 968 881 ,
984 799 1073 888 quod
1084 799 1240 888 ‹ffendct
1258 803 1346 868 Prae.

277 908 403 970 claram
426 905 486 970 sibi
504 925 585 990 erga
611 901 722 964 milites
749 901 948 964 whrntctem
971 915 1113 966 constare
1120 925 1135 981 ,·
1154 902 1347 991 diagonum

276 1009 357 1072 disce
378 1006 510 1095 dr'gnam
520 1004 705 1092 prestitisse
727 1003 900 1082 hoctenem
924 1001 1203 1088 cticmfhrtunans
1217 1003 1348 1092 qffur'sse

276 1105 451 1174 mmmm,
469 1108 576 1192 Atque
597 1104 667 1168 ltoec
686 1105 796 1168 omnib
818 1126 917 1192 nrqosr
930 1103 1011 1168 adeo
1026 1127 1179 1170 consensu
1191 1109 1347 1172 universo·

276 1233 347 1276 rum
369 1233 432 1274 esse
448 1205 625 1296 approbata
635 1254 646 1288 ,
671 1227 770 1294 quum
790 1208 833 1270 sit
847 1208 1016 1295 imperator
1036 1208 1080 1270 cb
1100 1209 1138 1272 iis
1161 1207 1345 1300 appellatio.

276 1313 373 1402 Cujus
390 1312 517 1374 tonora
528 1309 671 1395 gruttam
683 1329 715 1370 se
733 1310 807 1396 {osis
808 1304 927 1394 facere
932 1355 945 1388 ,
960 1310 1158 1396 sipoeru'tect.

316 1415 400 1478 LXI.
417 1409 536 1478 Adbuc
549 1409 713 1476 dicentem
725 1408 900 1496 interrupit
910 1407 1049 1473 militum
1060 1409 1198 1491 clamor,
1211 1410 1345 1502 indigne

271 1514 468 1595 ferentium,
486 1509 578 1600 quod
597 1510 742 1598 suspecti
762 1508 958 1596 proditionis
976 1527 1102 1591 esseut,
1124 1527 1157 1575 ct
1176 1512 1218 1576 ad
1236 1515 1344 1578 omnia

271 1611 415 1705 pericula
433 1613 530 1678 fidem
548 1633 641 1676 suam
663 1632 864 1699 operamque
882 1610 1103 1681 offerentium.
1126 1611 1223 1678 Unde
1243 1617 1344 1680 Curio

267 1719 334 1798 jam
353 1715 548 1794 animosior,
572 1711 731 1801 postridie
752 1711 869 1776 eodem
891 1712 982 1793 loco,
1003 1737 1071 1801 quo
1091 1731 1203 1797 autea,
1220 1716 1256 1780 in
1275 1719 1344 1782 acie

267 1817 402 1884 adstitit.
410 1816 532 1882 Eduxit
541 1831 574 1880 et
584 1815 688 1880 Varus
702 1837 798 1895 suos,
812 1829 952 1902 uterque
964 1814 1129 1904 legionum
1147 1816 1341 1883 domitiana-

268 1921 341 1984 'rum
363 1917 501 1998 fiducia,
519 1937 600 2003 quas
619 1913 722 1980 Curio
738 1936 907 1980 mansuras
925 1916 960 1978 in
981 1918 1104 1980 recenti
1119 1937 1340 2002 sacramento,

268 2022 371 2086 Varus
388 2019 546 2084 redituras
561 2015 602 2080 od
618 2031 730 2097 vetus,
746 2016 915 2104 putabant.
930 2016 995 2083 Sed
1007 2017 1064 2083 ubi
1076 2019 1192 2085 vallem
1203 2024 1341 2086 transire

225 2193 229 2202 ¹
265 2122 342 2185 Vari
354 2121 516 2209 equitatus
528 2116 635 2182 omnis
649 2139 727 2182 cum
738 2133 831 2204 parte
844 2117 923 2183 levis
935 2118 1106 2184 armaturae
1117 2122 1233 2209 coepit,
1248 2125 1341 2212 equi·

268 2241 315 2288 tes
339 2221 513 2302 Curionis,
537 2241 613 2282 curn
632 2216 761 2282 duabus
779 2219 1043 2284 Marrucinorum
1064 2221 1257 2288 cohortibus
1275 2226 1338 2289 im-

263 2325 460 2416 petu‘facto,
477 2320 607 2386 relictos
625 2342 644 2382 a
662 2320 730 2383 suis
744 2319 855 2384 velites
868 2319 1067 2386 ceciderunt.
1084 2321 1160 2404 Qua
1175 2346 1211 2388 re
1225 2323 1338 2389 Varia·

263 2450 323 2493 nos
338 2423 545 2516 perturbatos
558 2443 694 2489 cernens
708 2420 863 2505 Rebilus,
878 2422 1003 2512 legatus
1016 2424 1165 2506 Cesaris,
1182 2448 1281 2513 quem
1294 2425 1337 2490 ob

261 2530 409 2617 peritiam
438 2526 486 2591 rei
516 2525 674 2595 militaris,
689 2547 730 2587 ex
750 2523 857 2589 Sicilia
878 2525 981 2589 Curio'
1006 2546 1118 2591 secum
1140 2525 1335 2608 adduxerat,

261 2632 397 2706 instare,
413 2644 511 2717 atque
524 2644 672 2714 ternpore
686 2627 736 2690 uti
745 2626 849 2708 jubet

306 2732 408 2797 LXII.
427 2732 496 2796 Nec
512 2743 658 2793 moratus
672 2728 774 2791 Curio
786 2776 796 2812 ,
808 2744 847 2791 ut
859 2742 928 2794 erat
939 2750 1012 2792 acer
1025 2743 1057 2791 et
1069 2728 1195 2811 audax,
1209 2730 1335 2820 primus

261 2833 425 2922 procurrit
441 2832 476 2896 in
494 2830 628 2911 vallem,
652 2828 842 2917 impeditam
864 2828 964 2912 adeo,
986 2846 1025 2895 ut
1045 2830 1086 2895 ab
1108 2832 1209 2897 altera
1225 2848 1334 2919 parte,

260 2934 323 2999 nisi
349 2933 451 3014 adjuti
475 2956 495 2997 a
518 2931 605 3013 suis,
626 2928 820 2995 adscensum
844 2928 1018 2995 difficulter
1039 2931 1244 2997 molirentur.
1268 2934 1335 2999 Sed

259 3037 370 3101 hostes
386 3035 502 3100 animis
520 3032 696 3121 perculsis,
718 3054 827 3119 neque
850 3032 948 3096 ullius
964 3032 1027 3095 nisi
1049 3033 1136 3121 fugae
1151 3056 1333 3116 memores,

258 3140 448 3227 priusqrmm
461 3134 503 3199 ad
514 3136 637 3216 jactum
651 3133 707 3197 teli
724 3149 918 3222 perventum
931 3150 1034 3215 esset,
1052 3133 1088 3197 in
1100 3150 1203 3201 cestra
1215 3159 1331 3201 omnes

257 3240 466 3329 refugerunt,
484 3252 572 3301 tanta
586 3236 871 3316 consternatione,
890 3237 981 3301 utin
998 3236 1102 3325 portis
1120 3252 1154 3303 et
1171 3239 1330 3327 angrrstiis

256 3342 400 3421 riarum,
418 3340 529 3429 plures
546 3336 659 3401 obtriti
673 3337 884 3425 oppressique
902 3361 922 3401 a
935 3339 1003 3401 suis
1017 3339 1087 3401 sine
1103 3339 1237 3405 vulnere
1255 3362 1329 3403 mo·

256 3458 424 3522 serentur,
439 3462 539 3528 quam
551 3438 714 3503 interfecti
726 3439 760 3501 in
772 3438 884 3526 ptrelio
897 3439 1037 3503 fuerant.
1050 3440 1092 3503 Et
1102 3439 1165 3503 nisi
1176 3441 1327 3505 Curionis

255 3546 372 3609 milites
389 3556 517 3607 tantum
533 3540 574 3605 ad
589 3562 735 3628 pugnarn
753 3540 892 3628 profecti
908 3539 977 3605 sola
994 3562 1106 3603 secum
1127 3564 1217 3605 arma
1231 3556 1326 3607 extu·

256 3647 386 3722 lissent,
404 3642 519 3707 eodem
538 3642 664 3730 impetu
678 3641 856 3731 expugnati
872 3657 976 3705 cestra
990 3657 1181 3729 potueruut
1199 3643 1326 3707 Merno-

252 3748 352 3813 rabile
365 3762 437 3811 turn
455 3742 580 3808 lacinus
595 3742 749 3833 Pelignus
767 3742 899 3830 quidam
915 3744 1049 3807 nomine
1061 3743 1182 3807 Fabius
1199 3742 1323 3809 edidit:

252 3870 392 3938 namque
408 3844 608 3936 fugientibus
624 3844 809 3926 immixtus,
826 3868 943 3933 magna
959 3866 1038 3909 voce
1060 3844 1183 3911 Varum
1204 3844 1323 3909 identi-

249 3954 323 4016 dem
333 3954 492 4014 'inrocans
506 3946 701 4035 requirebat.
716 3946 787 4009 Ubi'
793 3947 865 4027 ille,
879 3946 1016 4011 credens
1029 3968 1135 4011 unum
1146 3970 1165 4010 e
1176 3947 1261 4027 suis,
1274 3969 1322 4009 re·

247 4053 344 4133 stitit,
358 4050 432 4139 quis
448 4064 549 4130 esset,
564 4064 597 4112 et
615 4046 695 4135 quid
709 4048 823 4130 vellet,
839 4047 1058 4137 interrogans,
1076 4048 1195 4113 Fabius
1209 4041 1319 4111 stricto

248 4152 354 4242 gladio
370 4172 445 4216 eum
463 4150 574 4240 petiit3
591 4164 623 4213 et
645 4148 878 4232 interfecisset,
895 4150 958 4212 nisi
976 4164 1071 4214 scuto
1084 4150 1214 4215 sublato
1225 4150 1319 4214 ritas·
