2875 4900
80 470 1164 492 mmmmmmmmmmmmmmmmw}
1175 493 1178 497 Α

232 672 520 763 JOANNIS
561 672 1032 761 FREINSHEMII

135 910 1123 1051 SUPPLEMENTORUM

319 1203 945 1330 LIVIANORUM

436 1462 614 1541 ursus
651 1428 824 1541 'Lxxu

269 1682 316 1737 IN
342 1681 498 1741 LOCUM
522 1680 647 1737 LIBRI
673 1679 766 1735 CVII
794 1679 982 1734 L1V1ANI.

435 1938 830 1972 ψ.

507 2106 751 2210 Erimus

293 2303 426 2358 LIBRI
456 2301 722 2358 CENTESlMI
751 2302 961 2358 SEPTIMI.

81 2444 118 2496 C.
135 2442 238 2505 Cesar,
246 2439 361 2494 Treviris
376 2440 404 2494 in
418 2439 506 2494 Gallia
520 2439 615 2507 victis,
633 2440 729 2494 iterum
743 2440 771 2494 in
783 2440 955 2499 Germaniam
965 2440 1089 2504 transiit;
1100 2440 1162 2494 nul·

122 2526 207 2596 loque
219 2525 257 2578 ibi
271 2525 347 2580 hoste
361 2526 487 2590 invento,
504 2543 625 2579 reversus
638 2527 666 2578 iu
678 2525 810 2588 Galliam,
828 2527 966 2580 Eburones
980 2539 1005 2579 et
1020 2526 1085 2578 alias
1098 2527 1162 2578 civi·

123 2622 211 2674 tates,
229 2627 288 2681 qum
299 2609 528 2682 conspiraverant,
543 2609 623 2674 vicit,
639 2622 665 2662 et
675 2609 855 2681 Ambiorigem
872 2610 899 2662 in
913 2611 975 2681 iuga
987 2621 1163 2684 persequutus

123 2707 176 2746 est.
188 2693 216 2745 P.
227 2692 328 2756 Clodii,
341 2693 494 2747 aT.1lnuio
504 2693 619 2758 Milone,
631 2690 775 2746 candidato
784 2693 956 2755 consulatus,
972 2693 1056 2764 Appia
1070 2693 1113 2746 via
1127 2693 1163 2746 ad

123 2777 241 2832 Bovillas
252 2778 352 2841 occisi,
365 2795 461 2850 corpus
474 2777 549 2850 plebs
560 2777 672 2832 incuria
686 2777 825 2831 cremavit.
837 2779 928 2842 Quum
939 2775 1083 2829 seditiones
1091 2776 1162 2829 inter

123 2861 283 2917 candidatos
298 2862 451 2916 consulatus
460 2862 604 2935 Hypsnum
616 2899 624 2925 ,
636 2861 803 2934 Scipionem,
816 2872 843 2912 et
852 2860 980 2914 Milonem
994 2871 1097 2924 essent,
1113 2859 1162 2931 qui

123 2945 207 3000 ermis
216 2965 246 3000 nc
258 2947 286 3000 vi
295 2945 510 3012 contendebant,
526 2945 561 2998 ed
571 2943 786 3018 comprimendas
794 2962 839 2996 eas
849 2945 900 2997 Cn.
911 2943 1051 3016 Pompeius
1059 2943 1162 3015 legatus

123 3051 141 3086 tt
159 3043 253 3086 senatu
271 3032 364 3094 consul
379 3032 488 3084 tertium
506 3031 591 3084 factus
608 3041 662 3094 est,
682 3031 777 3083 absens
796 3041 823 3082 et
841 3027 928 3093 solus,
945 3026 1018 3100 quod
1033 3026 1101 3079 nulli
1117 3025 1161 3080 alii

123 3134 246 3186 unquam
255 3115 373 3187 contigit.
386 3115 539 3180 Quiestione
548 3113 654 3168 decreta
664 3113 698 3166 de
710 3125 796 3167 morte
811 3112 842 3166 P.
857 3111 960 3176 Clodii,
981 3112 1047 3165 Milo
1058 3110 1162 3183 judicio

122 3197 268 3251 dimnatus
278 3198 307 3251 in
320 3197 442 3250 exsilium
454 3210 529 3251 actus
539 3210 587 3250 est.
600 3199 653 3252 Lex
663 3198 717 3251 lata
728 3209 781 3262 est,
797 3207 828 3249 ut
843 3196 911 3250 ratio
923 3197 1037 3249 absentis
1049 3195 1161 3264 Casama

122 3283 152 3334 in
163 3281 291 3354 petitione
303 3281 456 3335 consulatus
470 3281 630 3346 haberetur,
648 3281 734 3334 invito
747 3293 774 3333 et
785 3278 982 3333 contradicente
997 3280 1036 3332 M.
1050 3282 1162 3333 Catone.

95 3367 102 3378 ⁸
122 3365 304 3422 proterentes
316 3376 426 3437 gestsss
445 3367 478 3420 C.
488 3367 590 3420 Cesare
604 3365 732 3420 adversus
745 3366 852 3429 Gallos,
871 3365 918 3437 qni
931 3383 1015 3436 prope
1029 3365 1161 3430 universi,

124 3449 341 3522 Vercingetorige
358 3450 477 3504 Arverno
493 3448 580 3514 duce,
605 3447 780 3515 deiecerunt,
796 3462 823 3504 et
840 3449 987 3504 laboriosas
1008 3448 1162 3503 obsidiones

122 3533 231 3586 urbium
244 3535 381 3598 continet;
398 3534 466 3588 inter
482 3551 549 3604 quas
564 3533 670 3586 Avarici
690 3533 855 3604 Biturigum,
877 3545 905 3586 et
920 3532 1057 3604 Gergovia
1069 3533 1167 3586 Arver-

122 3634 232 3670 uorum.

82 3829 112 3892 l.
136 3783 246 3888 Duri
269 3823 310 3888 ad
328 3823 496 3889 Orientem
515 3826 579 3888 hoc
594 3824 714 3888 vuinus
738 3824 854 3912 accipit
869 3823 1071 3913 respublica,
1092 3843 1159 3885 non

82 3928 218 3992 minore
233 3925 267 3989 in
284 3941 373 3990 metu
388 3925 532 4016 legiones
547 3943 657 4017 erant,
676 3950 749 4015 quae
764 3949 824 4014 per
842 3925 959 3990 Gallias
975 3926 1037 3990 sub
1055 3925 1160 4012 impe·

83 4045 197 4094 ratore
215 4028 251 4092 C.
275 4029 398 4116 Qaesare
417 4029 595 4094 merebant.
621 4029 818 4116 Quanquam
837 4027 926 4090 enim
944 4027 1075 4092 defensa
1096 4048 1160 4089 nu·

84 4153 148 4220 per
172 4129 335 4193 Ciceronis
361 4145 482 4210 castra,
505 4129 637 4194 detensa
658 4130 696 4192 T.
721 4128 853 4192 Labieni
870 4143 980 4211 erant,
1000 4151 1068 4192 nou
1086 4125 1161 4191 ideo
