2875 4900
294 388 360 461 156
461 392 528 459 JO.
555 390 898 459 FREINSHEMII
928 388 1194 464 SUPPLEM..

286 525 506 599 pugnaverat,
530 510 716 575 salubritate
738 508 887 590 nobiles,
911 530 1091 597 agrumque
1115 509 1220 590 circa,
1238 511 1341 575 Diaoae

287 611 462 693 dedicavit,
480 614 572 693 cujus
588 611 717 675 numini
731 625 855 675 sacrata
867 611 921 675 illa
932 610 1023 697 regio
1032 623 1111 676 etat.

331 714 405 777 llll.
425 714 515 777 Inter
531 712 600 775 hoec
617 732 740 775 norum
756 734 790 775 se
802 712 837 774 in
853 711 945 777 ltalia
954 709 1046 775 sidua
1053 710 1226 777 ostendere
1235 712 1341 799 coepit,

287 816 347 877 Cn.
371 812 566 901 Pompeius,
591 812 680 877 Cnmi
702 810 807 888 lilius,
830 811 923 893 ejus,
944 811 1002 899 qui
1025 811 1183 878 medum
1199 825 1342 899 ceperat,

287 914 386 977 trium
404 930 437 978 et
456 914 570 1002 viginti
591 934 753 979 annorum
775 912 983 995 adolescens,
1003 912 1061 977 red
1079 934 1156 980 mox
1176 912 1344 977 clarissima

286 1016 371 1079 fama
391 1016 524 1079 cuilibet
542 1036 659 1079 senum
679 1015 912 1105 imperatorum
927 1014 1157 1081 conferendus.
1169 1015 1233 1081 llic
1246 1015 1281 1079 iu
1292 1014 1343 1079 Pi·

286 1133 368 1179 ceno
392 1117 476 1179 forte
498 1114 632 1205 agebat,
655 1138 760 1204 quum
780 1116 827 1181 ad
842 1117 965 1202 Sullam
986 1114 1132 1204 undique
1156 1134 1346 1182 concurrere

286 1216 549 1305 probatissimum
571 1238 739 1306 quemque
756 1218 910 1307 cognovit
924 1241 935 1282 t
950 1218 1015 1281 hoc
1034 1217 1166 1283 stimulo
1184 1216 1300 1296 adjecit
1314 1231 1346 1278 et

285 1316 354 1403 ipse
368 1316 424 1379 has
442 1316 482 1380 ad
501 1332 607 1405 partes
620 1318 784 1400 animum,
802 1342 870 1383 non
890 1334 1000 1383 nmen
1019 1335 1058 1383 ut
1071 1332 1298 1405 contemptus,
1315 1332 1346 1379 et

287 1432 440 1503 tanquam
468 1418 540 1505 opis
561 1442 677 1509 egens,
706 1418 765 1483 red
784 1419 1023 1485 firmamentum
1044 1420 1164 1508 quibua
1183 1418 1348 1487 accederet

286 1518 446 1605 partium,
475 1535 507 1583 et
531 1540 606 1583 cum
631 1520 791 1585 beneficio
812 1522 945 1585 veniret
971 1521 1076 1609 igitur
1097 1519 1275 1585 sollicitatis
1295 1540 1348 1606 pa-

143 1614 152 1627 ’
286 1619 369 1683 terni
396 1620 555 1685 exemtus
585 1620 749 1708 reliquiis,
778 1644 882 1709 quum
908 1620 1047 1685 Vindius
1070 1618 1222 1708 quidam,
1249 1620 1347 1683 Pom·

284 1720 395 1808 prium
409 1742 448 1783 ex
464 1720 545 1785 ludo
562 1722 672 1786 subito
689 1723 955 1787 concionatorem
966 1723 1108 1802 factum,
1124 1720 1346 1798 exclamasset,

286 1836 394 1885 tanum
419 1822 629 1888 adolescentis
652 1823 744 1887 saror
765 1824 845 1904 fiait,
862 1838 917 1898 ut,
938 1846 958 1887 a
978 1822 1087 1887 maltis
1104 1822 1204 1887 simul
1223 1822 1348 1910 impetu

286 1922 386 2004 facto,
403 1921 542 1987 Vindius
558 1944 576 1985 e
594 1924 730 2013 vestigio
745 1925 992 2011 opprimeretur.
1161 1979 1166 1992 .

327 2024 420 2088 Xlll.
438 2024 476 2087 ln
491 2024 564 2087 foro
580 2024 680 2113 igitur
692 2025 912 2088 Auximatium
924 2039 1034 2089 erecto
1047 2022 1217 2103 tribunali,
1231 2020 1347 2086 ducem

283 2124 423 2211 partium
445 2124 626 2211 professus,
642 2122 802 2187 Ventidiie
821 2124 975 2189 iratribus
987 2170 998 2203 ,
1012 2124 1070 2210 qui
1090 2122 1253 2211 principes
1270 2120 1347 2185 civi·

284 2222 378 2302 tatis,
400 2238 433 2287 et
451 2223 653 2287 mrbonianre
676 2223 828 2287 factionis
851 2240 963 2304 eraut,
985 2222 1139 2290 excedere
1149 2224 1267 2304 jussis,
1292 2221 1348 2285 de·

282 2322 404 2386 lectum
420 2324 545 2387 babuit.
564 2324 614 2387 Ab
630 2324 694 2387 hoc
709 2324 805 2387 initio
820 2347 925 2411 quum
942 2325 1048 2389 omna
1062 2346 1200 2411 quaeque
1215 2323 1280 2387 sibi
1295 2321 1349 2385 ad-

281 2422 449 2510 jungeret,
464 2423 687 2489 Carbonianus
697 2424 823 2512 ubique
829 2426 1057 2513 proturbaret,
1071 2424 1160 2490 brevi
1172 2425 1206 2490 io
1220 2440 1349 2490 tantum

282 2539 396 2587 auctus
410 2541 474 2604 est,
489 2541 527 2588 ut
541 2541 605 2590 tres
620 2527 760 2614 integras
774 2526 917 2616 legiones
929 2528 992 2592 sub
1005 2526 1105 2616 signis
1121 2525 1276 2592 duceret:
1292 2547 1348 2587 ue-

283 2647 347 2712 que
373 2625 450 2688 huic
478 2628 632 2690 exercitui
661 2643 929 2707 commeatuum,
955 2643 1209 2714 caeterarumque
1237 2647 1348 2690 rerum

283 2723 421 2787 idoneus
438 2741 609 2812 apparatus
629 2726 749 2791 deerat.
772 2727 878 2815 ipsius
894 2750 1091 2817 permagnus
1108 2726 1196 2815 apud
1210 2727 1348 2792 militem

282 2847 391 2907 amor,
406 2847 521 2916 magna
534 2825 621 2914 apud
638 2849 752 2892 omnes
767 2827 938 2892 admiratio
954 2845 1041 2908 erat,
1059 2830 1119 2916 qui
1134 2828 1168 2891 in
1182 2829 1237 2894 illa
1255 2843 1349 2892 aetate

282 2927 364 2991 nihil
377 2929 562 3009 remissum,
577 2945 633 2992 aut
644 2929 803 3010 juvenile,
816 2929 874 2994 sed
884 2931 995 2995 omnia
1005 2931 1129 3020 magnis
1141 2929 1284 2996 ducibus
1295 2950 1349 2992 so-

282 3025 337 3090 lita
350 3028 511 3116 agitabat:
528 3029 637 3093 nullus
659 3029 704 3093 illi
725 3029 818 3094 labor
833 3029 947 3111 taedio,
966 3031 1055 3096 nulla
1069 3030 1259 3119 defatigato
1276 3051 1349 3094 mo·

282 3127 378 3192 lestiae
401 3145 489 3212 erat3
513 3129 577 3194 cibi
604 3131 738 3218 vinique
760 3148 963 3219 temperans,
982 3132 1090 3196 somni
1104 3154 1240 3219 pateras,
1262 3152 1351 3195 cura

281 3225 426 3315 corporis
451 3233 636 3320 negligens,
658 3233 813 3312 majorem
834 3232 963 3298 Quam
988 3232 1200 3319 noctiumque
1219 3247 1348 3320 partem

282 3327 403 3392 bellicis
423 3347 480 3393 aut
498 3333 670 3419 operibus,
685 3349 743 3396 aut
762 3349 849 3398 certe
869 3333 1120 3422 cogitationibus
1135 3333 1349 3412 conterebat,

281 3427 469 3514 frequenter
494 3431 580 3496 inter
604 3433 722 3499 milites
747 3456 898 3498 exercens
922 3456 1063 3521 eorpus,
1088 3455 1165 3500 cum
1186 3433 1351 3500 alacribus

281 3528 384 3608 saltu,
399 3553 474 3594 cum
490 3531 657 3598 velocibus
673 3557 791 3616 cursu,
808 3558 884 3599 cum
898 3535 1011 3600 validis
1029 3535 1115 3600 lucta
1130 3524 1287 3599 certabat.

326 3629 410 3694 XIV.
434 3631 510 3694 lielli
533 3653 667 3721 quoque
689 3635 812 3699 incerta
833 3653 909 3704 ante
935 3637 1194 3723 experimentum
1210 3636 1352 3724 ingenio

280 3745 313 3794 ct
330 3728 538 3796 meditatione
556 3735 764 3821 precipiens,
776 3753 897 3827 'tantus
916 3737 1023 3802 statim
1043 3737 1111 3802 dax
1130 3737 1273 3819 exstitit,
1291 3753 1351 3817 ut,

313 3965 329 4030 s
347 3967 406 4012 xli.
424 3966 477 4014 liv.
494 3967 559 4030 Epir.
574 3993 608 4003 -
624 3967 748 4016 Plutarch.
766 3969 793 4017 'm
804 3972 891 4034 Pomp.
905 3985 959 4034 esp.
973 3986 998 4033 9.
1016 3997 1051 4007 -
1068 3970 1119 4018 Dio
1136 3967 1204 4036 apud
1214 3971 1302 4018 Velea.
1316 3999 1351 4006 —

281 4049 333 4095 val.
349 4049 454 4107 Mu.V‚
469 4067 498 4107 a,
513 4067 537 4112 9.
555 4077 589 4086 -
612 4051 676 4100 Hirr.
690 4051 723 4099 de
735 4053 787 4100 Bel.
800 4055 877 4102 Afric.
893 4071 947 4118 cap.
963 4069 1004 4102 aa.
1023 4083 1057 4090 -
1076 4057 1163 4104 lonae
1182 4081 1217 4092 ·
1237 4054 1256 4117 S
1276 4057 1352 4103 1111.

279 4131 330 4182 [ἰν.
343 4132 406 4196 Epit.
421 4160 453 4170 -
463 4135 570 4200 Appiau.
583 4161 614 4172 --
629 4134 753 4185 Plutarch.
762 4163 797 4174 -
809 4136 914 4186 Diodor.
925 4136 992 4202 apud
1003 4137 1058 4186 vu.
