2875 4900
288 357 358 452 aqi
461 353 895 424 10.FRE1Nst{EM11
926 354 1170 424 supersunt.

286 477 358 540 «liis
378 498 417 540 ac
433 475 574 556 viribus,
592 475 652 538 uni
673 495 766 562 pares
784 493 854 538 esse
873 475 1027 562 potuisse.
1044 473 1116 538 Hoc
1134 474 1331 552 defendente,

285 577 485 642 «absentiam
507 575 715 665 apenatibus
738 575 824 655 suis,
842 595 861 636 a
879 573 1071 662 propinquis
1095 590 1192 662 atque
1213 576 1333 656 amicis,

285 697 375 742 «non
401 677 568 756 exsilium,
594 676 650 738 sed
675 675 822 739 militiam
841 675 1023 762 putavisse,
1046 676 1132 739 bona
1149 698 1206 764 spe
1223 676 1333 756 fretos,

284 777 478 866 «aliquando
498 779 585 859 fore,
606 791 644 840 ut
663 777 774 864 patria·
791 775 1043 863 domesticisque
1058 797 1134 840 cum
1155 777 1258 842 letitia
1270 777 1334 867 glo·

284 881 417 968 «risque
432 880 653 944 restituantur.

327 981 421 1046 XIV.
431 983 552 1046 «Nunc
563 994 673 1044 autem
692 979 775 1043 adeo
789 999 880 1066 spem
897 979 984 1042 illam
1000 999 1133 1042 omnem
1151 975 1333 1058 diffluxisse,

283 1113 296 1138 a
305 1083 406 1146 utrix
418 1089 555 1170 ¹corpora
566 1103 625 1145 sua
636 1081 884 1168 libertatemque
895 1081 970 1144 satis
981 1083 1015 1143 in
1028 1095 1101 1144 tuto
1113 1101 1182 1144 esse
1191 1077 1333 1144 medam:

282 1205 403 1272 «quem
422 1183 510 1247 enim
525 1185 624 1248 aliurn
643 1205 679 1247 sc
696 1181 833 1263 hahere,
850 1182 903 1246 cui
925 1181 1061 1252 salutern
1083 1203 1176 1246 suam
1195 1180 1339 1246 commit·-

282 1316 295 1340 ι
306 1285 400 1350 tanti
415 1301 472 1350 aut
483 1286 536 1349 cui
547 1284 623 1349 satis
634 1283 745 1348 firmos
759 1282 915 1348 humeros
926 1283 1012 1363 fore,
1029 1298 1069 1346 ut
1081 1298 1155 1371 post
1166 1281 1335 1348 Sertorium

282 1389 425 1458 «tantam
447 1405 558 1450 rerum
584 1384 705 1448 molem
731 1384 929 1464 sustineant,
955 1351 1151 1470 ibuntque?
1171 1383 1254 1448 Sane
1274 1403 1335 1444 non

282 1483 435 1568 «deesse,
461 1486 517 1574 qui
543 1485 698 1575 praecipiti
723 1470 901 1549 ambitione
930 1484 972 1548 ad
998 1483 1192 1572 capessenda
1211 1482 1334 1570 imperia

282 1618 296 1642 ι
305 1603 419 1669 ruant;
429 1587 487 1652 sed
495 1587 587 1651 brevi
595 1588 835 1674 appariturum,
847 1602 970 1673 quanto
979 1585 1101 1664 majora
1108 1585 1232 1650 viribus
1245 1603 1334 1648 onera

280 1719 294 1742 ι
303 1690 521 1777 susceperint:
532 1711 600 1752 non
614 1689 702 1752 enim
718 1687 876 1766 majorum
890 1686 1102 1775 imaginibus,
1116 1701 1176 1750 aut
1190 1685 1335 1774 patrimo·

280 1817 294 1844 ι
304 1787 350 1851 nii
364 1789 605 1879 magnitudine,
621 1788 679 1852 sed
692 1786 797 1852 solido
811 1787 931 1852 robore
943 1787 1063 1868 animi,
1079 1787 1335 1874 sapientibusque

280 1920 294 1944 κ
303 1889 444 1953 consiliis
459 1891 612 1955 sustineri
626 1911 664 1952 ac
680 1891 748 1980 geri
763 1888 846 1952 bella
864 1911 970 1978 posse.

321 1989 394 2054 XV.
407 2021 420 2045 ι
429 1990 538 2080 Igitur
546 1991 753 2054 commutatis
763 1987 885 2053 ducum
900 1989 1041 2069 artibus,
1057 1988 1198 2052 fortunas
1212 2005 1336 2075 quoque

279 2120 295 2146 ο
303 2091 441 2155 similem
454 2092 667 2155 mutationem
678 2089 767 2154 baud
779 2090 896 2169 injuria
911 2076 1027 2156 timeri.
1040 2089 1211 2180 Egregium
1225 2087 1335 2168 scilicet

279 2213 391 2280 «spem
408 2192 444 2255 in
460 2213 647 2256 successore
664 2190 810 2273 ostendi,
827 2192 855 2254 si
875 2191 1055 2256 Sertorium
1077 2191 1241 2278 Perperna
1255 2186 1335 2252 exci-
1352 2197 1363 2250 t

278 2294 384 2381 «piat,
402 2315 568 2356 summum
584 2293 691 2355 virum
711 2289 895 2378 ducemque
909 2292 1064 2381 vulgaris!
1078 2321 1091 2348 a
1110 2291 1189 2356 llaeo
1203 2309 1335 2356 romane

277 2395 378 2481 copiae
393 2394 592 2475 fremebant,
607 2391 784 2473 majoribus
799 2408 832 2456 et
844 2391 994 2479 pluribus
1013 2391 1100 2481 apud
1122 2407 1246 2457 exteras
1264 2409 1335 2479 que·

276 2492 361 2557 relis.
382 2494 527 2557 Lusitani
544 2510 621 2557 ante
635 2514 771 2574 omnes,
794 2490 886 2579 quod
909 2510 1024 2557 eorum
1040 2494 1203 2582 pmcipua
1219 2512 1336 2579 semper

276 2614 375 2680 opera
389 2592 549 2657 Sertorius
562 2594 612 2656 uti
623 2608 853 2675 consueverat,
866 2596 1016 2682 optimum
1029 2590 1336 2682 rirtperutorem,for·

276 2696 426 2778 tr'ssz'rrmm
449 2692 709 2773 commilitonem,
733 2696 860 2759 virtutis
882 2696 1143 2761 renmnerclorem
1164 2694 1335 2760 liberabiti-

159 2797 164 2815 '
276 2815 363 2859 ouon
376 2792 594 2881 requirebant.

319 2896 408 2961 xvl.
426 2898 471 2959 Ut
485 2915 581 2976 vero,
603 2912 716 2983 aperto
738 2898 872 2960 Semorii
892 2912 1102 2979 testamento,
1115 2898 1280 2986 'scriptum
1296 2896 1334 2959 ab

275 3018 315 3060 eo
340 2998 536 3084 Perpernam
561 2995 716 3061 heredem
740 2997 856 3080 fuisse',
884 2998 1046 3081 innotuit,
1071 3014 1105 3062 et
1128 2998 1336 3063 detestatione

273 3112 341 3161 tarn
364 3098 483 3187 ingrati
502 3097 655 3163 facinoris
679 3098 781 3186 magis
806 3112 996 3163 exarserunt
1015 3099 1134 3181 animi;
1157 3100 1241 3164 nihil
1263 3118 1335 3187 pro·

273 3201 347 3286 pius
368 3199 510 3280 sactum,
529 3221 626 3286 quarn
652 3214 690 3263 ut
711 3220 822 3287 paenas
845 3200 885 3264 ab
912 3200 1076 3265 homicida
1097 3201 1165 3265 suis
1190 3199 1335 3265 manibus

274 3312 461 3382 sumerent3
484 3300 546 3362 nisi
572 3299 757 3365 discurrens
780 3322 839 3388 per
860 3302 1077 3365 contubernia
1099 3322 1176 3367 cum
1201 3302 1335 3367 ducibus

273 3397 451 3485 Perperna,
465 3399 625 3486 quosdam
640 3400 753 3481 donis,
766 3402 846 3465 alios
856 3403 1041 3490 prontissis,
1057 3404 1236 3469 nonnullos
1245 3404 1335 3467 etiam

273 3498 370 3559 minis
386 3514 546 3584 pecasset,
563 3501 661 3563 etiarn
677 3522 747 3564 uno
761 3516 794 3565 et
804 3503 905 3567 altero
920 3503 961 3568 ad
973 3520 1131 3569 terrorem
1147 3522 1334 3570 ceterorum

272 3598 360 3661 ferro
377 3598 591 3686 interemptis.
608 3601 737 3666 Deinde
750 3603 856 3667 socios
871 3606 1012 3692 populos
1028 3604 1202 3688 obeundo,
1221 3628 1287 3694 qno
1298 3604 1336 3668 il·

272 3699 380 3762 lorum
405 3696 480 3763 odia
503 3700 683 3789 mitigaret,
708 3724 803 3766 orsus
826 3704 867 3767 ab
887 3707 987 3787 Osca,
1009 3706 1068 3769 ubi
1091 3722 1215 3796 patrata
1238 3706 1334 3771 caedes

271 3802 392 3881 fuerat,
407 3800 580 3864 conciones
590 3802 714 3888 ubique
728 3802 860 3868 blandas
871 3805 1003 3888 babuit3
1015 3807 1133 3895 apertis
1145 3808 1335 3883 carcerihtm

272 3902 330 3990 qui
354 3917 447 3968 erant
464 3904 506 3967 ab
529 3902 673 3967 Sertorio
693 3903 813 3986 vincti,
836 3903 979 3992 dimisit;
1005 3907 1134 3973 obsides
1156 3907 1336 3977 civitatibus

272 4003 424 4069 reddidit.

306 4144 409 4209 txvr.
421 4147 487 4196 vett.
500 4150 540 4210 rr,
553 4150 595 4197 so.
613 4176 648 4186 -
665 4148 773 4215 appias.
