2875 4900
291 386 355 457 182
459 389 894 459 10.FRE1NSHEM11
929 388 1171 457 SUPPLEM.

280 540 299 581 ιιι
308 531 374 571 non
387 509 482 588 viris,
496 507 637 572 solidum
648 507 760 571 adesse
771 509 890 589 robur,
909 524 947 572 ut
958 508 1035 572 cibo
1047 530 1084 571 ac
1097 509 1206 595 quiete
1222 509 1349 571 relectis

285 610 455 674 «hostibus
477 609 574 689 objici
595 608 746 673 debeant.
765 610 843 673 Esse
862 609 997 697 quidem
1011 610 1072 673 sibi
1091 608 1231 673 militurn
1251 608 1347 673 fidem
1392 684 1396 691 ,

285 712 474 791 «eximiam,
493 733 561 774 esse
578 710 750 791 vinutem,
771 710 928 775 hactenus
949 712 1045 775 etiam
1066 712 1217 777 Fortuna
1235 712 1348 801 singn-

285 810 371 874 ulare
393 810 586 897 obsequium
609 810 762 890 affuisse3
784 812 842 877 sed
864 834 972 899 neque
996 812 1036 877 ab
1055 812 1116 875 illis
1138 813 1232 900 plus,
1249 834 1347 899 quam

284 912 449 999 «possint,
464 933 571 997 neque
586 910 627 974 ab
640 912 700 975 hae
710 910 803 998 plus,
817 935 914 998 quam
931 913 1050 992 soleat,
1064 912 1239 999 exspectari
1250 934 1349 999 opor·

200 1035 205 1040 '
286 1042 299 1066 ⁸
309 1028 386 1075 lere·

327 1113 386 1175 t&
403 1111 602 1197 «Nunquam
627 1133 695 1175 non
716 1112 893 1176 timendam
911 1134 1046 1177 casuum
1061 1112 1281 1179 humanorum
1298 1113 1347 1175 vi·

285 1211 545 1292 aeiasitudinem3
564 1229 598 1276 et
612 1213 790 1299 quamlibet
803 1212 904 1277 sortes
919 1213 1037 1277 virosa
1053 1212 1268 1279 deterioribus
1286 1236 1348 1299 op·

284 1342 297 1367 ι
306 1312 403 1399 primi
416 1334 530 1401 posse,
545 1313 573 1377 si
587 1335 663 1377 cum
679 1312 791 1377 validis
803 1329 837 1377 et
849 1314 976 1379 refectis
989 1314 1051 1401 ipsi
1063 1313 1173 1378 labore
1186 1336 1223 1377 ac
1237 1314 1349 1401 inopia

283 1410 429 1476 «dentes
453 1412 708 1479 committantur.
734 1415 811 1479 Non
830 1434 899 1481 esse
922 1437 1050 1479 causam
1073 1412 1268 1496 festinandi,
1290 1415 1348 1479 ubi

283 1544 296 1567 ι
307 1512 474 1577 meliorem
488 1529 595 1595 mam,
609 1537 708 1601 quam
721 1514 867 1579 hostium
876 1514 1115 1595 conditionem,
1124 1514 1247 1581 factura
1256 1537 1348 1579 mora

284 1613 463 1679 «videatiu.
477 1616 511 1679 Si
522 1616 693 1704 paululum
705 1617 870 1702 quiescat,
887 1638 954 1681 non
968 1614 1067 1681 modo
1082 1614 1239 1681 redituras
1252 1616 1346 1681 militi

282 1744 296 1769 ι
305 1715 408 1797 vires3
422 1715 480 1782 sed
492 1715 637 1780 hostium
651 1740 690 1779 ex
703 1716 927 1805 desperatione
943 1734 1051 1781 natam
1064 1716 1246 1799 audaciam,
1264 1733 1349 1781 tem·

282 1846 295 1871 ι
306 1837 385 1904 pore
399 1832 432 1879 et
447 1817 551 1905 spatio
567 1817 687 1880 rectius
703 1817 812 1881 omnia
830 1818 1009 1881 aestimandi
1025 1816 1233 1883 defecturam.
1248 1818 1348 1881 Nunc

282 1916 433 1999 «adhue,
456 1918 538 1983 dum
562 1918 662 1983 animi
684 1918 830 1999 calcant,
848 1940 921 1985 acre
936 1919 1082 2007 praelium
1105 1919 1266 1983 facturos:
1288 1920 1345 1982 ubi

282 2019 464 2084 arefrixerit
479 2020 640 2107 impetus,
655 2035 690 2083 et
704 2018 804 2085 modo
821 2018 1052 2085 validissimum
1065 2020 1155 2099 juxta
1170 2042 1206 2083 se
1224 2020 1346 2083 exerei-

281 2152 294 2175 ιι
303 2136 394 2201 tum,
411 2144 472 2185 nec
486 2120 602 2209 procul
617 2120 694 2193 inde
704 2136 804 2208 eaput
813 2142 922 2185 rerum
933 2122 1069 2185 Romam
1080 2120 1345 2208 recogitaverint,

281 2220 404 2285 «modo
416 2242 548 2285 suarum
564 2220 836 2308 adversammque
851 2222 991 2311 partium
1006 2220 1226 2310 reputaverint
1238 2222 1346 2290 fortu-

283 2344 399 2402 -nam,
421 2338 479 2385 aut
498 2322 662 2410 posituros
684 2345 794 2403 arma,
816 2322 996 2388 autminus
1014 2338 1200 2389 constanter
1216 2323 1348 2411 opposi-

283 2438 407 2487 «tums.
421 2455 451 2480 a·

325 2525 367 2588 X.
389 2525 480 2588 Nihil
497 2541 606 2589 motus
625 2527 745 2590 hortun
761 2527 911 2613 precibus
927 2549 965 2590 ac
981 2527 1114 2590 monitis
1129 2501 1236 2605 Stilla,
1253 2526 1346 2588 «tam

281 2625 338 2686 ain
354 2646 394 2688 eo
413 2647 464 2688 res
488 2640 556 2705 est,
572 2626 698 2713 inquit,
718 2642 775 2706 ut,
794 2626 884 2712 quod
904 2641 1003 2692 restat
1026 2627 1167 2714 negotii,
1184 2626 1349 2691 celeritate

282 2721 420 2788 «confici
445 2723 571 2788 debeat.
596 2726 683 2788 Mori
705 2742 855 2813 prostat,
877 2749 976 2814 quana
996 2727 1081 2790 hanc
1102 2727 1186 2794 ferre
1205 2728 1348 2816 ignomi-

282 2825 407 2905 ·niam,
418 2841 466 2905 ut,
479 2848 531 2888 me
546 2826 704 2890 incolumi
717 2843 749 2892 et
762 2829 978 2915 inspectante,
989 2829 1148 2894 Samnites
1157 2829 1349 2916 Lucanique

281 2925 469 2991 -obsedisse
485 2928 622 2990 Romam
642 2927 832 3014 glorientur.
850 2931 949 2994 Tecta
963 2929 1069 3012 urbis,
1088 2945 1122 2994 et
1141 2930 1347 3016 capitolinam

281 3048 428 3106 samem,
445 3042 479 3089 ct
494 3025 655 3114 quidquid
669 3028 717 3091 ibi
730 3027 866 3092 deorum
883 3030 1126 3116 hominumque
1137 3047 1203 3110 est,
1219 3032 1348 3117 qrtotim

281 3128 730 3217 «respicerem,·exprobrare
751 3130 832 3194 mihi
850 3132 901 3195 vel
924 3132 1148 3214 timiditatem,
1170 3133 1220 3196 vel
1244 3133 1350 3221 negli-

280 3229 444 3315 «gentiam
457 3229 639 3312 crederem,
653 3231 680 3294 si
693 3253 797 3296 unum
813 3232 898 3296 diem
913 3233 1032 3298 amicos
1046 3251 1174 3298 nostros
1187 3234 1221 3298 in
1236 3249 1350 3316 metu,

281 3324 518 3410 «adversarios,
534 3331 562 3394 si
582 3331 641 3418 qui
661 3331 839 3396 etiamnum
857 3336 969 3400 Romae
990 3351 1084 3415 sunt,
1102 3337 1137 3400 in
1153 3358 1209 3424 spe
1226 3339 1349 3404 venari

279 3449 413 3514 «passus
429 3453 543 3494 essem.
561 3432 677 3519 Neque
694 3433 835 3500 militum
854 3435 1095 3517 lassitudinem,
1116 3459 1177 3500 aee
1192 3439 1349 3502 Fortunas

278 3527 550 3594 «inconstantiam
578 3534 770 3613 objeceritis.
793 3537 946 3602 Viverent
973 3537 1081 3604 adhuc
1102 3540 1260 3604 immensa
1283 3539 1348 3604 bo·

278 3628 401 3692 «stium
423 3632 572 3719 agmina,
597 3655 705 3721 neque
727 3639 929 3723 prenestinis
952 3640 1112 3706 moenibus
1130 3639 1273 3705 Marium
1293 3641 1348 3706 in·

277 3730 447 3796 «clusnset
470 3734 665 3816 necessitas,
688 3737 715 3800 si
736 3736 777 3802 ad
799 3739 1019 3827 Sacriportum
1043 3739 1093 3804 his
1108 3741 1311 3828 argumentis
1330 3765 1348 3803 a

276 3855 409 3920 «pugna
424 3833 559 3899 firissem
578 3837 778 3904 absterritus.

321 3933 379 3999 xl.
399 3935 540 4000 «Milites
557 3937 640 4018 mei,
658 3940 754 4004 etiam
768 3941 862 4022 fessi,
880 3941 963 4006 bene
982 3965 1126 4030 pugnare
1140 3959 1298 4032 possunt;
1315 3959 1348 4008 et

311 4127 328 4190 S
343 4130 377 4176 X.
393 4131 498 4195 Appias.
