2875 4900
231 389 286 460 IN
314 388 427 460 hoc.
453 388 547 458 Lllt.
572 387 781 460 LXXVIII
809 385 1025 458 LIVIANI.
1113 387 1158 482 37

97 507 431 597 prosequentiumque
439 507 544 590 narba,
554 509 588 573 in
598 509 768 598 publicum
779 507 945 597 prooessit.
955 509 1026 572 lam
1034 524 1162 573 arctata

95 611 204 699 plateae
222 625 315 674 erant
325 610 448 674 exitum
464 611 533 691 ejus
544 612 800 699 praestolantium
815 610 928 692 turba,
938 610 1162 698 maximusque

96 713 343 802 peregrinorum
365 710 672 801 oppidanorumqne
701 735 858 778 numerus
882 728 1063 801 montanea
1082 733 1164 776 con·

97 815 187 878 cione
208 813 413 878 Ceramicurn
429 813 644 902 impleverat:
665 813 750 880 circa
770 814 879 903 ipsum
903 812 1067 902 precipue
1088 833 1163 901 pre·

97 916 203 985 nebat
216 915 304 980 inter
321 937 356 978 se
370 915 530 1003 populus,
545 913 719 980 satellitum
734 915 840 980 vicem
857 912 1090 978 comitantibus
1101 912 1161 976 ha·

97 1017 201 1098 statis,
214 1014 290 1104 qui,
303 1029 342 1080 ut
350 1015 475 1103 populo
488 1015 671 1103 placerent,
682 1015 747 1081 hoc
762 1038 885 1082 munias
896 1030 1092 1105 rapuerant:
1105 1013 1161 1078 alii

96 1139 154 1206 pro
178 1139 300 1208 magno
323 1115 505 1199 ducebant,
522 1117 550 1182 si
572 1117 625 1182 vel
647 1117 840 1182 vestimenta
858 1116 1001 1182 hominis
1027 1130 1162 1205 possent

97 1233 296 1307 contrngcre.

136 1319 252 1384 XLIV.
274 1323 360 1386 Ante
377 1319 540 1408 porticum
557 1319 655 1384 Attali
675 1334 876 1386 exstructum
899 1319 1044 1385 tribunal
1067 1335 1159 1402 erat,

95 1419 182 1486 unde
208 1420 397 1486 concionari
423 1419 634 1508 proconsules
659 1421 788 1486 romani
814 1435 1061 1486 consueverant.
1086 1421 1160 1485 Hoc

95 1543 289 1603 conscenso,
297 1521 457 1603 Aristion,
470 1522 743 1611 circumspectans
758 1523 794 1586 in
806 1521 939 1603 orbem,
952 1521 1072 1588 deinde
1084 1523 1162 1587 sub-

94 1621 163 1686 latis
185 1621 222 1686 in
245 1621 360 1688 ciclum
378 1621 499 1704 oculis,
521 1625 608 1688 «Res
631 1623 700 1712 ipsa
725 1645 779 1688 me
798 1623 905 1712 cogit,
927 1623 1161 1705 Athenienses,

94 1723 297 1838 patriaeque
314 1723 442 1806 caritas,
465 1723 591 1812 inquit,
608 1739 646 1790 ut
651 1747 751 1814 ,quse
773 1723 854 1788 mihi
877 1739 1043 1812 comperta
1065 1740 1163 1806 sunt,

94 1846 182 1888 non
190 1824 364 1906 reticeam
377 1824 518 1890 vicissim
528 1847 649 1890 eorurn
653 1824 895 1915 quedrcenda
903 1840 982 1891 sunt
987 1827 1161 1917 ,gasitan

93 1941 148 1990 et
157 1923 356 1990 incredibilis
368 1948 478 1990 rerum
492 1927 663 1992 conversio
674 1949 791 1992 vocem
805 1925 1024 1992 intercludit.
1036 1926 1163 1994 Adhor-

94 2025 240 2092 tantibus
264 2025 383 2092 deiude
401 2027 547 2110 cunctis,
568 2045 607 2093 ut
628 2029 904 2118 proloqueretur.
925 2027 1073 2118 s'ano
1063 2029 1163 2118 rgitur

93 2125 252 2192 dicenda
264 2143 343 2192 sunt
352 2128 500 2216 ‚inquit,
516 2129 623 2245 qualia
643 2151 758 2219 neper
772 2129 939 2196 somnium
954 2130 1087 2298 quidem
1104 2151 1161 2194 ex·

95 2231 446 2318 «spectarequisquum
458 2230 626 2320 potuisset.
1228 2288 1232 2293 .

136 2331 237 2395 XLV.
248 2333 340 2394 Rex
349 2331 553 2396 Mithridates
565 2331 748 2422 Bithyniam
764 2332 893 2397 obtinet
900 2280 1020 2420 ‚atque
1033 2333 1161 2428 Cappa·

94 2464 107 2487 ι
118 2431 266 2511 dodam,
275 2431 386 2499 Asiam
403 2448 556 2521 praetem
573 2456 706 2500 omnem
723 2433 765 2499 ad
784 2433 991 2522 Pamphylios
1004 2456 1110 2522 usque
1127 2449 1161 2499 et

93 2566 107 2589 ι
123 2534 248 2599 Cilicas.
265 2534 368 2623 Reges
381 2534 614 2600 Armeniorum
632 2534 894 2623 Persarumqne'
886 2558 921 2599 ιιι
935 2534 1084 2600 satellitio
1101 2536 1161 2599 ha·

93 2636 194 2713 «het,
209 2635 445 2723 Moeotieosque
462 2636 611 2727 regulos,
630 2636 734 2724 etqui
748 2637 847 2701 Ponti
865 2636 1053 2701 universum
1068 2636 1160 2699 illurn

92 2767 107 2790 ι
117 2735 280 2800 ambitum
298 2758 358 2824 per
375 2736 505 2825 triginta
522 2736 701 2802 stadiorum
718 2737 817 2801 millia
831 2737 1009 2827 possident.
1021 2736 1161 2801 Romani

94 2868 108 2893 ι
119 2860 200 2901 vero
219 2836 337 2917 duces,
352 2837 394 2919 Q.
416 2838 540 2927 Oppius
562 2838 758 2927 Pamphyliae
775 2838 953 2926 proconsul
969 2838 1004 2901 in
1020 2836 1160 2901 vinculis

94 2938 287 3025 «sequitur,
308 2938 438 3003 Manius
455 2939 617 3027 Aquillius
637 2938 811 3004 consulatu
835 2938 983 3017 furimus,
1008 2950 1041 3001 et
1056 2936 1160 3001 siculo

92 3070 105 3095 ι
118 3038 290 3127 triumpho
306 3038 458 3129 insignis,
475 3041 659 3105 Bastarnam
673 3037 849 3128 quemdam
865 3038 1011 3125 quinque
1028 3036 1160 3101 cubito·

93 3174 105 3197 ·
119 3162 198 3205 rum
211 3139 398 3221 hominem,
412 3154 523 3205 catena
534 3138 647 3205 eadem
658 3140 805 3236 sinonis,
817 3136 875 3201 sed
890 3136 1033 3224 equitem
1042 3136 1161 3225 pedes,

93 3264 156 3305 -se
179 3256 279 3305 uitur.

137 3263 257 3406 IIILVI.
270 3372 283 3397 ι
294 3344 416 3407 Caetera
424 3356 609 3431 togatorum
625 3339 782 3405 turbavel
795 3337 838 3403 ad
852 3338 921 3428 ipsa
937 3340 1111 3404 numinum
1121 3341 1164 3404 si·

94 3474 107 3499 ι
120 3444 264 3508 mulacra
280 3441 397 3507 effrrdit
415 3443 580 3531 spiritum,
593 3442 658 3525 rel,
670 3440 795 3521 abjecto
810 3440 916 3528 patrio
931 3441 1037 3525 cultu,
1048 3442 1165 3529 pallio·

92 3574 106 3601 ι
121 3542 365 3609 rumhenelicio
375 3560 490 3609 servat.
499 3544 651 3609 Civitates
662 3559 772 3607 autem
784 3543 1163 3633 omnesaugustioribus,

93 3678 108 3701 ι
121 3666 222 3732 quam
245 3644 414 3709 hominem
431 3646 477 3709 fas
493 3662 563 3728 est,
587 3643 770 3709 honoribus
785 3660 972 3731 exceptum,
995 3642 1094 3708 deum
1113 3644 1163 3708 fa·

93 3778 106 3803 ·
124 3762 240 3811 teritur
260 3762 294 3810 et
309 3762 501 3834 nuncupant
520 3768 528 3809 :
552 3744 681 3809 oracula
700 3765 834 3833 quoqne
851 3745 971 3832 passim
989 3744 1082 3809 hunc
1105 3742 1164 3807 de·

90 3881 103 3907 .
121 3848 288 3937 signatum
304 3868 323 3910 a
343 3845 405 3911 diis
421 3846 593 3912 dominum
612 3862 646 3911 ct
662 3862 821 3911 rectorem
840 3846 929 3911 orbis
943 3860 1076 3909 canum.
1097 3842 1164 3908 Sed

90 3979 103 4005 ι
120 3963 155 4013 et
171 3946 293 4012 adsunt
310 3945 351 4011 ab
366 3946 436 4033 ipsa
458 3948 548 4013 ltalia
562 3948 675 4037 legati3
696 3946 817 4013 adsunt
831 3960 865 4010 et
881 3947 923 4010 ab
941 3946 1011 4033 ipsa
1027 3945 1164 4010 Cartha·

90 4080 105 4104 ι
121 4051 216 4137 gine;
239 4064 291 4128 et,
310 4047 353 4113 ad
370 4048 557 4115 evertendas
582 4050 694 4114 Ilonue
710 4070 809 4137 opes,
824 4046 1000 4111 amicitiam
1026 4044 1110 4135 regit
1132 4062 1166 4110 et

91 4180 105 4203 ι
124 4148 310 4213 societatem
330 4163 486 4236 expetunt
500 4182 524 4213 υ.
1009 4168 1020 4188 ·
