2875 4900
302 363 357 430 IN
388 361 505 430 LOC.
530 360 622 428 LlB.
651 361 739 426 CXI
770 361 988 430 LlVlANl.
1113 388 1184 460 7¹9

109 481 302 571 colloquium
319 493 490 546 vammum
502 503 514 542 :
527 480 635 570 agitur
651 502 717 544 una
732 481 829 544 etiam
843 482 1015 570 utrinque,
1030 485 1187 571 quemad-

110 582 249 648 modum
264 598 338 648 tuto
359 581 454 672 legati
469 581 598 662 venire,
615 595 664 661 et,
683 603 758 668 quaa
776 581 915 664 vellent,
930 605 1094 678 euponere
1107 610 1184 676 pos·

109 700 194 750 sent·

154 785 259 850 XVII.
272 782 337 847 Sed
350 805 455 871 quum
466 783 501 846 in
511 782 730 848 constitutum
742 785 853 850 locum
864 785 901 850 P.
917 787 1067 852 Vatinius
1077 790 1184 854 venis-

108 905 177 968 set,
193 903 227 952 et
241 907 319 950 cum
340 907 380 949 eo
401 884 494 972 loqui
516 885 554 948 T.
574 883 738 948 Labienus
756 886 920 973 coepisset,
943 909 984 951 ex
1005 888 1183 977 improviso

108 989 170 1054 tels
185 988 312 1054 suntin
329 985 498 1052 Vatinium
511 983 677 1065 conjecta;
692 1008 765 1073 quae
774 986 827 1050 ille
841 987 983 1052 militum
998 987 1095 1053 mmis
1109 1013 1185 1078 pro·

107 1105 214 1154 tectus
231 1087 366 1154 vitavit:
383 1085 593 1152 centuriones
614 1083 741 1171 aliquot
756 1086 942 1174 militesque
965 1088 1097 1154 Caesaris
1113 1091 1184 1154 vul·

108 1192 211 1256 norati
228 1206 322 1271 sunt,
345 1189 544 1254 exclamante
563 1185 727 1266 Labieno,
744 1187 913 1252 «Desinite
934 1212 1012 1278 ergo
1032 1187 1075 1252 de
1091 1213 1183 1254 com·

106 1293 293 1381 apositione
319 1291 411 1379 loqui
432 1313 442 1354 t
460 1312 536 1354 nam
561 1288 677 1369 nobis,
696 1287 761 1351 nisi
782 1289 884 1352 relato
906 1291 1039 1355 Caesaris
1057 1292 1182 1381 capite,

106 1427 119 1451 «
129 1416 192 1484 pax
206 1417 275 1460 esse
288 1394 376 1458 nulla
387 1407 524 1481 potest».
539 1389 660 1456 lisdem
673 1389 877 1477 temporibus
888 1391 1000 1456 Rome
1012 1394 1048 1457 L.
1064 1393 1184 1460 Coelius

105 1497 213 1562 Rufus
237 1512 372 1584 praetor,
397 1515 555 1558 novarum
579 1513 691 1558 rerum
716 1489 884 1554 materiam
907 1492 1090 1577 querebat,
1112 1515 1181 1558 non

104 1619 218 1661 amore
230 1595 433 1684 reipublice,
446 1609 504 1656 aut
516 1591 609 1679 quod
619 1613 751 1679 aequum
765 1613 852 1673 esse,
867 1591 957 1678 quod
968 1593 1098 1682 agebat,
1113 1619 1183 1660 cre·

105 1697 217 1780 deret,
231 1697 287 1762 sed
300 1696 414 1762 dolore
430 1709 528 1781 atque
543 1693 770 1784 indignatione
781 1709 908 1775 motus,
922 1693 1006 1758 sicut
1017 1696 1085 1784 ipse
1101 1720 1182 1762 con·

105 1801 268 1864 litebatur.
287 1799 397 1864 Homo
414 1811 482 1860 erat
498 1795 629 1882 eloquio
643 1795 819 1882 animoque
831 1794 967 1860 Curioni
977 1797 1180 1883 simillimus,

104 1901 199 1982 cujus
216 1901 312 1964 etiam
329 1898 484 1986 pellectus
501 1897 657 1976 amicitia,
672 1911 705 1960 et
719 1894 797 1960 odio
813 1895 931 1984 Appii,
946 1918 1044 1984 quem
1057 1900 1180 1968 sciebat

103 2001 138 2064 in
157 2001 292 2065 diversis
310 1999 456 2088 partibus
479 1999 566 2082 fore,
588 1997 630 2064 ad
648 1999 807 2062 Caesarem
822 1997 922 2062 simul
942 2021 981 2062 ex
997 2000 1087 2066 Urbe
1101 2025 1179 2090 pro·

103 2105 247 2192 lisgerat3
261 2101 361 2189 idque
377 2101 421 2164 ob
436 2100 590 2164 meritum
606 2117 780 2188 praeturam
794 2120 900 2190 nuper
913 2119 981 2166 erat
993 2124 1179 2192 consequu-

102 2221 167 2268 tus.
185 2203 249 2268 Sed
263 2204 338 2291 quia
355 2203 393 2266 C.
411 2201 611 2267 Trebonium
627 2217 800 2290 praetorem
815 2200 980 2268 urbanum
997 2225 1065 2266 non
1087 2226 1176 2286 sors,
1255 2234 1259 2241 >

101 2304 161 2369 sed
187 2307 293 2370 Caesar
316 2303 488 2384 effecerat,
517 2303 672 2366 omnibus
695 2303 731 2366 in
756 2303 854 2368 rebus
877 2303 925 2367 illi
951 2327 986 2368 se
1008 2327 1177 2394 opponere

101 2407 252 2473 instituit.
279 2406 350 2473 Nisi
376 2405 461 2470 forte
483 2405 585 2470 horno
606 2402 866 2494 ingeniosissime
890 2427 1057 2494 nequam,
1085 2410 1177 2496 quasi

101 2512 325 2575 honestiorem
336 2509 420 2573 bano
434 2530 562 2573 causam
579 2508 766 2596 protexuit,
778 2508 888 2596 potius
904 2509 976 2573 eris
992 2508 1089 2573 alieni
1108 2534 1176 2575 ma-

101 2612 293 2703 gnitudine,
310 2627 349 2676 ut
371 2612 424 2675 alii
447 2610 561 2691 multi,
583 2607 690 2672 adres
707 2607 1064 2697 novandasuimpulsus,
1083 2610 1174 2699 quod

100 2714 221 2779 servari
234 2736 269 2778 se
281 2736 376 2803 posse
391 2714 424 2776 in
439 2714 507 2776 otio
524 2709 726 2799 desperabat.

143 2815 266 2879 xv111.
285 2814 411 2879 idcirco
433 2812 587 2877 tribunali
602 2810 693 2891 juxta
709 2809 820 2875 sellam
841 2812 878 2876 C.
896 2810 1052 2877 Trebonii
1071 2813 1174 2878 collo·

99 2934 190 2998 cato,
209 2916 233 2980 si
252 2918 325 3003 quis
340 2915 546 3003 appellasset,
564 2912 682 2977 auxilio
699 2913 769 2975 fore
787 2912 1001 3000 pollicebatur
1016 2912 1174 2979 debitori·

100 3018 173 3083 bus.
191 3016 255 3082 Sed
265 3018 342 3105 quia
358 3016 541 3081 Trebonius
555 3016 647 3095 juxta
659 3014 792 3079 Caesaris
803 3015 979 3080 constituta
988 3014 1173 3100 judicabat,

98 3141 327 3207 summamque
351 3119 385 3183 in
409 3118 563 3183 omnibus
582 3116 768 3205 aequitatem
793 3132 891 3203 atque
914 3116 1173 3184 moderationem

97 3222 291 3302 adhibebat,
308 3243 405 3285 nemo
418 3236 565 3308 repertus
579 3233 645 3300 est,
661 3218 719 3306 qui
732 3218 892 3305 appellare
906 3216 1013 3283 vellet.
1026 3219 1070 3285 Iis
1084 3220 1172 3285 enim

98 3323 300 3411 temporibus
320 3320 470 3386 nondum
488 3336 577 3385 tanta
595 3320 770 3408 quisquam
787 3336 856 3384 erat
874 3318 1097 3408 impudentia,
1114 3340 1172 3406 ut,

97 3446 201 3510 quum
218 3446 252 3487 se
267 3423 386 3488 debere
399 3422 571 3501 fateretur,
587 3421 727 3511 integras
742 3439 852 3486 tenere
865 3422 1085 3508 possessiones
1097 3447 1172 3490 suas

96 3523 285 3609 postularet.

140 3626 232 3695 xlx.
251 3622 377 3688 Idcirco
393 3624 529 3706 Caelius,
549 3646 591 3687 ne
608 3624 690 3688 nihil
707 3624 852 3689 effecisse
865 3622 1048 3705 videretur,
1066 3625 1171 3715 legem

96 3726 332 3815 promulgarit,
363 3726 497 3791 sexenni
520 3724 593 3807 die,
621 3726 691 3790 sine
714 3724 844 3808 usuris,
871 3725 1000 3791 ereditas
1025 3728 1171 3813 pecuniae

129 3962 146 4028 s
163 3964 234 4011 xv1.
251 3963 332 4012 eme.
346 3962 391 4012 ab.
406 3964 484 4021 xm,
496 3980 523 4027 p.
534 3963 595 4023 61¹7,
606 3974 631 4012 n
643 3962 711 4011 altat.
727 3989 761 4000 -
778 3964 840 4013 ca
856 3962 920 4027 -ς
939 3962 1024 4009 xva.
1037 3962 1091 4011 etv.
1102 3966 1170 4029 apa.

95 4074 128 4083 -
144 4048 196 4097 Cic.
207 4047 238 4095 ad
248 4048 333 4097 Famil.
341 4049 417 4105 vm,
430 4061 469 4105 ¹7·
479 4072 515 4081 -
524 4046 589 4095 vett.
602 4048 641 4105 11,
663 4048 707 4094 68.
723 4072 759 4083 ···
773 4044 839 4103 nto,
850 4044 894 4093 lib.
905 4045 985 4093 xm.
999 4042 1062 4109 —s
1075 4049 1172 4097 xvtlt.

94 4130 156 4179 Cas.
