2875 4900
256 414 302 489 86
431 372 869 487 10.ΕΒΕΙΝ5ΗΕΜΙΙ
901 417 1150 487 surrnsu.

255 559 359 627 quum
374 538 476 618 Sulla,
488 537 581 602 fessis
595 539 740 629 integros
752 538 964 619 submittens,
981 538 1072 602 huno
1087 560 1193 603 unum
1209 554 1331 603 restare

254 640 399 703 laborem
413 639 607 723 clamitaret;
622 661 731 727 neque
742 641 906 728 reliquum
917 638 1097 727 quidquam
1112 638 1241 719 faceret,
1250 662 1332 726 quo·

256 742 364 805 minus
382 742 565 829 promissis,
582 742 735 830 imperio,
750 743 862 819 minis,
876 741 976 807 modo
993 741 1071 821 bos,
1088 740 1191 805 modo
1205 742 1277 805 illos
1288 742 1331 805 ad

254 842 438 931 spernenda
456 844 614 931 pericula,
632 866 812 933 murosque
828 846 861 909 vi
877 842 1157 909 transcendendos
1171 844 1330 909 incitaret.

253 947 370 1034 Neque
383 946 493 1010 minus
505 946 706 1027 animorum,
720 963 777 1011 aut
790 946 960 1011 industriae
972 945 1133 1011 Archelao
1147 961 1330 1033 supererat,

255 1048 412 1136 perculsis
425 1062 525 1135 atque
540 1048 673 1131 sauciis,
690 1070 828 1136 corpore
843 1063 942 1136 atque
957 1048 1073 1112 animo
1085 1064 1232 1112 recentes
1250 1048 1332 1112 sub·

256 1148 332 1213 inde
339 1148 468 1228 jubenti
482 1148 671 1232 succedere3
683 1148 791 1213 donec
801 1150 950 1240 fatigatos
962 1148 1078 1237 iniquo
1090 1149 1202 1237 praelio
1211 1148 1332 1211 milites

256 1250 342 1315 Sulla
363 1251 552 1331 miseratus,
574 1250 720 1340 receptui
741 1252 875 1333 cecinit,
896 1273 1001 1338 quum
1019 1250 1089 1328 ejus
1111 1247 1176 1313 diei
1198 1250 1332 1313 fortuna

255 1352 326 1441 pari
340 1353 426 1417 inter
437 1374 472 1419 se
485 1353 603 1416 robore
619 1353 797 1441 praeliatus,
812 1354 909 1417 ctiam
926 1351 1125 1417 detrimento
1136 1350 1332 1414 amissorum

256 1455 413 1541 utrinque
430 1453 569 1517 militurn
584 1455 787 1541 aequavisset.

299 1556 436 1621 XXVII.
447 1556 640 1637 Archelaus,
652 1579 694 1621 ne
707 1572 840 1621 noctem
853 1555 988 1643 quidem
1000 1557 1068 1619 suis
1085 1552 1228 1641 quietam
1241 1554 1334 1616 abire

257 1680 386 1746 passus,
402 1642 589 1747 reparandis
606 1659 764 1723 moeuium
775 1658 879 1721 ruinis
892 1678 1025 1744 operam
1037 1654 1128 1721 dedit
1139 1678 1147 1718 :
1159 1655 1243 1718 intra
1257 1676 1334 1717 mu·

256 1782 331 1823 rum
351 1759 469 1823 multas
483 1760 642 1823 exstruxit
657 1757 873 1839 munitiones,
890 1760 926 1821 in
943 1760 1030 1823 Iunae
1044 1758 1185 1846 speciem
1204 1756 1333 1819 sinuata

257 1858 381 1940 fronte,
398 1882 465 1947 quo
479 1861 629 1948 pluribus
641 1884 680 1925 ex
692 1860 839 1949 partibus
853 1862 887 1924 in
903 1861 1033 1924 hostem
1050 1859 1183 1923 missilia
1191 1860 1336 1938 jaceren-

257 1977 321 2026 tur.
337 1962 415 2038 Eas,
430 1962 511 2027 dum
526 1962 635 2027 adhuc
648 1986 761 2027 recens
773 1964 866 2027 labor
876 1964 1002 2026 facilius
1016 1961 1176 2025 machinis
1188 1960 1334 2041 cederet,

258 2086 373 2153 magna
389 2065 420 2128 vi
434 2086 627 2153 oppugnare
643 2065 731 2128 Sulla
747 2066 847 2153 coepit
858 2088 866 2128 :
879 2064 937 2128 sed
951 2062 1100 2151 undique
1116 2064 1188 2126 telis
1204 2062 1334 2151 exposi-

258 2182 325 2247 tus,
341 2188 446 2253 quum
463 2165 584 2229 multos
599 2164 703 2229 occidi
716 2166 946 2253 vulneratique
960 2180 1124 2245 cerneret,
1136 2162 1260 2241 abjecta
1274 2184 1335 2249 spe

216 2314 218 2320 ,
259 2266 407 2355 capiendi
428 2268 569 2356 pervim
592 2267 719 2355 oppidi,
744 2285 782 2332 ut
805 2284 1051 2333 commeatuum
1074 2267 1184 2354 inopia
1202 2282 1335 2355 cogeret

258 2368 299 2433 ad
312 2368 513 2433 deditionem
526 2369 691 2449 obsessos,
705 2368 746 2432 de
757 2369 890 2457 reliquo
896 2368 1055 2433 abstinuit
1064 2366 1334 2456 oppugnatione,

259 2470 366 2536 claudi
387 2488 512 2536 tantum
533 2471 658 2554 aditus,
678 2493 721 2536 ne
737 2473 795 2560 qui
811 2473 917 2552 exire,
940 2495 1021 2534 neve
1046 2469 1173 2560 ingredi
1196 2470 1336 2555 impune

258 2588 408 2662 possent,
423 2575 527 2653 jussit.

303 2677 457 2741 XXVIII.
477 2677 568 2765 Ipse,
591 2695 681 2764 parte
703 2678 871 2766 copiarum
891 2691 1077 2762 assumpta,
1097 2672 1239 2736 Athenas
1257 2692 1336 2760 per·

259 2780 360 2860 rexit3
383 2779 441 2843 ubi
467 2780 647 2868 graviorem
671 2781 703 2842 in
729 2779 796 2843 dies
816 2801 981 2842 annonam
1001 2777 1133 2857 factam,
1156 2777 1274 2855 etjam
1291 2775 1336 2839 ad

260 2895 402 2944 extrema
417 2880 615 2944 necessitatis
632 2897 826 2968 perventum
840 2880 1052 2943 intellexerat.
1066 2878 1228 2943 lumentis
1244 2877 1336 2941 enisu

259 2980 414 3044 omnibus
429 2980 627 3069 absumptis,
642 2982 740 3045 etiam
754 2981 898 3045 oleribus
914 2996 947 3044 et
960 2981 1070 3044 herbis
1079 2981 1221 3060 vescuis,
1234 2979 1336 3068 vulgo

254 3082 321 3161 jam
337 3107 356 3146 a
372 3083 488 3172 tegulis
505 3083 737 3171 parietinisque
750 3082 949 3147 Parthenion
968 3082 1181 3169 (urceolcrem
1196 3081 1336 3145 herbam
1365 3159 1369 3166 .

257 3185 362 3249 Latini
381 3184 516 3270 vocant)
536 3185 570 3248 in
590 3187 713 3250 victum
737 3185 942 3250 vellebatur:
962 3185 1015 3249 alii
1034 3185 1356 3248 calceamentorum·

258 3281 540 3372 ampullarumque
565 3287 661 3350 coriis
686 3287 900 3350 morabantur
924 3285 1128 3350 deficientem
1156 3286 1336 3374 spiritum3

259 3385 356 3448 etiam
374 3385 517 3450 humana
535 3409 672 3476 corpora
692 3405 857 3476 coeperant
871 3389 905 3452 in
922 3390 1033 3453 cibum
1048 3389 1129 3453 verti
1146 3410 1245 3453 :nam
1262 3389 1337 3451 fru-

262 3485 363 3550 menti
375 3486 508 3573 quidem
522 3488 709 3552 medimnus
724 3490 812 3553 mille
821 3489 963 3554 denariis
977 3489 1206 3554 aestimabatur.
1217 3489 1337 3576 Neque

260 3588 324 3650 hoe
339 3588 559 3653 tristissimum
579 3590 794 3677 pereuntibus
810 3606 894 3667 erat,
914 3590 971 3655 sed
988 3590 1078 3679 quod
1093 3607 1253 3679 tyrannus
1267 3589 1338 3654 Ari·

259 3689 345 3754 stiou
362 3689 395 3752 in
407 3711 443 3753 ea
456 3691 585 3779 publica
599 3693 738 3778 penuria
749 3692 897 3780 quotidie
915 3717 991 3758 eum
1005 3695 1071 3757 suis
1085 3692 1336 3780 compotoribus

258 3791 403 3856 hilariter
416 3793 628 3880 epulabatur3
646 3817 706 3858 nec
722 3795 823 3860 modo
838 3793 1023 3860 fatiscentes
1036 3793 1144 3858 inedia
1155 3794 1259 3870 cives,
1277 3793 1336 3858 sed

260 3895 357 3958 etiam
380 3895 578 3960 exstinctum
602 3897 664 3960 olei
688 3897 800 3986 iuopia
820 3899 975 3962 Minervae
998 3919 1126 3961 sacrum
1146 3898 1276 3985 ignem,
1300 3896 1336 3958 in

262 3995 323 4059 leri
341 3997 495 4082 ponebat.

295 4135 310 4200 S
324 4135 446 4184 xxv111.
457 4136 519 4184 Plin.
529 4139 619 4195 xxti,
639 4141 677 4186 ιθ.
691 4166 726 4176 -
739 4139 842 4187 Plutia
861 4138 942 4196 Sulla,
961 4155 1088 4198 c.17.-
1106 4139 1154 4184 Dio
1170 4136 1238 4200 apud
1254 4137 1338 4184 Vales.

260 4245 294 4258 -·
311 4219 377 4268 FIor.
390 4221 439 4280 111,
456 4221 479 4268 5.
