2875 4900
292 411 347 482 IN
379 411 491 479 LOC.
519 409 612 478 LIB.
641 409 729 478 CIX
758 409 970 480 LIVIANI.
1100 409 1173 507 673

94 534 134 597 iis
156 533 242 598 itanc
262 529 304 596 de
329 530 439 620 Magio
461 529 627 618 querelam
648 551 718 594 esse
739 545 839 617 puto,
862 553 967 618 quum
984 531 1055 619 ipse
1069 535 1174 600 Caesar

94 631 212 698 iisdem
223 631 339 698 diebus
350 630 391 696 ad
405 629 550 720 Oppium
562 647 596 696 et
606 630 796 694 Cornelium
807 631 982 696 Brundisio
993 633 1173 723 scripserit,

94 735 186 800 aCn.
206 733 365 822 Pompeio
386 733 521 798 missum
537 753 607 798 esse
622 734 684 797 Cn.
698 731 845 822 Magium
858 733 901 798 de
916 757 1013 822 pace3
1032 759 1084 820 se,
1099 759 1173 826 quat

93 837 164 902 visa
180 837 341 918 fuissent,
356 833 573 924 respondisse.

140 939 258 1004 LXXI.
275 939 328 1004 Sic
343 937 429 1026 pacis
447 936 646 1026 cogitatione
661 935 926 1024 quibuscumque
941 936 1101 1004 decausis
1116 961 1173 1029 po-

95 1042 186 1106 nitus
202 1041 345 1123 abjecta,
364 1039 429 1104 hoo
448 1061 544 1129 agere
566 1037 682 1126 ooepit,
702 1055 743 1103 ut
762 1053 821 1102 aut
839 1039 1033 1128 Pompeiam
1055 1063 1172 1130 qum.

94 1143 241 1231 primum
258 1141 404 1221 trajicere
422 1155 571 1229 cogeret,
591 1155 649 1203 aut
666 1139 758 1203 exitu
773 1139 975 1227 prohiberet.
992 1141 1096 1232 Igitur
1118 1167 1172 1210 ca-

93 1243 172 1308 stris
188 1242 230 1308 ad
248 1258 357 1334 portas
377 1239 490 1329 oppidi
509 1239 639 1329 positis,
656 1261 741 1327 opus
763 1261 920 1329 magnum
940 1256 973 1305 et
990 1245 1171 1308 multorum

94 1345 244 1427 dierum,
263 1360 398 1433 propter
419 1341 624 1408 altitudinem
646 1342 762 1422 maris,
784 1341 945 1425 instituit,
967 1343 1010 1406 ab
1031 1360 1172 1434 utroque

94 1461 212 1537 portus
235 1467 341 1511 cornu
360 1444 463 1510 moles
483 1443 616 1525 jaciens.
637 1443 716 1521 Ejus
736 1444 844 1531 operis
865 1444 950 1508 ratio
966 1467 1033 1510 non
1055 1447 1172 1513 melios

94 1547 235 1636 exponi,
251 1569 350 1635 quam
362 1545 403 1609 ab
418 1567 458 1609 eo
471 1544 604 1634 ingenio
618 1558 744 1632 potest,
760 1565 779 1607 a
795 1566 863 1631 quo
874 1545 1091 1635 excogitatum
1103 1549 1172 1630 jus·

93 1671 237 1736 sumque
249 1647 323 1713 fuit.
338 1647 413 1730 Qua
427 1647 536 1712 fauces
551 1661 643 1710 erant
655 1644 892 1734 angustissime
905 1661 1035 1734 portus,
1049 1651 1170 1716 molem

92 1765 196 1836 atque
214 1771 366 1838 aggerem
387 1747 428 1812 ab
447 1763 586 1836 utraque
608 1761 699 1834 parte
717 1745 822 1810 litoris
836 1745 994 1830 jaciebat,
1011 1751 1103 1837 quod
1120 1753 1172 1817 his

93 1851 176 1914 locis
193 1865 262 1914 erat
276 1873 364 1914 mare
379 1847 539 1913 vadosum
557 1870 565 1911 :
584 1846 716 1936 longius
731 1869 938 1936 progressus,
955 1873 1058 1936 quum
1074 1875 1173 1942 agger

93 1951 204 2016 altiori
221 1974 305 2040 aqua
322 1950 484 2016 contineri
500 1971 569 2015 non
585 1966 713 2038 posset,
734 1964 818 2012 rates
839 1947 1001 2038 duplices,
1017 1973 1172 2041 quoquo.

93 2073 209 2116 versus
232 2049 356 2140 pedum
375 2051 491 2132 XXX,
516 2048 684 2138 eregione
703 2048 900 2132 collocabam
923 2051 982 2116 has
1004 2057 1170 2141 quaternis

92 2151 224 2215 ancoris
245 2175 285 2217 ex
303 2167 444 2240 quatuor
459 2151 586 2240 angulis
606 2148 806 2233 destinabat,
828 2174 871 2216 ne
891 2150 1044 2220 fluctibus
1059 2179 1171 2223 move·

93 2267 234 2317 rentur:
249 2252 300 2318 his
315 2252 484 2340 perlectis,
502 2250 749 2339 collocatisque,
761 2252 837 2317 alias
853 2253 1006 2344 deinceps
1018 2258 1087 2346 pari
1101 2281 1172 2324 ma-

93 2352 269 2442 gnitudine
285 2370 369 2419 rates
388 2353 548 2443 jungebat
565 2376 573 2416 :
593 2353 651 2416 has
668 2368 752 2416 terra
768 2369 867 2443 atque
881 2377 997 2446 aggere
1014 2375 1169 2450 contege·

93 2454 170 2537 bat3
183 2477 225 2519 ne
234 2454 340 2521 aditus
353 2471 450 2543 atque
464 2456 614 2520 incursus
625 2453 666 2519 ad
682 2454 928 2522 defendendum
939 2460 1166 2549 impediretur,

92 2580 113 2623 a
135 2558 245 2621 fronte
263 2576 361 2646 atque
377 2558 418 2623 ab
434 2573 576 2645 utroque
592 2557 689 2621 latere
706 2558 849 2622 cratibus
865 2584 904 2624 ac
916 2560 1036 2650 pluteis
1060 2580 1169 2652 prote·

93 2658 193 2750 gebat
210 2682 219 2723 :
235 2660 271 2723 in
292 2674 406 2747 quarta
428 2680 558 2748 quaque
575 2680 686 2723 earnm
710 2674 818 2725 turres
835 2661 990 2727 binorum
1007 2664 1168 2731 tabulato-

92 2782 171 2825 rum
189 2760 363 2843 exeitabat,
381 2784 450 2849 quo
467 2759 672 2827 commodius
688 2760 730 2824 ab
749 2761 876 2849 impetu
898 2766 1029 2829 navium
1054 2768 1168 2832 incen-

92 2860 224 2949 diisque
240 2861 441 2928 defenderet.

140 2960 275 3027 LXXII.
294 2964 417 3028 Contra
434 2964 504 3029 haeo
522 2963 697 3053 Pompeius
714 2986 810 3029 naves
829 2988 962 3055 magnas
985 2972 1166 3054 onerarias,

92 3085 177 3152 quas
199 3063 234 3127 in
256 3081 355 3153 portu
377 3065 575 3131 Brundisino
600 3065 877 3156 deprehenderat,
901 3068 1104 3136 adornabat:
1120 3074 1167 3138 ibi

94 3183 203 3230 turres
219 3187 295 3231 cum
311 3166 412 3231 ternis
429 3167 578 3233 tabulatis
595 3169 752 3259 erigebat,
765 3191 885 3257 easque
898 3172 1010 3237 multis
1025 3188 1169 3239 tormen·-

93 3268 156 3347 tis,
177 3282 210 3330 et
229 3267 321 3331 omni
344 3290 464 3359 genere
486 3269 627 3333 telorum
646 3272 840 3360 completas,
856 3270 898 3336 ad
914 3296 1012 3363 opera
1034 3278 1166 3343 Coesarit

92 3368 297 3459 apponebat,
315 3384 354 3433 ut
368 3386 452 3434 rates
469 3388 712 3459 perrumperet,
729 3388 828 3460 atque
840 3394 937 3460 opera
951 3374 1166 3444 disturbaret:

93 3472 142 3535 sic
159 3468 307 3558 quotidie
331 3471 458 3534 eminus
480 3470 636 3559 utrinque
661 3472 789 3553 fundis,
808 3474 950 3563 sagittis,
967 3476 1167 3567 reliquisque

93 3572 166 3639 telis
180 3572 397 3662 pugnabatur.
412 3572 525 3655 Quum
540 3570 582 3636 ad
593 3572 683 3636 hunc
693 3573 830 3637 modum
845 3574 914 3639 dies
930 3578 1032 3640 exacti
1048 3602 1166 3643 novem

93 3688 223 3755 essent,
240 3696 354 3756 naves,
369 3697 442 3762 quoe
457 3674 607 3739 consules
626 3689 939 3763 transportaverant,
955 3678 1166 3744 Brundisium

93 3776 275 3841 redierunt.
295 3778 419 3841 Harum
440 3775 584 3841 adventu
598 3776 793 3864 Pompeius,
816 3778 882 3841 sive
906 3761 1046 3843 Caesaris
1061 3781 1168 3868 operi-

132 3996 149 4063 S
166 3998 460 4059 Lxx.1tto,1tb.xt1.
479 4024 514 4036 -
532 3998 584 4048 Cic.
603 3996 636 4045 ad
654 3995 818 4056 serievm,
839 3997 1056 4057 15.-v011.11‚
1075 4000 1117 4048 51.
1130 4029 1166 4039 -

94 4086 158 4133 cea
174 4110 209 4119 -
227 4085 329 4133 Sueten.
343 4083 369 4131 iu
380 4083 442 4133 Ces.
455 4099 510 4147 cap.
523 4082 566 4129 56.
583 4107 618 4117 -
631 4082 678 4145 Ep.
688 4081 751 4129 Caes.
763 4080 795 4128 ad
805 4082 871 4145 Opp.
881 4093 907 4129 et
919 4082 995 4131 Corn.
1011 4084 1054 4133 lib.
1070 4087 1107 4135 tx
1117 4104 1124 4145 ;
1135 4087 1168 4135 ad

94 4166 175 4215 Arde.
189 4182 229 4231 ep.
242 4169 280 4217 rt.
292 4196 324 4205 -
336 4166 352 4233 S
364 4167 457 4215 Lxxt.
470 4166 521 4215 cic.
533 4164 565 4213 ad
576 4164 653 4213 Attio.
664 4165 715 4224 IX,
731 4171 771 4217 rt.
782 4191 818 4201 -
831 4164 892 4213 Cat.

218 4263 258 4331 X.
927 4260 973 4343 43
