2875 4900
214 407 217 416 ‚
309 381 362 450 sn
394 382 506 450 soc.
533 381 627 448 tra.
655 381 743 448 ext
774 382 988 450 titiant.
1112 383 1181 476 ’μῆ

118 503 226 584 tebet,
252 519 307 582 ut,
330 501 436 566 donec
459 500 716 566 vehementiores
739 501 828 564 venti
854 517 984 581 essent,
1011 503 1183 569 transitum

118 619 282 668 tentarent
296 603 362 683 sui,
376 603 439 664 hoc
453 603 590 666 maxime
604 601 724 664 auxilio
738 602 942 690 perrupturi,
958 625 1041 690 quos
1051 605 1087 668 iu
1100 620 1185 670 tran·

119 704 221 792 quillo
246 703 327 770 suari
355 717 479 766 certum
511 702 552 766 ab
578 701 834 766 instructissimis
860 701 1005 766 hostium
1029 704 1183 770 classibus

120 803 253 868 exitium
270 802 437 882 manebat3
454 801 660 866 Postumium
673 804 707 865 in
722 803 846 868 ltaliam
860 801 965 884 misit,
976 825 1052 866 cum
1062 806 1183 890 episto·

120 905 158 968 lis
175 904 399 969 severioribus.

166 1005 287 1075 xxvt.
308 1006 419 1070 Plures
440 1003 526 1068 eninr
547 1001 696 1082 dederat,
722 1019 775 1085 ut,
793 1004 820 1066 si
844 1001 1020 1085 Gabinius,
1040 1021 1099 1069 aut
1113 1007 1183 1069 Au·

121 1109 251 1188 tonius,
275 1123 332 1170 aut
355 1107 492 1170 Calenus
518 1118 773 1184 cunctarentur,
799 1103 919 1192 quibus
945 1121 1037 1168 erunt
1060 1106 1184 1193 priores

121 1207 283 1272 tradendae
299 1207 418 1286 literae,
437 1205 624 1270 Postumius
642 1204 795 1284 haberet,
812 1227 890 1291 quas
905 1205 1057 1270 exhibere
1074 1207 1185 1273 militi·

122 1306 184 1370 hus
202 1322 324 1395 posset,
344 1307 464 1393 quibus
481 1328 556 1370 eum
571 1305 680 1391 sequi,
699 1321 864 1392 quotquot
880 1307 1074 1388 voluissent,
1091 1307 1186 1387 juhe-

122 1409 251 1472 hantur.
266 1407 449 1495 imperabat
461 1422 587 1487 autem,
601 1406 730 1494 quaudo
736 1419 848 1492 portus
858 1407 900 1468 ab
912 1409 1096 1472 adversariis
1105 1425 1187 1472 teue-

122 1507 253 1587 bantur,
274 1525 308 1574 ut
323 1509 371 1572 ad
385 1507 654 1596 Appolloniatium
673 1506 768 1571 litora
785 1508 931 1595 ejicerent
944 1531 1061 1573 naves:
1076 1533 1186 1576 earum

112 1609 248 1698 jactura
273 1631 303 1671 se
325 1609 407 1673 trahil
430 1610 627 1687 comntoveri,
657 1608 751 1670 modo
773 1610 859 1672 utros
879 1608 1013 1689 labent,
1029 1634 1093 1696 per
1110 1635 1187 1699 quos

120 1709 254 1796 adpuci
260 1723 366 1796 posset
378 1713 495 1774 omnia.
518 1712 678 1773 Caeterum
697 1708 872 1788 Gabinius,
892 1730 911 1770 a
929 1709 1110 1798 riarignndo
1128 1713 1187 1776 ab·

122 1809 280 1890 horrens,
306 1811 405 1900 longo
429 1811 602 1875 circumitu
627 1832 685 1898 per
716 1809 881 1896 Illyricum
909 1811 1037 1895 copias,
1066 1813 1186 1898 quibus
1248 1823 1254 1842 '

122 1927 275 1997 praeerat,
292 1912 430 1976 instituit
446 1911 574 1976 ducere.
597 1913 758 1976 Antonius
776 1926 809 1975 et
829 1912 967 1975 Calenus
984 1913 1093 1998 potius
1110 1937 1187 1978 cum

124 2012 267 2098 periculo
293 2012 484 2076 tentandum
508 2013 637 2077 brevius
664 2011 725 2074 iter
749 2011 996 2090 existimabant,
1019 2032 1117 2096 quam
1145 2013 1187 2078 ad

124 2111 298 2198 imperium
314 2128 347 2176 et
366 2113 587 2176 necessitatem
604 2113 734 2177 Caesaris
751 2113 853 2175 serius
866 2133 1047 2175 occurrere.
1066 2113 1108 2176 Et
1119 2129 1188 2177 erat

123 2236 250 2278 suntme
273 2215 412 2280 militurn
431 2215 592 2294 alacritas,
609 2230 641 2276 et
660 2213 700 2276 ad
720 2216 877 2278 Caesarem
895 2211 1119 2300 proficiscendi
1135 2236 1188 2277 ar·

122 2311 199 2404 dor;
217 2335 331 2378 eorum
348 2314 462 2395 etiam,
481 2314 537 2402 qui
551 2315 647 2401 paulo
663 2329 755 2394 ante,
772 2337 806 2377 se
821 2315 986 2379 laboribus
997 2315 1114 2378 fractos
1128 2314 1188 2394 ob-

120 2413 176 2492 jici
188 2413 353 2499 periculis,
372 2429 492 2502 quanta
508 2413 682 2479 firmissimi
694 2415 747 2480 vix
760 2415 918 2479 sustinere
932 2430 1082 2503 possent,
1096 2433 1189 2480 eraut

124 2518 242 2602 questi.
265 2520 375 2599 Quare
393 2516 530 2581 minimo
551 2516 682 2603 negotio
703 2532 935 2603 persuaserunt
954 2515 992 2579 iis
1013 2514 1130 2596 duces,
1147 2533 1188 2601 ,ut

124 2622 246 2680 Austro
269 2617 366 2681 flante
395 2614 650 2679 conscenderent
673 2638 790 2699 nares,
818 2639 917 2704 seque
943 2614 1096 2681 fluctibus
1121 2632 1187 2680 tra·

124 2717 249 2783 derent.
1057 2734 1061 2738 ’

169 2821 307 2885 XXVII.
329 2821 420 2883 Inter
440 2819 510 2883 haec
527 2816 718 2905 Pompeius,
740 2832 793 2899 ut,
816 2818 1005 2904 priusquam
1027 2816 1188 2881 auctiores

124 2920 226 3008 copiae
242 2921 372 2985 Caesaris
392 2919 524 3001 fierent,
543 2933 721 3006 pugnaret,
740 2920 859 2983 iterum
877 2920 1068 2983 instructam
1085 2920 1188 2988 aciem

125 3022 335 3105 transducere
355 3036 509 3101 conatus,
532 3020 662 3108 incepto
679 3036 814 3108 repente
831 3019 970 3100 destitit,
986 3020 1188 3107 tingentibus

126 3125 298 3205 omnibus,
315 3140 348 3187 et
363 3122 611 3211 pulcherrimam
628 3121 831 3184 occasionem
847 3118 967 3184 dimitti
981 3119 1187 3199 jactantibus.

126 3226 190 3291 Sed
206 3225 376 3291 deterritus
394 3224 529 3289 adverso
549 3223 658 3287 omine
674 3221 798 3300 fuerat,
820 3221 897 3307 quia
914 3219 981 3285 duo
997 3220 1115 3285 milites
1132 3243 1187 3284 va·

126 3326 205 3391 dum
220 3342 380 3391 tentantes
394 3326 434 3388 ab
448 3324 626 3389 Caesariano
639 3345 708 3385 uno
723 3337 814 3388 erant
829 3321 1024 3407 interempti.
1039 3320 1189 3409 Namque

127 3427 260 3493 felicitas
278 3426 409 3491 Caesaris
429 3426 555 3505 omnia,
578 3424 675 3487 etiam
692 3438 811 3487 temere
827 3438 950 3510 coepta,
967 3423 1001 3485 in
1017 3421 1143 3487 bonum
1160 3424 1189 3485 ei

127 3530 280 3593 vertebat.
310 3531 426 3615 Itaque
447 3543 479 3591 et
500 3526 750 3590 audacissimum
770 3526 839 3604 ejus
862 3540 1023 3611 coeptum,
1047 3524 1192 3614 legiones

129 3630 266 3695 hiberno
282 3630 363 3693 mari
379 3626 612 3708 transjiciendi‚
628 3650 695 3691 non
709 3626 890 3692 incolumes
904 3624 1005 3690 modo
1023 3625 1132 3712 copias
1145 3623 1191 3686 illi

131 3733 295 3812 creditit,
311 3730 368 3795 sed
385 3731 471 3795 ultro
483 3729 578 3795 cessit
588 3728 776 3793 adversariis
789 3728 823 3790 in
838 3749 933 3816 grave
947 3725 1191 3791 detrimentum.

113 3834 260 3922 ¹Quippe
278 3832 358 3897 dum
373 3830 613 3919 Dyrrhachium
630 3828 911 3916 praetervehuntur
928 3827 1061 3892 Cresaris
1079 3847 1191 3905 nares,
1218 3876 1226 3901 ,

161 4046 273 4113 §KH
287 4048 353 4100 Plus.
367 4048 392 4096 in
406 4046 468 4097 Ces.
480 4056 505 4095 et
514 4044 643 4111 Apophth.
655 4046 729 4093 Rom.
742 4070 779 4083 -
791 4044 850 4092 Dio.
864 4070 899 4081 -
911 4042 1022 4106 Appiae.
1033 4066 1069 4079 -
1080 4040 1142 4090 eu.
1156 4065 1193 4105 7-

127 4134 143 4198 s
158 4134 256 4181 xxvt.
266 4132 327 4181 cas.
338 4158 374 4169 -
383 4132 491 4195 Appian.
500 4156 534 4166 -
549 4128 612 4176 Plut.
625 4129 651 4175 in
666 4130 761 4175 Aulon.
954 4135 962 4149 ⁸
1188 4148 1192 4153 ‚

953 4216 1017 4301 46.
