2875 4900
248 384 299 455 IN
329 382 447 454 Luc!
475 387 568 455 LlB.
594 389 773 457 LXXXV
804 392 1019 461 LIVIANI.
1102 394 1165 465 155

111 508 242 595 ruperit.
255 507 302 569 Ea
314 505 355 571 de
367 529 404 571 re
416 528 520 594 quum
532 507 620 571 Sulla
632 525 842 595 querercurr,
859 511 992 591 consul,
1005 513 1165 579 incertum

111 608 340 671 conscientiane
364 608 554 671 violatarum
577 608 805 692 induciarum,
827 634 868 675 an
890 613 984 676 utin
1007 634 1044 675 re
1060 615 1166 678 subita

110 708 226 773 consilii
245 708 358 796 inops,
374 708 502 773 obsides
518 708 669 775 reddidit.

147 809 186 873 X.
208 810 268 873 His
284 808 381 874 rebus
397 832 500 897 quum
523 810 661 898 abrupta
679 834 753 901 sper
771 813 860 900 pacis
880 828 983 894 esset,
1007 815 1165 877 exercitus

108 911 243 974 consulis
267 911 478 975 vehementer
495 910 663 989 offensus,
687 914 782 999 quia,
797 913 824 975 si
843 913 1066 995 convenisset,
1084 915 1165 979 tole-

109 1008 206 1075 rabilis
223 1028 326 1076 status
344 1012 480 1075 civitatis
497 1012 701 1099 sperabatur,
714 1035 809 1077 aures
825 1014 1071 1100 corruptoribus
1084 1035 1166 1101 pre-

110 1112 189 1194 buit,
208 1136 338 1201 quum,
360 1113 518 1199 permisso
539 1113 722 1201 colloquio,
741 1112 808 1177 dux
831 1112 965 1177 callidus
985 1113 1102 1179 milites
1124 1112 1167 1177 ad

107 1213 246 1278 eamdem
269 1213 416 1277 fraudem
440 1214 638 1301 compositos
661 1213 801 1277 subinde
822 1213 864 1277 ad
887 1228 988 1277 castra
1006 1212 1165 1301 Scipionis

107 1314 253 1379 mitteret.
271 1314 298 1378 Ii
314 1313 554 1401 percontando,
576 1336 674 1401 quum
690 1316 779 1401 giuti
789 1314 919 1379 ditcr'bru
934 1316 1016 1395 suis,
1036 1316 1166 1401 quantis

97 1412 313 1499 firrnibirribrts
332 1417 426 1502 copiti
446 1431 643 1502 augerentur,
668 1432 840 1503 postquam
872 1415 1014 1479 volentia
1033 1438 1166 1502 accepe-

106 1529 192 1595 mnt,
207 1514 311 1579 Sullae
323 1514 495 1601 berrignum
503 1518 680 1605 imperium,
696 1512 855 1601 irfiru'turn
863 1515 1097 1593 liberalitatem,
1109 1539 1167 1579 nec

106 1617 315 1701 iaperatorem
335 1614 407 1694 sibi,
428 1616 485 1679 sed
495 1633 622 1705 patrem
643 1618 751 1685 divina
772 1617 914 1705 quadam
929 1633 1010 1683 sorte
1026 1619 1166 1704 obtigisse

106 1716 325 1802 predicabant.
349 1719 459 1783 Rebus
481 1719 635 1806 utrinque
658 1719 863 1799 constitutis,
884 1734 923 1782 ut
940 1719 1074 1806 propius
1088 1741 1164 1807 sug-

106 1815 258 1903 gredienti
273 1818 368 1883 Sullae
384 1842 418 1882 se
434 1820 688 1909 conjungerent,
706 1820 793 1884 Sulla
810 1842 869 1907 per
884 1820 1023 1907 speciem
1038 1820 1165 1885 hostilia

105 1932 197 1982 tastu
223 1920 435 2008 oppugnandi
453 1921 603 1985 cobortes
627 1920 741 2009 viginti
762 1920 925 2000 admovit3
940 1919 1019 2000 sed,
1041 1942 1164 2008 prepa-

105 2018 173 2080 ratis
195 2020 347 2083 omnium
370 2022 504 2102 animis,
526 2039 629 2085 castra
649 2022 719 2085 sine
734 2023 868 2086 vulnere
883 2022 1075 2085 introitum:
1094 2038 1163 2085 tum

105 2138 174 2179 tero
201 2120 377 2185 universus
398 2122 556 2209 Scipionis
584 2122 763 2203 exercitus,
785 2122 995 2211 quadraginta
1015 2122 1166 2186 cohortes

106 2218 186 2307 signa
212 2220 256 2284 ad
278 2242 354 2284 eurn
372 2222 615 2285 transtulerunt.
638 2222 734 2285 Solus
752 2244 828 2285 cum
849 2222 917 2285 lilio
933 2221 1034 2285 Lucio
1050 2222 1165 2285 consul

38 2310 39 2325 .
105 2317 133 2381 in
154 2320 364 2386 tabernaculo
387 2322 607 2411 deprehensus
625 2339 694 2403 est;
716 2344 783 2386 non
806 2323 921 2409 utiquc
943 2344 1062 2410 magno
1083 2322 1165 2387 boni

105 2418 300 2509 imperatoris
317 2438 529 2512 argumento,
545 2444 643 2510 quem
661 2422 790 2511 vulgata
807 2423 884 2487 totis
899 2424 1010 2488 castris
1024 2424 1163 2488 militurn

104 2519 266 2588 inclinatio
286 2525 469 2607 fefellisset,
493 2547 596 2613 quum
619 2525 797 2612 presertim
821 2540 904 2588 esset
923 2548 942 2588 a
959 2525 1002 2604 Q.
1021 2525 1165 2588 Sertorio

106 2625 322 2707 praemonitus.
903 2675 908 2686 .

141 2725 196 2790 Xl.
217 2725 307 2790 Sulla
322 2726 488 2815 Scipiones
504 2726 625 2791 dimisit
640 2727 829 2807 inviolatos,
845 2726 962 2791 additis
977 2726 1162 2813 equitibus,

105 2824 271 2908 quicum,
289 2849 499 2915 quocumque
517 2828 633 2908 vellet,
653 2843 726 2890 tuto
745 2826 952 2891 deducerent.
971 2827 1078 2912 Atque
1091 2824 1165 2904 ille,

104 2923 154 2988 ubi
167 2927 315 3014 primum
334 2927 449 2992 urbem
467 2928 601 2992 amicam
622 2928 747 3017 attigit,
767 2928 942 3014 resumptis
960 2926 1164 3014 magistratus

106 3022 301 3114 insigibus,
322 3027 441 3092 iterum
455 3029 563 3115 copias
578 3027 666 3093 haud
686 3027 939 3092 contemnendas
955 3026 1163 3112 comparavit.

106 3122 186 3188 ldenr
212 3127 303 3192 Sulla
321 3126 514 3191 beneficium
531 3129 746 3210 multiscius,
770 3144 803 3192 et
819 3126 1012 3190 nominatim
1033 3125 1074 3208 Q.
1093 3125 1165 3190 Ser-

107 3225 181 3288 torio
195 3226 360 3314 praestitit,
375 3228 431 3315 qui
445 3227 620 3317 desperatis
632 3230 729 3294 rebus
741 3229 774 3291 in
790 3227 977 3314 Hispaniam
988 3277 997 3309 ,
1004 3227 1071 3307 jam
1085 3227 1163 3290 olim

106 3327 297 3407 provinciam
314 3351 384 3392 eam
398 3329 550 3411 sortitus,
561 3353 598 3394 se
611 3331 768 3412 contulit,
784 3330 962 3393 maximum
978 3330 1076 3417 paulo
1091 3345 1165 3417 post

105 3421 285 3492 incendium
304 3428 379 3492 belli
400 3431 607 3495 excitaturus.
626 3433 760 3513 Fertur,
775 3431 827 3494 bis
838 3429 975 3511 auditis,
994 3431 1100 3494 Carbo
1114 3430 1166 3495 di-

106 3524 180 3590 xisse
198 3530 430 3617 presentibus,
451 3530 567 3595 bellum
587 3533 646 3596 sihi
664 3555 737 3596 cum
752 3532 851 3620 vulpe
865 3546 898 3595 et
914 3531 1004 3595 kene
1023 3534 1166 3594 ambrum

109 3625 199 3693 Sulloe
208 3631 455 3696 inhabitantibus
465 3655 537 3714 esse,
550 3633 608 3696 sed
613 3655 685 3696 cum
693 3633 791 3721 vulpe
791 3632 1006 3722 periculosius.
1027 3633 1070 3696 At
1080 3631 1167 3695 Sulla

109 3745 172 3808 post
182 3731 348 3796 victoriam
367 3755 466 3822 aquas
484 3733 524 3796 ad
546 3749 697 3827 montem,
710 3734 834 3815 Tifata,
851 3733 908 3796 ubi
921 3755 997 3796 cum
1008 3730 1165 3795 Norbano

137 3953 192 4018 SX.
204 3961 256 4009 cic.
270 3961 376 4028 Philipp.
390 3965 466 4022 xnt,
484 3980 505 4012 ι.
523 3991 557 4001 -
571 3963 668 4012 Sallust.
680 3964 746 4030 apud
758 3966 849 4012 Dorut.
863 3974 889 4010 et
903 3964 990 4008 Incert
1006 3959 1023 4002 6
1035 3969 1060 4005 et
1073 3965 1111 4012 rt·
1129 3983 1164 3992 ’-

110 4035 203 4088 Plut...
218 4045 323 4110 A'ppitu.
336 4073 372 4084 -
382 4045 641 4112 mv.1tpir.-§x1.
656 4049 719 4097 Plur.
734 4051 761 4096 in
777 4049 867 4095 sertor.
881 4063 903 4093 o.
916 4046 946 4102 ὃς
960 4041 1026 4090 idern
1040 4041 1067 4088 in
1083 4039 1158 4088 Sulla.

110 4142 137 4154 ··
148 4123 207 4172 Vell-
220 4154 253 4164 -
268 4129 376 4194 Appiae.
389 4157 424 4168 -
438 4130 542 4180 Diodor.
554 4131 622 4197 apud
630 4132 686 4181 Val.
