2875 4900
277 378 347 450 206
450 378 887 451 10.t1tu1rtstsssu11
920 380 1162 451 SUPPLEM.

276 522 346 567 non
360 504 436 567 satis
448 502 538 567 Sulla
549 500 764 590 percepisset,
776 520 816 563 ex
828 498 921 565 vultu
934 516 1043 566 autem
1057 516 1216 590 gestuque
1226 500 1335 564 miran-

275 606 380 686 tium,
400 604 523 693 aliquid
539 602 684 666 inusitati
706 620 775 666 esse
797 603 992 683 conjicerem
1012 604 1194 691 quidecim
1212 602 1338 665 descisset

277 708 460 796 Pompeias,
478 704 708 793 interrogavit3
721 720 936 792 acceptoque,
952 702 1148 769 confidentia
1159 704 1336 769 adolescen-

277 812 319 875 tis
330 810 520 899 perculsus,
533 826 614 871 voce
624 806 779 869 velociter
789 806 942 893 repetire,
958 807 1145 896 nriempdet!
1156 804 1336 893 triunphat!

277 910 475 976 exclamavit.
493 910 571 972 Erat
590 906 687 997 plane
705 926 757 971 res
782 908 886 971 livori·
900 906 1079 971 multorum
1102 906 1263 986 obnoxiu,
1285 902 1336 967 sed

275 1012 471 1100 Pompeius,
487 1025 523 1072 ut
541 1008 773 1097 malignitatem
790 1028 905 1072 eorum
918 1008 1137 1089 ulcisceretur,
1149 1019 1338 1095 augeretque

278 1115 444 1195 dolorem,
464 1109 630 1199 quadrigis
651 1110 901 1198 elephantorum
921 1110 1032 1174 invehi
1052 1108 1240 1190 constituit3
1257 1106 1337 1169 mul-

276 1233 326 1281 tas
349 1215 437 1279 enim
456 1212 597 1293 belhras,
614 1211 703 1276 vieto
721 1211 885 1276 Numidiae
906 1234 1003 1302 rege,
1028 1226 1165 1299 ceperat.
1189 1207 1338 1296 Sedquia

279 1330 373 1404 porta
388 1331 457 1377 erat
473 1314 652 1403 angustior,
666 1332 766 1399 quam
781 1328 820 1376 ut
834 1314 939 1393 juncti
959 1313 1080 1377 intrare
1093 1312 1254 1401 elephanti
1267 1330 1338 1398 pos-

279 1430 368 1495 sent,
382 1414 425 1479 ad
437 1413 610 1502 pristinum
624 1434 751 1477 morem
766 1433 913 1479 reversus
929 1428 987 1479 est.

324 1516 431 1580 XXX.
451 1517 540 1581 Dum
558 1516 593 1579 id
613 1514 738 1605 agitur,
759 1515 933 1597 exercitus,
948 1513 1103 1581 donativo
1123 1536 1191 1578 non
1210 1528 1338 1578 conten·

280 1635 350 1700 tus,
360 1618 639 1698 tumultuabatur3
657 1631 689 1680 et
698 1618 882 1704 pecuniam,
891 1632 963 1704 qu'se
973 1632 1042 1681 erut
1050 1615 1183 1680 ferenda
1191 1616 1225 1678 in
1236 1612 1340 1678 trium·

280 1721 364 1808 pho,
376 1716 564 1808 direpturos
574 1718 737 1783 dicebant.
751 1718 867 1805 Neque
878 1718 1013 1783 deerant
1025 1740 1064 1783 ex
1080 1717 1274 1797 illustribus,
1288 1713 1339 1801 qui

280 1820 489 1886 dividendam
508 1818 671 1902 dicerent,
688 1840 730 1883 ne
748 1818 865 1884 seditio
876 1820 1038 1885 oriretur:
1058 1818 1114 1884 sed
1127 1819 1182 1882 ille
1196 1817 1338 1907 negabat,

280 1950 294 1979 a
303 1943 339 1988 se
352 1923 548 1988 elamoribus
562 1922 703 1987 militum
715 1923 924 1987 commoveri.
936 1924 967 1989 N
968 1941 1012 1986 on
1022 1921 1096 1988 ideo
1109 1920 1233 2011 cepisse
1243 1936 1338 1997 arcu,

281 2057 295 2083 ι
304 2042 426 2091 etcum
439 2022 642 2113 principibus·
654 2024 789 2088 cirimtis
801 2025 904 2089 multa
919 2024 1028 2113 praelia
1042 2022 1173 2106 iecisse,
1185 2037 1225 2086 ut
1235 2022 1272 2085 iis
1285 2038 1340 2082 ser·

282 2128 404 2207 «viret,
422 2126 542 2213 quibus
560 2125 719 2212 imperare
734 2123 859 2191 debeat.
877 2126 987 2190 Mirari
1003 2148 1037 2190 se
1052 2125 1227 2189 hominum
1242 2142 1341 2187 amen·

280 2229 403 2311 stiam,
425 2228 453 2290 si
473 2242 609 2314 putent,
628 2227 863 2309 constantiam,
884 2248 983 2316 quam
1003 2228 1040 2291 in·
1057 2226 1172 2292 mediis
1188 2227 1339 2291 bellorum

281 2362 296 2386 ι
305 2329 500 2393 tumultibus
519 2336 648 2416 semper'
660 2330 860 2416 praestiterit,
874 2352 963 2395 nunc
972 2344 1063 2419 parta
1078 2352 1176 2419 pace,
1190 2328 1280 2393 victis
1292 2328 1340 2392 ho

281 2425 427 2511 «stibus,
441 2429 482 2494 ad
499 2430 621 2514 Urbem
640 2431 851 2497 omissurum.
1226 2503 1228 2508 ,

324 2532 447 2596 ΧΧΧΙ.
468 2533 567 2595 «Non
580 2533 625 2595 ita
638 2553 744 2619 seper
759 2533 883 2598 ltaliam
898 2535 1082 2616 bochello,
1100 2535 1304 2621 Siciliamque
1314 2545 1341 2594 et

280 2632 441 2697 adfricans
459 2653 529 2696 esse
549 2634 717 2723 cognitum
729 2682 738 2714 ,
750 2651 789 2699 ut
805 2636 851 2706 illi
866 2637 946 2725 ipsi,
963 2657 1046 2724 quos
1065 2637 1166 2700 animi
1182 2638 1234 2701 sui
1253 2645 1341 2699 testes

280 2750 375 2798 ‹toto
392 2755 434 2798 eo
453 2750 602 2822 tempore
619 2735 803 2818 habuisset,
827 2755 959 2826 sperent
979 2738 1138 2803 seditiosis
1155 2739 1290 2803 vocibus
1307 2732 1341 2797 ab

280 2836 453 2901 ..instituto
470 2835 628 2900 dimoveri
646 2859 752 2926 posse.
772 2839 910 2903 Facilem
929 2855 1009 2904 sset
1026 2839 1192 2904 liberalem
1207 2835 1342 2904 exerciti·

175 2974 179 2984 ,
282 2968 295 2994 α
306 2939 368 3003 bus
377 2939 445 3003 suis
455 2939 684 3027 imperatorem
696 2939 898 3021 exhibuisse,
910 2939 1019 3029 quoad
1030 2957 1155 3005 rectum
1163 2941 1343 3006 honesturn·

178 3054 194 3069 “
280 3063 369 3128 «que
384 3041 565 3129 putaverim
588 3061 677 3104 nune
699 3041 795 3104 etiam
816 3043 1065 3132 pronuntiasse,
1084 3042 1175 3131 quod
1188 3043 1264 3107 satis
1281 3057 1342 3104 esse

281 3142 479 3222 «existimet,
491 3143 667 3230 presertim
679 3159 745 3206 tam
757 3143 849 3207 brevi
860 3142 1066 3232 expeditione
1076 3143 1249 3208 defunctis.
1264 3139 1341 3206 Olim

280 3244 421 3307 «milites
435 3265 587 3308 romanos
601 3263 700 3331 perne
716 3236 889 3308 contentos
905 3245 1057 3310 moluisse
1068 3245 1244 3310 sudoribus
1257 3258 1288 3306 et
1297 3261 1343 3328 pe·

281 3343 414 3407 «riculis
430 3345 497 3408 suis
514 3345 663 3409 seranum
683 3345 852 3432 publicum
871 3347 1081 3435 locupletari3
1102 3367 1191 3410 nunc
1209 3346 1268 3410 sibi
1282 3359 1342 3408 stu·

281 3473 294 3499 ι
305 3442 382 3508 dere
398 3467 580 3532 quemque,
593 3461 649 3526 ut,
670 3444 858 3510 defraudata
872 3447 1054 3535 republica,
1071 3449 1105 3512 in
1120 3465 1169 3512 tot
1180 3445 1342 3537 particulas

280 3575 295 3600 ι
303 3543 463 3609 distractae
472 3543 634 3634 pecuniae,
642 3567 751 3634 neque
758 3547 959 3636 privatorum
969 3550 1178 3639 cupiditatem
1188 3551 1342 3640 expleant,

282 3661 339 3709 set
355 3646 471 3709 usibus
485 3646 640 3728 utitatis,
662 3647 801 3711 nimium
822 3664 982 3736 quantum
1006 3649 1056 3714 bis
1077 3650 1279 3739 temporibus
1293 3667 1343 3710 ex·

281 3748 445 3829 «haustae,
462 3747 706 3812 subtrahantur.

324 3843 465 3916 xxxll.
484 3848 628 3914 «Audire
642 3871 693 3933 se,
707 3851 820 3932 jactari
836 3875 854 3916 a
869 3851 1085 3940 quibusdam,
1100 3855 1241 3918 multum
1255 3851 1341 3916 etiam

282 3951 384 4031 -juris
397 3971 496 4040 penes
514 3951 692 4016 exereitum
709 3975 797 4038 esse3
816 3953 850 4018 id
868 3953 1001 4042 quidem
1014 3953 1138 4020 facilius
1155 3955 1239 4037 dici,
1254 3969 1341 4042 quarn

315 4145 445 4210 §ms
455 4149 543 4201 zonat.
553 4175 581 4184 -
599 4146 710 4196 rtus-
721 4147 867 4208 nlmvm,
883 4161 909 4197 2.
925 4175 959 4186 -
972 4151 1057 4198 raons.
1073 4147 1118 4209 rr,
1132 4151 1156 4198 s.
