2875 4900
313 359 379 442 134
488 361 554 427 JO.
582 361 921 429 FREINSHEMH
952 358 1194 429 SUPPLEM.

307 470 420 567 «sig‘m
445 480 478 543 in
503 481 607 547 Asiam
626 502 663 545 ca
680 496 871 568 tempestate
886 481 1073 563 intulimus,
1090 504 1153 569 qua
1176 502 1234 545 vos
1252 480 1361 544 Antio·

307 580 410 645 «chus
425 582 523 670 Syriae
537 604 592 646 rex
607 582 742 645 acerbus
754 582 855 647 hostis
868 598 925 645 aut
938 584 1041 671 gravis
1052 580 1206 645 dominus
1223 580 1360 671 urgebat.

307 683 403 745 «Hoc
419 683 503 747 ultra
516 683 621 771 Halyn
637 696 671 745 ct
684 684 828 747 Taurum
845 698 972 764 exacto,
988 704 1054 746 uon
1067 698 1107 747 ut
1121 681 1207 746 bello
1220 681 1361 769 quaesitos

307 783 467 871 «imperio
492 798 605 847 nostro
625 783 842 864 subjecimus,
865 782 922 847 sed
937 782 1119 847 libertatem
1134 780 1283 847 dedimus
1297 804 1361 847 om·

307 915 320 938 ι
331 884 447 967 nibus3
464 884 525 947 nisi
548 906 630 971 quos
647 884 785 948 Eumeni
806 884 1006 971 Rhodiisque
1021 885 1097 948 belli
1110 906 1147 949 ac
1161 884 1300 949 victorie
1311 906 1362 949 sc·

308 985 405 1065 «ciis,
422 986 554 1050 clientes
570 986 687 1075 magis,
708 1009 807 1074 quam
821 987 1008 1050 tributarios
1026 985 1264 1050 concessimus:
1279 984 1364 1073 quod

309 1084 463 1172 ·quidem
483 1086 653 1149 manifesto
674 1087 782 1149 statim
797 1088 964 1175 apparuit,
984 1108 1087 1175 quum
1108 1086 1238 1174 Lycios,
1255 1102 1365 1174 preter

309 1202 442 1271 «nosue
465 1186 589 1251 decreta
606 1190 707 1275 premi
725 1204 873 1276 questos,
890 1189 1027 1276 imperio
1045 1186 1281 1251 Rhodiensium
1293 1210 1365 1250 exe»

309 1288 461 1353 «mimus.

349 1390 508 1453 =xxxtx.
524 1389 614 1452 “Tali
628 1412 699 1477 erga
714 1413 771 1453 vos
784 1391 894 1454 animo
905 1389 1028 1454 fuimus
1039 1390 1195 1470 Romani3
1206 1390 1261 1452 cui
1273 1410 1368 1475 quam

309 1490 466 1577 «gratiam
486 1491 678 1567 retuleritis,
691 1512 869 1578 quaererem
885 1514 904 1553 a
919 1491 1028 1571 vobis,
1045 1490 1106 1553 nisi
1117 1490 1183 1569 jam
1200 1504 1276 1553 ante
1291 1504 1368 1551 nota

311 1588 402 1653 abac
419 1590 572 1654 omuibus
588 1606 703 1655 essem.
722 1592 834 1672 Quum
854 1592 941 1655 enim
961 1591 1086 1655 Attalns
1101 1605 1294 1655 testamento
1309 1612 1370 1652 nos

310 1688 468 1753 “heredes
480 1690 678 1778 reliquisset,
690 1692 875 1755 Aristonico
886 1690 1062 1754 vindicanti
1075 1712 1211 1780 regnum
1224 1712 1282 1778 per
1291 1712 1371 1776 qua·

310 1788 518 1853 «dricnnium
539 1790 736 1871 adhaesistis3
752 1790 857 1855 donec
874 1808 908 1854 et
929 1791 981 1855 ille
1000 1808 1185 1879 caperetur,
1205 1808 1239 1854 et
1257 1813 1312 1854 ros
1328 1790 1371 1853 ad

311 1906 515 1955 «extremum
532 1891 704 1955 discrimen
726 1906 823 1979 atque
844 1906 967 1955 metum
987 1890 1239 1955 adduceremini.
1255 1891 1371 1954 Nostra

311 2010 439 2057 «umen
462 1992 663 2081 indulgentia
684 2010 871 2081 recuperata
887 2016 981 2081 pace,
994 1993 1178 2080 opibusque
1194 1992 1372 2055 multortun

310 2114 493 2157 «annorum
520 2094 688 2181 tranquilla
706 2094 909 2181 possessione
930 2093 1051 2175 auctis,
1074 2092 1186 2156 denuo
1199 2089 1373 2155 sustulistis

312 2193 481 2275 «animos,
502 2210 534 2258 et
553 2194 723 2259 observato
744 2194 948 2281 iniquissimo
970 2209 1082 2257 nostro
1103 2209 1267 2278 tempore,
1287 2190 1375 2255 inter

312 2294 455 2358 *italicos
481 2296 660 2371 tumultus,
682 2295 736 2359 alii
759 2293 891 2382 quidem
916 2292 1051 2358 vocastis
1067 2291 1306 2372 Mithridatem,
1319 2292 1373 2354 alii

309 2396 504 2461 «accessistis
520 2397 672 2462 venienti.
690 2396 790 2479 Quod
803 2412 911 2462 autem
932 2417 1030 2461 omne
1042 2393 1250 2458 immanitatis
1263 2414 1376 2458 exem·

312 2529 324 2550 ιι
334 2496 424 2584 plum
441 2497 701 2586 supergreditur,
718 2499 814 2560 Italos
828 2521 962 2579 omnes,
980 2520 1047 2560 non
1063 2518 1178 2572 sexus,
1192 2517 1259 2560 uon
1272 2495 1378 2560 eutis

312 2597 496 2678 «miserati,
513 2621 578 2660 una
592 2597 644 2662 die
659 2598 818 2662 trucidare
828 2599 1024 2663 sustinuistis
1034 2623 1044 2680 3
1056 2621 1098 2662 ne
1110 2615 1291 2663 vestrorum
1306 2597 1381 2683 qui-

314 2697 411 2762 «detn
429 2700 602 2762 numinum
620 2700 798 2765 reverentia
814 2700 980 2780 deterriti,
998 2701 1077 2788 quin
1097 2699 1174 2787 ipsis
1188 2699 1221 2762 iu
1236 2699 1381 2785 templo·

313 2805 410 2863 «bum
424 2798 527 2887 adytis
543 2801 702 2890 supplices
718 2823 833 2864 eorum
849 2798 1048 2864 occideretis.

292 2889 299 2898 ⁸
356 2899 423 2964 xL.
439 2929 452 2956 ι
462 2901 504 2965 Εῑ
516 2901 584 2964 haec
597 2901 716 2965 fecistis
731 2902 763 2963 in
780 2902 914 2990 gratiam
933 2900 1002 2978 ejus
1022 2899 1233 2980 Mithridatis,
1247 2899 1307 2986 qui
1320 2922 1383 2962 vos

314 2999 455 3065 «deiude
470 3001 628 3066 continuo
641 3000 784 3065 caedibus
796 3017 829 3066 et
839 3000 959 3090 rapinis
969 2999 1133 3081 exhausit,
1146 3020 1240 3089 agros
1253 3017 1385 3062 vestros

313 3129 326 3154 a
336 3098 463 3181 divisit,
479 3099 681 3166 debitoribus
698 3101 812 3166 vestris
827 3123 870 3166 ass
881 3102 1023 3164 alienum
1038 3101 1178 3181 remisit,
1193 3101 1324 3164 servitia
1340 3101 1385 3164 li·

311 3199 474 3284 «beravit,
493 3203 603 3266 multis
619 3217 774 3294 tyrannos
792 3201 964 3290 imposuit,
984 3221 1098 3265 omnes
1115 3200 1234 3281 objecit
1251 3199 1386 3290 praedo-

311 3321 413 3362 ·num
435 3315 533 3388 atque
549 3303 725 3390 piratarum
741 3301 1002 3384 incursionibus3
1020 3317 1058 3364 ut
1073 3301 1140 3380 jam
1159 3300 1238 3365 inde
1253 3301 1387 3368 discere

312 3401 489 3486 «possetis,
509 3403 619 3488 quales
639 3404 734 3466 amici
753 3403 902 3490 qtaalilaus
914 3417 1021 3467 essent
1032 3417 1140 3466 vestro
1148 3400 1273 3482 judicio
1288 3418 1389 3468 ante·

311 3501 440 3588 ·p0siti.
454 3501 544 3566 Licet
558 3520 666 3568 autern
684 3504 805 3569 borum
823 3506 983 3572 malorum
1001 3519 1150 3568 auctores
1168 3503 1266 3568 etiam
1282 3504 1390 3568 nobis

311 3601 578 3689 «quodammodo
598 3603 762 3669 dederunt
782 3627 910 3695 poenas3
934 3627 1001 3669 uon
1021 3602 1096 3670 ideo
1116 3625 1176 3668 vos
1197 3603 1390 3692 impunitos

310 3703 421 3766 «abire
433 3703 480 3767 fas
498 3721 562 3786 est,
576 3706 633 3793 qui
646 3706 780 3771 scelesta
794 3706 1039 3770 consulentibus
1055 3721 1122 3770 tam
1135 3721 1289 3795 prompte
1305 3707 1391 3770 estis

309 3803 517 3891 «obsequuta'.
535 3805 577 3869 Et
594 3824 783 3894 oportuerat
795 3806 928 3896 quidem
943 3807 1099 3895 aequalem
1113 3807 1237 3872 meritis
1249 3830 1392 3896 poenam

250 3893 254 3902 ’
309 3903 428 3970 -statui
442 3929 451 3987 ;
474 3921 625 3969 cseterum
652 3908 728 3994 quia
749 3908 942 3995 promiscuae
966 3907 1089 3988 caedes,
1112 3923 1145 3972 et
1169 3907 1394 3974 servitiorum

309 4005 582 4088 «concitationes,
598 4022 629 4070 et
643 4007 707 4072 hoc
718 4029 822 4098 genus
831 4011 976 4097 exempla
987 4009 1115 4074 barbati
1128 4010 1248 4092 moris,
1262 4032 1281 4072 a
1294 4033 1399 4074 man·
