2875 4900
299 414 369 503 482
473 410 541 481 JO.
570 404 908 481 FREINSHEMII
941 408 1186 477 SUPPLEM.

297 558 415 628 magna
430 532 604 598 bominum
617 532 788 620 absumpta
804 526 982 593 multitudo
997 544 1056 592 est.
1068 526 1132 592 Sed
1142 525 1249 616 prima
1262 528 1360 593 bono·

296 641 340 703 ris
357 637 447 717 initi,
463 634 663 721 antiquitatis
684 632 791 720 specie
814 628 949 712 decora,
969 646 1026 695 aut
1042 630 1163 695 latente
1175 628 1284 693 adhuc
1298 633 1360 695 Ce-

296 741 375 806 saris
389 736 578 827 proposito,
594 756 656 822 pro
672 731 814 796 innoxiis
829 730 982 796 luerunt:
1002 747 1039 795 ut
1054 753 1121 818 quo
1138 752 1252 795 mense
1268 732 1360 797 fasces

296 867 365 908 non
384 840 538 920 liaberet,
554 852 709 900 accensus
725 850 800 898 ante
814 854 891 897 eum
907 833 987 914 iret,
1005 833 1134 896 lictores
1148 853 1237 919 pone
1249 854 1360 921 seque·

213 953 217 959 “
295 961 428 1023 rentur,
447 937 538 1028 quod
560 960 600 1001 ex
615 934 948 1015 vetustateerelatum5
969 950 1008 997 ut
1025 950 1090 997 tam
1104 948 1254 1016 senattu,
1269 956 1358 1023 quam

294 1043 408 1133 populi
433 1039 551 1103 diurna
574 1054 645 1100 acta
672 1033 913 1100 conficerentur
934 1051 966 1098 et
986 1034 1254 1124 publicarentur,
1276 1036 1358 1123 quod

293 1144 364 1234 ipse
383 1140 523 1207 instituit
542 1142 687 1227 primus,
710 1160 778 1225 quo
794 1158 853 1225 per
870 1137 1052 1224 provincias
1073 1152 1106 1200 et
1123 1137 1285 1201 exercitus
1304 1160 1358 1201 no·

293 1261 456 1324 sceretur,
475 1240 557 1303 nihil
574 1238 625 1328 agi
642 1240 771 1320 llomae,
798 1238 858 1301 nisi
878 1258 917 1301 ex
933 1237 1101 1303 voluntate
1119 1239 1221 1301 trium
1241 1240 1357 1327 priuci-

291 1368 390 1435 pum,
409 1364 515 1432 posse.

335 1446 467 1511 LXXX.
487 1445 577 1507 Inter
599 1441 669 1505 hec
686 1439 858 1520 Bibulum,
875 1454 913 1504 ut
925 1438 1132 1503 concorditer
1149 1462 1263 1504 secum
1282 1464 1357 1505 rem·

290 1548 454 1638 publicam
475 1566 585 1635 gerere
605 1543 697 1623 velit,
717 1542 752 1604 in
766 1555 881 1604 senatu
894 1562 1031 1629 rogans,
1042 1540 1083 1604 ab
1097 1540 1282 1605 intentione
1293 1566 1356 1606 mu·

290 1648 400 1715 niendi
421 1662 491 1712 sese
508 1661 698 1724 avocatum,
718 1643 804 1731 ipse,
825 1641 906 1704 clam
921 1641 1039 1728 paratis
1058 1639 1226 1723 subsidiis,
1242 1642 1354 1707 fallaci·

288 1751 350 1815 bus
371 1746 535 1813 blanditiis
557 1743 737 1824 mulcebat3
756 1741 862 1806 donec
878 1742 1032 1829 provisis,
1049 1766 1121 1829 quae
1136 1743 1302 1827 voluerat,
1319 1744 1353 1807 ad

288 1852 409 1934 majora
421 1853 523 1931 itum,
538 1848 692 1938 legesque
705 1843 905 1934 promulgari
921 1866 940 1907 a
955 1844 1090 1907 consule
1104 1860 1231 1931 coeptae,
1249 1846 1352 1933 quales

201 2021 205 2030 ,
285 1957 338 2019 vix
354 1954 506 2020 tribunus
523 1950 626 2039 plebis
644 1947 743 2037 paulo
764 1944 942 2009 modestior
957 1945 1101 2027 tulisset,
1121 1946 1263 2033 Agrarite
1284 1964 1354 2011 ante

285 2078 419 2138 omnes,
436 2076 508 2141 quse
527 2051 700 2115 maximam
722 2047 987 2127 contentionem,
1006 2045 1096 2134 quod
1117 2046 1222 2111 inrito
1244 2064 1353 2111 senatu

283 2158 490 2235 serebantur,
504 2151 701 2216 habuerunt.
721 2146 785 2212 Sed
801 2148 957 2211 nimirum
970 2150 1091 2229 Caesar,
1108 2148 1152 2211 ita
1168 2170 1204 2211 se
1219 2148 1290 2214 fore
1300 2172 1353 2237 po·

283 2262 447 2351 pularem,
464 2275 591 2341 semper
604 2266 672 2315 erat
683 2252 860 2341 professus,
872 2264 910 2312 ut
924 2249 1005 2311 nihil
1015 2264 1099 2312 esset
1108 2264 1258 2331 acturus,
1267 2250 1351 2337 quod

283 2383 351 2424 non
374 2358 416 2422 ad
438 2370 568 2420 senatus
585 2374 719 2442 quoque
742 2348 952 2414 commodum
973 2350 1161 2437 pertineret.
1187 2350 1292 2439 Igitur
1308 2350 1351 2413 sic

282 2474 475 2546 conceperat
490 2456 588 2520 rerba
603 2455 701 2544 legis,
718 2469 756 2517 ut
773 2452 854 2515 nihil
870 2454 905 2515 in
921 2454 973 2517 his
990 2451 1296 2539 reprehendendum
1310 2455 1353 2517 vi-

282 2560 433 2639 deretur,
452 2573 485 2620 et
500 2571 626 2636 nmen,
643 2578 684 2617 ne
699 2553 891 2642 sicquidem
908 2554 1068 2635 laturum,
1083 2553 1280 2638 testabatur,
1292 2556 1347 2620 nisi

281 2675 397 2725 senatu
412 2672 556 2751 auctore.

325 2760 475 2825 LXXXI.
492 2757 557 2821 Sed
572 2758 744 2844 optimates
762 2778 830 2819 non
847 2756 992 2838 fallebat,
1003 2755 1072 2820 haec
1085 2758 1196 2821 omnia
1213 2781 1282 2823 nort
1293 2760 1347 2824 alia

279 2885 376 2927 (ausa
398 2861 485 2942 lieri,
511 2881 609 2948 quam
630 2875 668 2922 ut
688 2857 862 2922 abductam
884 2881 903 2920 a
924 2857 1074 2923 Patribus
1099 2858 1229 2946 plebem
1251 2863 1349 2926 Caesar

279 2965 341 3027 hac
355 2963 525 3051 largitione
542 2960 604 3024 sibi
620 2974 823 3023 auctoraret:
840 2957 981 3046 ideoque
997 2959 1062 3023 hoc
1077 2959 1185 3048 ipsum
1205 2979 1275 3026 erat
1291 2963 1348 3027 do-

278 3066 361 3145 lori,
379 3063 471 3152 quod
490 3063 535 3126 ita
554 3061 673 3150 scripta
695 3060 747 3123 lex
763 3076 865 3140 esset,
883 3075 934 3140 ut,
960 3060 1017 3147 qui
1039 3083 1110 3124 earn
1135 3061 1346 3152 impedirent,

279 3189 346 3229 non
371 3182 437 3230 tam
462 3163 622 3228 voluntati
642 3161 766 3250 plebis,
793 3183 892 3248 quam
915 3162 1059 3249 aequitati
1082 3163 1347 3230 manifestissima

277 3265 475 3350 utilitatique
493 3264 648 3350 publicae,
666 3261 819 3350 refragari
843 3261 1041 3327 viderentur.
1064 3265 1216 3353 Namque
1240 3267 1346 3332 multi·

279 3364 360 3428 tudo
375 3365 445 3446 illa,
460 3386 599 3428 numero
615 3377 649 3428 et
664 3379 805 3451 egestate
821 3363 903 3427 Urbi
917 3363 1119 3428 intoleranda
1137 3366 1346 3432 exhaurieba-

276 3482 350 3546 tur;
366 3465 658 3552 frequentabantur
671 3465 769 3528 ltaliae
789 3464 955 3552 regiones,
975 3465 1085 3552 inopia
1099 3465 1277 3532 hominum
1295 3467 1346 3532 de·

275 3581 389 3648 sertae3
405 3566 637 3629 consulebatur
652 3585 792 3629 annonae
808 3565 984 3629 instaurata
997 3565 1117 3654 passim
1133 3568 1345 3656 agricultum

275 3685 310 3732 et
322 3667 392 3730 haee
403 3666 473 3729 sine
484 3666 630 3754 impensa
641 3666 843 3754 reipublice,
858 3668 928 3731 sine
939 3665 1151 3732 incommodo
1163 3671 1344 3760 principum

274 3768 417 3834 fiebant:
439 3765 541 3830 immo
557 3766 608 3829 his
624 3768 713 3832 ultro
729 3768 838 3832 honor
853 3785 886 3832 et
899 3769 1159 3833 emolumentum
1175 3771 1343 3852 adjicieba-

307 3991 457 4057 sum.
469 3991 528 4038 Dio.
544 4016 579 4026 -
596 3991 698 4040 Sueton.
714 3992 741 4040 in
755 3990 817 4043 Ces.
838 4019 874 4030 ·-
890 3993 943 4042 Liv.
956 3995 997 4053 11,
1018 3995 1340 4060 1.-a3et.11,1s.-

269 4075 286 4139 S
307 4077 413 4125 tm.
434 4073 541 4139 Appiam
560 4099 596 4111 -
615 4073 738 4124 Plutarch.
759 4076 786 4124 in
804 4077 865 4126 Ces.
885 4087 909 4125 et
929 4077 982 4127 Cat.
1003 4105 1038 4116 -
1057 4079 1110 4128 biv.
1134 4079 1201 4146 spu.
1223 4109 1259 4119 -—
1280 4081 1340 4138 Dio,

267 4159 311 4207 lib.
325 4158 475 4207 xxxvtlt.
