2875 4900
272 418 344 505 406
447 420 515 489 JO.
543 420 882 506 FREINSHEMII
913 420 1158 489 SUPPLEM.

271 541 357 606 Iberi
381 542 550 621 valebant,
575 540 714 629 spatium
739 540 939 622 abstulisset,
960 542 1028 603 acie
1052 542 1172 605 victum
1194 546 1327 606 Artocen

272 660 360 706 trans
376 644 528 705 Pelorum
546 642 658 729 fugere
674 640 790 727 coegit.

316 744 422 806 XXX.
439 742 557 830 Magna
575 758 692 804 tamen.
701 727 878 806 inultitudo
892 741 1089 830 pugnando,
1104 759 1161 806 aut
1175 741 1255 806 dum
1269 742 1329 828 ΙΙίιι-

273 866 347 906 men
364 843 447 907 vado
463 858 659 906 transmeare
676 858 820 923 tentant,
837 843 959 906 interiit
976 866 984 907 :
1000 844 1053 907 alii
1071 865 1131 932 pro
1147 868 1239 908 more
1257 867 1331 933 gen-

274 946 354 1008 tium
369 946 503 1007 istarum
522 942 629 1007 densis
650 943 840 1007 nemoribus
857 945 1025 1023 occultati,
1037 966 1141 1031 quum
1154 944 1196 1008 ab
1213 944 1331 1008 arbori-

272 1048 335 1111 bus
346 1047 482 1134 praealtis
491 1045 723 1125 jacularentur,
735 1046 847 1110 excisis
856 1046 918 1109 illis
928 1044 1038 1110 afflicti
1046 1046 1182 1134 elisique
1190 1063 1278 1111 sunt.
1285 1044 1332 1110 Ad

274 1172 390 1212 novem
403 1148 501 1211 millia
515 1147 688 1210 hominum
702 1148 887 1229 interfecta,
905 1170 1001 1235 supra
1014 1148 1128 1212 decem
1144 1164 1239 1237 capta
1253 1169 1331 1229 esse,

273 1249 438 1313 traditum.
451 1250 495 1311 Ea
509 1247 614 1311 clades
628 1248 758 1335 subegit
770 1249 926 1329 Artocen,
944 1264 981 1311 ut
996 1247 1108 1311 denuo
1122 1248 1246 1336 legatos
1261 1270 1331 1310 cum

274 1349 464 1413 muneribus
481 1349 641 1427 mitteret,
659 1348 744 1411 serio
756 1348 822 1427 jam
837 1349 925 1436 pacis
943 1348 1093 1435 cupidus.
1109 1349 1227 1435 Neque
1242 1347 1334 1411 Pom·

273 1451 366 1539 peius
378 1450 419 1513 ab
433 1472 469 1512 ea
483 1448 694 1529 abhorrebat,
707 1446 818 1512 adalia
831 1450 1004 1530 festinans,
1015 1448 1074 1511 sed
1084 1447 1181 1512 fidem
1192 1450 1332 1527 barbari,

272 1550 371 1613 semel
398 1551 583 1636 iterumque
613 1548 786 1636 deceptus,
811 1547 937 1613 idoneis
965 1548 1158 1637 pignoribus
1188 1551 1332 1639 cupiebat

273 1650 426 1739 obligare.

315 1752 437 1815 XXXI.
456 1750 559 1814 Donis
576 1752 674 1841 igitur
689 1752 845 1840 acceptis,
860 1775 903 1816 ne
921 1774 1012 1841 spem
1029 1753 1190 1817 frederum
1205 1752 1332 1817 abrum-

271 1871 379 1942 peret,
402 1868 642 1917 conventurum
663 1854 811 1942 negavit,
835 1856 867 1917 ni
890 1854 1010 1918 liberos
1027 1858 1160 1918 Artoces
1184 1854 1332 1919 obsidum

272 1957 344 2019 loco
369 1956 521 2018 mitteret.
547 1955 605 2019 Ille
628 1976 696 2017 rem
721 1956 814 2018 anxia
837 1954 1069 2019 deliberatione
1092 1956 1212 2038 traxit,
1234 1956 1334 2020 donec

170 2068 173 2071 “
274 2056 423 2119 Pelorum
439 2054 673 2143 quoque,vado
687 2080 745 2144 per
756 2072 899 2120 aestatem
916 2072 1065 2144 reperto,
1081 2057 1224 2119 Romani
1238 2072 1334 2121 trans·

272 2159 381 2223 icrunt
409 2182 416 2221 :
443 2174 513 2220 tum
545 2156 682 2220 demum
712 2157 836 2237 abjecta
863 2158 1072 2223 cunctatione
1099 2156 1255 2240 tradidit,
1282 2156 1333 2244 qui

271 2258 536 2345 postulabantur,
559 2253 705 2339 obsides,
729 2280 906 2347 pacemque
931 2259 1124 2347 impetravit.
1142 2259 1332 2347 Pompeius,

234 2414 238 2419 .
272 2360 390 2423 Phasin
407 2358 495 2422 haud
514 2359 627 2446 procul
643 2359 754 2422 abesse
767 2360 919 2451 cognito,
935 2361 969 2422 in
986 2362 1189 2448 Bosporum,
1204 2360 1263 2423 uhi
1279 2360 1334 2423 ldi-

273 2460 427 2524 thridates
448 2460 580 2550 agebar,
596 2461 791 2524 transiturus
810 2483 869 2550 per
886 2459 1026 2524 Colchos
1045 2460 1270 2547 finitimosque
1281 2483 1334 2548 po·
1391 2474 1392 2493 ¹

272 2563 383 2650 pulos,
400 2563 517 2650 partim
528 2563 695 2626 voluntate
712 2585 844 2644 eorum,
861 2563 978 2650 partim
990 2562 1022 2625 vi
1036 2561 1155 2648 pulsis,
1166 2563 1227 2650 qui
1238 2562 1333 2626 obsti·

272 2680 394 2743 terant,
410 2665 558 2746 Colchis,
575 2665 702 2729 invenit
714 2665 810 2728 viam.

314 2765 452 2830 XXXII.
470 2747 631 2829 Caeterum
646 2767 757 2828 animo
776 2782 947 2854 reputans,
966 2767 1129 2853 reliquum
1149 2767 1215 2830 iter
1233 2787 1333 2853 neque

272 2883 356 2930 terra
372 2889 430 2954 per
445 2867 562 2930 multas
576 2867 817 2953 bellicosasque
839 2867 988 2931 nationes
1011 2867 1122 2948 facile,
1142 2869 1227 2930 mari
1243 2866 1331 2930 etiam

272 2969 315 3032 ob
333 2968 534 3056 importuosa
552 2968 645 3031 litora
662 2985 694 3032 et
710 2969 870 3032 feritatem
886 2969 1104 3032 accolentium
1122 2967 1332 3056 periculosius

271 3072 358 3150 fore,
374 3070 526 3150 Servilio,
541 3069 596 3157 qui
611 3069 701 3132 classi
716 3068 1051 3158 praeerat,·negotium
1064 3067 1154 3132 dedit
1165 3067 1334 3133 Melmtia·

270 3187 332 3235 tem
344 3171 544 3252 observandi,
560 3195 657 3260 neque
667 3171 791 3235 serendi
799 3187 859 3235 aut
867 3173 1035 3258 enavrgare
1047 3173 1164 3259 insum,
1179 3185 1243 3234 aut
1251 3167 1333 3259 quid·

270 3295 366 3360 quam
380 3274 428 3336 ad
437 3277 651 3361 comportari.
666 3273 766 3336 Motis
778 3271 896 3335 deinde
906 3272 1036 3352 castris,
1050 3288 1090 3335 ut
1099 3270 1263 3352 Albanos,
1279 3268 1331 3356 qui

270 3374 400 3436 interim
418 3375 618 3456 defecerant,
637 3392 817 3453 coerceret,
834 3395 901 3436 non
921 3372 1069 3460 proximo
1083 3370 1203 3434 itinere
1213 3373 1330 3459 Cyrum

270 3476 377 3564 petiit,
397 3475 487 3562 quod
505 3475 652 3556 Barbari,
669 3475 749 3562 palis
773 3473 908 3538 {lumine
929 3473 1056 3555 defixis,
1081 3473 1331 3562 impediveran13

270 3576 327 3641 sed
346 3577 379 3639 in
405 3576 592 3641 Armeniam
615 3599 794 3664 regressus,
820 3576 878 3639 ubi
897 3575 1026 3641 minore
1044 3573 1154 3652 adbuc
1175 3593 1330 3662 aquarum

269 3677 361 3766 copia
374 3675 483 3740 vadari
497 3699 555 3765 per
567 3693 707 3740 aestatem
722 3693 866 3765 poterat,
883 3675 1008 3740 aditum
1025 3675 1230 3740 moliebatur.

312 3780 469 3844 XXXIII.
491 3782 595 3866 Cyrus
614 3779 701 3842 enim
719 3778 836 3864 (quem
861 3777 1011 3841 nonnulli
1033 3777 1174 3862 Cymen
1195 3790 1328 3852 vocant,

268 3898 422 3971 corrupte
439 3882 592 3960 forsitan,
609 3903 712 3967 quum
734 3896 767 3944 et
787 3881 822 3942 in
841 3880 1028 3967 propinquo
1042 3877 1142 3942 firerit
1157 3877 1328 3964 Cambyses

303 4100 319 4164 s
334 4103 419 4150 XXX.
434 4101 491 4148 Dio.
506 4127 540 4138 -
550 4102 659 4167 Appiae.
671 4101 786 4150 Mithrid.
797 4129 832 4138 -
843 4102 908 4151 Plnt.
921 4129 956 4138 -
970 4099 987 4166 s
998 4101 1097 4151 mr.
1112 4102 1177 4152 lior.
1189 4103 1243 4159 111,
1262 4097 1286 4146 ⁵.
1295 4120 1330 4134 -·

270 4184 325 4232 Dio.
339 4211 373 4222 -
383 4183 400 4248 s
411 4185 522 4234 XXXII.
536 4185 615 4236 strab.
627 4183 671 4234 lib.
681 4187 733 4244 XI,
747 4203 772 4252 p.
783 4187 843 4250 495.
857 4214 892 4225 -
903 4188 968 4236 Plut.
980 4215 1016 4226 -
1029 4186 1088 4237 Dio.
