2875 4900
298 379 351 449 IN
381 380 494 448 LOC.
521 380 616 449 LIB.
643 382 736 449 CIII
767 378 979 448 lellNI.
1105 382 1171 475 471

94 524 182 592 gnas
203 516 238 565 et
256 496 362 565 clades
387 500 514 589 pictura
532 499 794 589 repraesentabat.
822 500 980 565 Omnium
1001 500 1079 565 item
1097 524 1177 589 prm-

93 606 244 684 liorum,
261 601 383 691 quibus
404 625 464 691 per
487 624 523 667 se
544 602 705 692 legatosre
726 602 832 697 vietor
855 602 1035 686 exstiterat,
1060 603 1178 667 tabulae

93 704 259 769 antelata.
284 702 482 769 Mithridatis
504 703 668 792 praecipue
691 718 857 792 postrema
881 702 1032 782 obsidio,
1058 720 1091 769 et
1114 727 1177 769 no·

94 822 220 870 oturna
235 804 330 894 fuga,
348 803 407 869 aed
422 818 456 869 et
470 804 576 869 exitus
597 805 821 893 spectabatur,
840 805 1046 895 virginesque
1063 806 1177 871 mortis

94 923 245 995 paterna
265 906 411 971 comites.
428 906 535 970 Etiam
555 906 758 994 reliquorum
774 907 844 987 ejus
860 906 1003 971 filiorum
1021 905 1176 972 filiarum·

94 1031 167 1096 que
185 1024 263 1073 ante
280 1024 405 1097 patrem
424 1024 650 1089 mortuorum,
667 1031 728 1073 nec
748 1030 817 1072 non
836 1007 973 1075 deorum
989 1007 1176 1074 barbarico·

94 1133 197 1191 rum,
215 1108 339 1201 efligies
356 1109 645 1175 transferebantur.

142 1210 264 1276 XLIX.
290 1212 420 1276 Titulus
444 1234 578 1300 quaque
600 1210 765 1275 visebatur
787 1208 994 1276 conditarum
1018 1211 1173 1277 urbium:

94 1328 177 1375 octo
189 1312 225 1377 in
236 1313 440 1403 Cappadocia
452 1314 626 1401 Pontoque
637 1311 865 1393 aedificatorem
880 1312 914 1375 in
925 1311 1037 1377 Cilicia
1049 1329 1082 1378 et
1091 1315 1175 1379 Cara

94 1412 194 1500 Syria
205 1414 337 1503 viginti3
356 1415 391 1478 in
407 1414 575 1479 Palaestina
588 1436 723 1502 quoque
738 1412 873 1500 aliisque
887 1414 1075 1503 regionibus
1088 1437 1174 1480 non·

96 1514 225 1597 nullas3
238 1515 273 1577 in
294 1516 483 1581 universum
502 1514 817 1603 undequadraginta.
834 1516 938 1605 Reges
957 1516 1036 1581 victi
1051 1539 1175 1583 memo-

96 1616 259 1680 rabantur
275 1616 427 1706 Tigranes
443 1620 633 1699 Amenius,
649 1617 782 1680 Artanes
797 1616 921 1697 Iberus,
943 1616 1063 1682 Oroeses
1075 1619 1177 1683 Alba·

97 1737 160 1779 nus
170 1764 181 1795 ‚
207 1717 326 1781 Darius
346 1718 478 1798 Medus,
497 1741 571 1783 cum
585 1718 705 1798 Arata,
730 1718 788 1805 qui
807 1718 976 1783 Nabataeis
993 1721 1153 1786 Arabibus
1162 1770 1173 1803 ,

97 1830 133 1881 et
144 1818 326 1898 Antiocho,
343 1821 401 1907 qui
418 1818 638 1908 commagenae
655 1818 839 1907 inperabat.
853 1820 926 1907 lpse
940 1820 1174 1909 triumphator,

93 1918 221 1999 junctis
236 1921 385 2009 exemplo
399 1920 508 1985 Liberi
520 1920 721 2008 elephantis,
742 1930 906 2008 gemmato
923 1942 1023 1985 curru
1033 1920 1180 1987 veheba-.

99 2034 175 2101 tur,
199 2020 389 2109 chlamyde,
416 2038 454 2085 ut
480 2022 665 2102 ferebatur,
688 2020 860 2085 Alexandri
882 2020 994 2111 Magni
1017 2023 1154 2087 amictus
1165 2058 1182 2106 ,t

98 2143 201 2208 quam
214 2121 303 2210 apud
320 2123 407 2187 Coos
425 2123 461 2186 iu
481 2122 641 2187 thesauris
663 2123 842 2210 Cleopatra
862 2121 1067 2187 Mithridates
1084 2124 1174 2188 iuve-

99 2237 203 2285 norat.

143 2324 180 2389 L.
198 2325 340 2389 Currum
353 2325 433 2389 socii
447 2324 653 2412 ministrique
667 2324 810 2389 victoriae
826 2325 1066 2412 sequebantur,
1078 2326 1174 2416 legati

99 2422 292 2512 tribunique
303 2425 429 2516 pedites
441 2426 579 2515 partim,
592 2425 647 2490 alii
658 2424 694 2490 in
706 2426 818 2514 equis:
834 2449 910 2491 nam
923 2427 1101 2494 exercitum
1115 2426 1175 2494 diu

100 2540 177 2590 ante
198 2524 369 2593 dimissum
387 2550 456 2592 non
476 2529 648 2611 acciverat3
666 2551 854 2617 quanquam
878 2530 980 2594 veteri
1004 2553 1096 2596 more
1120 2555 1175 2597 ro·

100 2649 217 2707 mano,
235 2629 305 2694 sine
327 2631 473 2696 exercitu
493 2630 696 2719 triumphare
718 2631 968 2718 imperatorem,
986 2631 1072 2698 bello
1095 2655 1175 2698 con-

100 2728 207 2810 fecto,
223 2719 403 2796 absurdum
416 2731 606 2797 habebatur.
623 2731 735 2795 Mitior
752 2731 806 2796 hic
824 2732 920 2797 solito
938 2733 1126 2820 triumphus
1139 2735 1173 2798 in

101 2832 246 2918 captivos
263 2833 343 2898 fuit:
366 2851 481 2897 omnes
500 2831 624 2898 dimissi
637 2849 716 2897 suut
731 2832 772 2898 ad
787 2855 864 2898 suos
877 2849 1013 2920 sumptu
1022 2833 1174 2921 publico,

100 2946 218 3018 praeter
234 2933 460 2998 Aristobulum
476 2949 509 2997 et
525 2934 718 3022 Tigranem,
735 2933 770 2997 in
787 2932 936 2998 custodia
953 2949 1113 3016 servatos,
1132 2957 1174 2999 ne

100 3032 154 3097 ille
170 3034 295 3115 fratris,
307 3035 362 3100 bic
372 3035 488 3123 patris,
503 3057 615 3122 pacem
629 3035 810 3120 turbarent.
823 3034 980 3113 Majorem
991 3034 1046 3099 hic
1058 3034 1174 3100 trium·

100 3135 188 3224 phus
204 3137 378 3223 pecuniam
395 3137 430 3200 in
448 3136 614 3219 aramum,
627 3159 726 3224 quam
743 3135 808 3200 ulla
823 3150 915 3198 aetate
930 3134 1103 3223 quisquam
1121 3136 1174 3200 in·

100 3236 197 3302 tulit:
215 3258 283 3300 non
295 3237 549 3325 comprehensa,
565 3260 638 3326 qure
651 3260 691 3301 ex
709 3236 872 3301 manubiis
892 3236 993 3302 estin
1012 3237 1175 3326 Capitolio

100 3337 263 3427 reposita,
288 3338 406 3428 signati
433 3340 559 3428 argenti
583 3339 815 3428 septingenties
839 3339 1052 3428 quinquagies
1074 3342 1175 3406 semel

101 3453 239 3502 centena
262 3439 361 3504 millia
385 3439 615 3505 drachmarum
639 3441 850 3523 translatum,
875 3441 1043 3530 Appianus
1061 3458 1177 3509 auctor

100 3555 169 3605 est:
184 3540 396 3622 Plutarchus,
411 3542 447 3605 in
458 3565 540 3606 auro
553 3557 587 3606 et
597 3557 733 3632 argento
747 3541 833 3606 lacto
846 3527 1038 3632 signatoque
1049 3543 1084 3608 in
1095 3567 1175 3610 aera·

102 3643 187 3706 rium
203 3642 291 3706 illata
305 3642 348 3707 ad
362 3644 476 3734 viginti
489 3643 687 3708 talentorum
700 3643 809 3712 millia.
1171 3727 1173 3730 Ι

144 3746 198 3810 Ll.
221 3744 334 3810 Multis
361 3746 454 3810 novis
480 3745 707 3833 inusitatisque
730 3747 928 3812 ornamentis
954 3746 1090 3837 insignis
1114 3747 1177 3810 isto

134 3973 283 4040 sxtvln.
295 3974 419 4023 Plutarch.
434 4002 470 4012 —
485 3975 594 4040 Appian.
612 4000 648 4012 -
664 3975 768 4041 Joaepb.
777 3976 865 4038 Antiq.
875 3974 948 4032 XIV,
959 3975 984 4023 8.
999 3999 1034 4010 -
1047 3972 1112 4032 Dio,
1129 3973 1176 4026 tib.

101 4061 238 4112 mvn.
249 4087 283 4097 -·
293 4060 310 4125 s
323 4062 417 4110 xm.
428 4061 573 4123 alinvtu,
584 4078 610 4112 a.
620 4089 655 4100 -
665 4061 724 4112 nio.
734 4088 769 4098 -
780 4059 887 4126 Appian.
898 4087 918 4098 -
946 4058 962 4126 s
976 4060 1002 4108 L.
1017 4059 1124 4125 Appian.
1138 4085 1174 4102 -ι

103 4146 161 4196 uio.
174 4173 209 4184 -
220 4144 286 4194 Vell
300 4147 341 4206 11,
360 4153 402 4203 to.
