2875 4900
280 374 350 447 556
451 379 523 445 JO.
551 378 894 449 FREINSHEMII
924 380 1170 449 SUPPLEM.

277 497 381 561 factus
393 498 552 587 impetus,
563 513 612 580 et,
623 499 788 587 plerisque
801 500 907 593 caesis,
920 498 1026 563 crateri
1039 498 1123 563 intra
1139 518 1248 562 munos
1259 518 1337 561 com·

276 599 362 685 pulsi
375 615 464 662 sunt.
480 601 552 664 Hoc
567 601 678 687 praelio
690 599 775 663 clara
788 600 834 664 Μ.
846 600 982 665 Antonii
998 600 1100 663 virtus
1115 599 1251 680 exstitb,
1263 599 1338 662 mul·

278 699 369 786 tique
382 700 529 763 bostium
542 700 644 787 ipsius
659 723 761 763 manu
774 701 947 765 interfecti.
959 701 1029 765 Nec
1040 700 1098 765 diu
1110 716 1220 789 postea
1232 698 1339 764 r'estitit

277 800 478 865 Alexander:
493 824 564 888 quo
583 803 620 864 iu
640 801 841 867 deditionem
857 818 1009 889 accepto,
1027 802 1186 867 Gabinius
1202 801 1338 880 castella,

277 924 350 989 quae
366 902 623 983 nominavimus,
640 919 673 966 et
690 918 845 990 praeterea
861 903 1081 992 Hyrcanium,
1097 925 1139 967 ne
1157 925 1208 966 res
1224 922 1339 965 noran·

275 1005 363 1068 tibus
389 1005 535 1093 receptui
558 1020 684 1085 essent,
708 1004 830 1086 diruit,
856 1020 970 1069 contra
994 1003 1119 1069 dirutas
1146 1004 1226 1069 olim
1249 1003 1339 1067 urbes

278 1105 420 1169 restiusit
447 1107 587 1187 multas,
618 1106 851 1195 Scythopolin,
877 1106 1074 1186 Samariam,
1100 1104 1339 1184 Anthedonem,

277 1206 440 1285 Azotum,
463 1206 640 1295 Raphiam,
664 1207 772 1284 Dora,
799 1207 986 1288 Marissam,
1007 1207 1236 1295 Apolloniam,
1260 1208 1340 1270 Jam-
1393 1250 1394 1285 ,

278 1306 385 1387 niam,
401 1306 553 1389 Gamala,
576 1306 717 1390 Gazam,
741 1325 774 1373 et
797 1309 873 1373 alias
889 1326 1046 1398 praeterea
1062 1330 1129 1373 non
1148 1330 1277 1396 paucas.
1292 1310 1341 1371 lu·
1393 1290 1394 1345 l

223 1416 227 1432 '
278 1406 379 1471 deam
394 1407 513 1473 deinde
524 1410 570 1473 ita
579 1411 784 1499 composuit,
798 1427 837 1475 ut
848 1412 985 1475 reducto
996 1410 1256 1499 Hierosolymam
1266 1411 1341 1497 Hyr

279 1532 362 1573 mno
388 1510 606 1577 sacerdotium
630 1512 800 1593 redderet3
829 1528 958 1602 gentem
981 1512 1153 1599 optimates
1178 1526 1340 1599 regerent,
1393 1528 1394 1607 ἦ

279 1610 427 1698 quinque
447 1613 665 1677 conventibus
682 1613 849 1678 institutis.
1393 1676 1394 1687 ,

323 1713 398 1778 XII.
421 1714 475 1777 Ob
492 1714 549 1777 has
566 1738 618 1779 res
635 1738 761 1803 quum,
779 1715 884 1779 missis
900 1715 935 1777 in
951 1712 1076 1777 Urbem
1089 1712 1210 1794 literis,
1228 1712 1340 1800 suppli·

280 1814 440 1878 catitumm
460 1816 613 1904 petisset,
635 1816 745 1881 idibus
768 1816 859 1880 maiis
879 1815 1043 1902 frequenti
1060 1829 1176 1877 senatu
1197 1813 1341 1901 denegata
1393 1804 1394 1815 ¹

279 1933 348 1997 est3
365 1917 456 2005 quod
474 1934 592 2006 preter
613 1921 651 1983 T.
668 1920 842 1984 Albucium
860 1917 1021 1982 aeciderat
1035 1916 1169 1980 nemini.
1187 1917 1268 1980 Eam
1285 1914 1340 1977 Ga·
1393 1956 1394 1959 κ

204 2067 211 2077 ,
280 2018 390 2083 binius
408 2019 623 2107 ignominiam
640 2021 807 2085 Ciceronis
822 2020 947 2083 inimici
963 2040 1060 2106 opera
1076 2032 1249 2106 putaretur
1263 2036 1341 2079 acce·
1393 2016 1394 2089 ¹

278 2120 379 2208 pisse,
399 2121 461 2184 nisi
477 2141 537 2209 per
551 2122 731 2186 absentiam
750 2122 916 2186 Ciceronis
931 2120 965 2184 id
979 2136 1063 2185 esset
1074 2134 1196 2183 actum.
1209 2117 1342 2182 Publica·
1393 2163 1394 2185 r

277 2242 397 2283 nomm
418 2222 643 2308 potentissima
665 2224 764 2287 factio
784 2223 964 2311 plurimum
988 2221 1018 2285 ei
1036 2220 1188 2284 nocuisse
1205 2218 1340 2293 ridetur,

279 2321 333 2384 cui
355 2344 390 2385 se
411 2322 445 2386 in
465 2325 633 2411 provincia
651 2347 810 2413 perquam
831 2324 982 2411 iniquum
1005 2320 1246 2409 adversumque
1261 2318 1342 2385 exbi-
1393 2382 1394 2417 ,

281 2423 407 2488 buerat.
428 2426 543 2508 Quum
569 2426 688 2492 deinde
713 2429 775 2492 Cn.
791 2426 967 2514 Pompeius
990 2426 1051 2490 Cn.
1072 2426 1108 2489 F.
1133 2424 1207 2489 Sex.
1224 2424 1266 2488 N.
1281 2421 1341 2486 Mt·
1393 2424 1394 2504 l

283 2543 388 2614 gnus,
412 2526 458 2590 M.
489 2529 632 2592 Licinius
660 2529 695 2594 P.
718 2529 756 2592 F.
779 2529 825 2620 Μ
850 2529 892 2593 N.
916 2529 1070 2608 Crassus,
1089 2525 1192 2589 altero
1216 2520 1341 2610 collegio
1393 2505 1394 2598 l

279 2627 484 2690 consulatum
499 2629 654 2711 inissent,
673 2646 749 2694 ante
764 2631 874 2694 omnia
896 2645 1088 2693 caeterorum
1106 2627 1341 2716 magistratuum
1393 2607 1394 2696 l

279 2727 410 2790 comitia
428 2749 515 2792 curae
530 2730 738 2813 habuerunt3
757 2731 892 2795 intentis
912 2731 946 2794 in
968 2730 1033 2793 hoc
1048 2728 1185 2810 animis,
1204 2750 1248 2792 ne
1263 2725 1342 2814 quis·
1393 2731 1394 2808 l

279 2851 396 2915 quam,
414 2830 477 2892 nisi
495 2831 553 2917 qui
569 2830 611 2894 de
627 2832 767 2895 factione
785 2832 916 2896 illorum
932 2845 1034 2912 esset,
1052 2845 1228 2894 crearetur.
1393 2822 1394 2902 l

323 2931 414 2994 XIII.
438 2932 603 3021 Praecipue
620 2933 742 2997 referre
763 2934 1024 3015 arbitrabantur,
1046 2935 1206 2996 Catonem
1224 2927 1341 3018 repella
1393 2953 1394 2968 ¹

277 3031 337 3118 qui
352 3032 507 3118 providus
523 3035 627 3097 futuri
640 3050 814 3122 praeturam
827 3036 975 3123 petebat,
990 3049 1030 3098 ut
1043 3033 1268 3097 auctoritatem
1283 3051 1341 3092 ma·
1393 3021 1394 3082 ἶ

279 3132 431 3221 gistrams
441 3182 450 3215 ,
461 3135 551 3199 velut
563 3157 671 3200 arcem
682 3135 901 3200 defendendae·
911 3135 1086 3215 libertatis,
1101 3133 1275 3198 obtineret.
1289 3128 1342 3216 lgi-

277 3249 335 3296 tur
349 3235 452 3298 multa
465 3252 582 3322 praeter
597 3259 723 3300 morem
738 3253 773 3300 et
788 3237 963 3302 honesmm
979 3235 1157 3300 commenti
1173 3249 1271 3314 sunt,
1285 3251 1342 3318 quo
1393 3233 1394 3310 ζ

278 3351 344 3398 tam
357 3355 486 3424 gravem
500 3340 649 3403 futurum
661 3338 878 3403 adversarium
891 3339 1113 3403 amolirentur.
1126 3338 1197 3400 Iam
1209 3337 1341 3424 primum

277 3457 336 3524 per
349 3437 600 3526 infrequentiam
612 3433 930 3504 senamsconsultur'n
942 3439 1127 3504 faciendum
1139 3447 1340 3528 curaverunt,
1393 3423 1394 3445 ¹

279 3539 329 3602 uti
339 3554 507 3626 praetores,
524 3545 582 3629 qui
593 3545 696 3606 creati
705 3555 820 3622 esseut,
836 3543 995 3630 externplo
1008 3542 1146 3620 imtran-
1164 3553 1341 3625 quauquam
1393 3581 1394 3586 κ

278 3641 447 3705 sententie
467 3641 561 3706 dicta
582 3659 695 3725 erant,
706 3657 862 3732 pretores
882 3645 927 3708 ita
947 3644 1052 3706 creari
1069 3639 1213 3729 placere,
1236 3651 1272 3704 ut
1286 3634 1343 3698 dies
1393 3657 1394 3674 ³

278 3745 452 3830 sexaginta
462 3745 582 3832 prareti
594 3759 700 3808 esseut.
714 3745 830 3828 Quum
845 3745 890 3808 ita
905 3742 1141 3832 providissent,
1156 3761 1198 3804 ne
1211 3736 1341 3802 ambitus
1393 3745 1394 3822 ἐ

275 3844 399 3923 judicio
415 3860 499 3910 esset
516 3861 591 3909 ante
612 3846 835 3934 magistratum
858 3845 976 3909 initum
999 3843 1112 3922 locus,
1136 3840 1258 3905 amicos
1274 3853 1341 3899 suos

313 4050 329 4115 S
349 4053 396 4100 xl.
417 4054 470 4103 Cic.
488 4053 521 4100 ad
541 4055 573 4116 Q.
590 4054 659 4103 fratr.
673 4056 710 4113 11,
728 4057 757 4115 8,
771 4067 795 4104 et
806 4055 836 4102 de
847 4057 920 4104 l’ror.
938 4057 1013 4104 Cous.
1026 4069 1080 4117 cap.
1094 4053 1108 4100 5
1122 4065 1146 4100 et
1161 4068 1185 4111 7.
1199 4077 1232 4088 -·
1245 4047 1299 4096 Illo·
1313 4067 1340 4078 ‘
1393 4039 1394 4078 ¹

278 4133 362 4202 §xtt
372 4136 405 4184 U.
417 4137 446 4184 C.
458 4138 526 4199 69⁶„
539 4140 570 4185 A.
580 4139 610 4187 C.
621 4138 663 4186 55.
1393 4157 1394 4168 ¹
