2875 4900
279 356 351 438 488
455 358 522 425 JO.
549 356 892 427 FREINSHEMII
921 356 1171 427 SUPPLEM.

279 478 360 556 dum
372 477 452 559 aliis,
467 474 672 542 confirmarit
685 502 693 542 :
707 479 906 567 provincias,
922 492 961 542 ut
974 478 1140 566 Spintheri
1151 478 1348 566 Hispaniam,

280 578 421 659 dandas,
443 578 566 666 quibus
586 580 656 668 ipse
676 594 830 666 cuperet,
851 578 992 643 curavit:
1010 577 1051 643 de
1066 578 1162 642 variis
1180 579 1298 659 rebus,
1315 601 1350 641 ex

280 700 341 744 suo
365 679 678 768 conjuratorumque
697 680 855 744 arbitratu
873 682 960 769 leges
984 680 1078 757 tulit,
1106 679 1148 745 de
1168 680 1348 762 majestate,

279 780 321 851 de
349 782 558 864 sacerdotiis,
584 781 625 847 de
648 781 846 870 provinciis,
874 780 916 846 de
940 780 1148 869 repetundis,
1178 782 1297 869 paratis
1319 782 1349 843 in

280 882 451 971 quodlibet
470 884 586 971 populi
605 883 786 972 suffragiis,
804 906 895 970 quoe,
912 900 1029 972 praeter
1047 899 1181 965 caetera,
1198 882 1349 947 ludorum

280 999 314 1050 et
328 984 539 1048 venationum
555 983 704 1048 mercede
718 984 918 1071 quaesiverat.
933 986 1052 1049 Totam
1065 982 1209 1072 denique
1224 1007 1351 1073 rempu-

279 1084 413 1166 blicam,
429 1085 549 1149 latente
564 1084 703 1174 collega,
719 1085 809 1149 solus
826 1082 1075 1150 administrarit.
1092 1084 1189 1149 Unde
1202 1086 1349 1149 homines

279 1185 414 1266 urbani,
430 1208 503 1273 quae
520 1200 609 1275 gesta
625 1207 666 1249 eo
681 1208 770 1251 anno
783 1202 907 1269 essent,
925 1208 994 1251 non
1010 1202 1049 1250 ut
1070 1186 1203 1251 solitum
1223 1185 1349 1252 duobus

281 1286 489 1369 consulibus,
503 1286 561 1351 sed
574 1288 721 1369 ejusdem
734 1289 868 1353 nomine
882 1310 920 1353 ac
931 1304 1151 1411 cognomento
1164 1288 1348 1377 signabant,

280 1388 368 1453 Iule
386 1402 419 1452 et
433 1335 560 1468 Cedsare
573 1390 762 1457 consulibus.

325 1489 422 1554 XCV.
435 1491 532 1555 Hunc
544 1514 654 1555 rerum
666 1508 786 1557 statum
796 1515 901 1581 quum
913 1494 1010 1559 multi
1021 1510 1251 1585 gravarentur,
1263 1510 1296 1558 et
1305 1494 1350 1557 ali

282 1589 414 1677 quando
427 1592 976 1707 Caesarinsenatudeirffrequentia
987 1611 1197 1683 quereretur,
1217 1596 1261 1678 Q.
1275 1598 1350 1660 Con

282 1691 404 1776 sidius,
427 1714 521 1759 arma
547 1694 696 1759 nt'mirum
719 1710 752 1760 et
771 1676 906 1761 milites
903 1698 1007 1761 abari
1011 1696 1259 1786 ,respondit.
1246 1697 1348 1780 Quin

283 1794 407 1883 igitur
419 1811 467 1878 te,
486 1795 594 1884 inquit
610 1798 731 1880 Cesar,
751 1797 862 1863 eadem
879 1797 1022 1863 formido
1039 1821 1115 1863 non
1123 1799 1288 1863 continuit
1301 1797 1350 1861 do·

283 1895 400 1960 «mit»
425 1898 512 1961 Tum
536 1897 606 1980 ille,
632 1898 729 1963 «Hoc
755 1914 845 1965 metu
867 1915 1016 1963 senectus
1044 1920 1096 1963 me
1123 1898 1261 1981 liberat,
1285 1920 1349 1985 que

283 1996 418 2088 «gladiis
441 1997 505 2062 tuis
529 2021 659 2087 parvam
682 2000 813 2088 reliquit
836 2000 927 2083 vitae,
948 2022 1009 2064 nec
1030 1998 1161 2089 dignam
1185 1998 1348 2078 cautione,

283 2100 529 2188 «partictdamn.
551 2102 642 2165 Inter
656 2124 730 2189 quae
745 2101 788 2183 Q.
803 2100 920 2166 Fusius
939 2102 1079 2165 Calenus
1095 2115 1233 2188 praetor,
1251 2088 1348 2164 anim·

284 2201 437 2296 adverso,
460 2203 494 2264 ἰιι
514 2202 676 2292 suffmgiis
699 2202 885 2291 promiscue
909 2203 997 2286 latis,
1022 2202 1108 2268 bene
1128 2202 1279 2266 consulta
1294 2200 1349 2263 sibi

286 2325 450 2391 quemque
461 2302 661 2385 adscribere,
676 2303 872 2369 deteriorem
884 2306 1013 2393 culpam
1025 2302 1199 2367 transferre
1214 2300 1249 2365 in
1262 2302 1347 2377 alios,

282 2406 389 2494 legem
408 2405 497 2488 tulit,
514 2407 564 2471 uti
577 2406 773 2494 singulorwu
790 2427 956 2496 corporum
973 2402 1135 2494 suffragia
1149 2404 1276 2466 seorsim
1293 2399 1348 2465 col·

285 2505 472 2594 ligaremur,
494 2530 561 2595 quo
584 2508 720 2599 intelligi
738 2509 858 2597 possit,
878 2508 904 2572 si
925 2529 1012 2588 non,
1036 2504 1117 2594 quid
1139 2504 1261 2568 viritim
1280 2503 1348 2567 uni·

284 2609 420 2696 cuique,
441 2632 517 2673 nam
539 2607 574 2674 id
590 2609 631 2675 ad
648 2611 734 2700 leges
758 2608 929 2674 solvendas
952 2606 1131 2672 tabellarias
1152 2605 1348 2693 pertinebat,

285 2721 372 2774 certe
387 2708 468 2797 quid
485 2710 619 2775 cuilibet
634 2711 742 2775 ordini
759 2710 941 2799 placuisset.

329 2810 445 2901 XCVI.
467 2809 559 2875 Nihil
580 2809 614 2876 id
635 2812 766 2877 Caesaris
790 2812 965 2890 intererat,
990 2811 1065 2897 qui,
1087 2831 1122 2872 se
1144 2807 1348 2896 presentibus

286 2912 419 2997 abunde
446 2927 639 2976 contentum
667 2915 797 2994 ferens,
824 2910 988 3000 quidquid
1017 2909 1189 2999 cupiebat,
1218 2908 1347 2973 aliorum

286 3037 401 3102 opera,
416 3036 510 3103 neca
527 3014 621 3102 plebe
637 3015 764 3096 solum,
780 3013 838 3079 sed
854 3029 967 3102 postea
983 3013 1078 3076 etiam
1097 3033 1116 3075 a
1131 3026 1263 3092 senatu,
1280 3032 1348 3074 con·

286 3116 492 3204 sequebatur.
515 3116 599 3180 Nam
621 3116 787 3204 Illyricum
807 3114 1011 3202 Galliamque
1027 3113 1242 3200 Cisalpinam,
1261 3131 1347 3200 quam

288 3240 328 3279 ex
349 3217 504 3281 omnibus
527 3218 704 3306 provinciis
725 3218 881 3306 elegerat,
903 3235 1017 3281 socero
1038 3237 1225 3304 generoque
1243 3213 1347 3278 suffra·

288 3318 457 3434 gentibus,
480 3343 557 3384 oum
576 3320 762 3416 legionibus
778 3319 912 3416 tribus
903 3341 937 3382 ιιι
954 3315 1218 3406 quinquennium
1238 3312 1348 3401 accepit

288 3421 457 3508 rogatione
472 3420 617 3500 Vatinia3
639 3442 716 3484 mox
739 3435 853 3518 quarta
879 3408 983 3509 legio,
1007 3433 1039 3482 et
1060 3439 1132 3504 quae
1155 3433 1245 3484 trans
1264 3417 1347 3502 Alpes

288 3537 338 3585 est
354 3520 473 3605 Gallia,
494 3523 777 3586 senatusconsulto
795 3522 940 3586 accessit.
960 3519 1166 3584 Verebantur
1190 3518 1277 3582 enim
1297 3517 1347 3580 Pa·

287 3613 370 3704 tres,
383 3644 442 3704 ne,
453 3622 704 3687 cunctantibus
695 3645 789 3711 rpsrs
804 3638 837 3686 et
849 3622 935 3687 hane
949 3603 1091 3716 populus
1103 3619 1211 3702 daret,
1229 3618 1346 3734 quijam

287 3741 399 3793 contra
409 3725 515 3813 legem
526 3723 843 3810 Sempromamjurrs
852 3725 951 3804 hujus
962 3723 1212 3810 usurpationem
1222 3721 1345 3810 primam

289 3841 481 3918 gustaverat.

322 3981 343 4056 5ι
351 3982 442 4032 xciv.
454 3981 556 4027 Sueton.
570 4003 604 4013 ··-
616 3977 678 4026 Caes.
687 3975 718 4024 de
727 3978 754 4025 ll.
766 3977 983 4028 civ.1.-cic.sd
995 3976 1079 4024 Famil.
1090 3977 1116 4032 l,
1131 3991 1156 4038 9.
1165 4003 1198 4011 -
1208 3973 1309 4040 Appiam
1317 3993 1344 4004 ·-

289 4068 391 4114 Suetou.
403 4089 434 4101 --
446 4062 506 4111 Dio.
516 4061 577 4127 -ς
590 4063 669 4112 XCV.
685 4061 808 4110 Plutamb.
824 4061 851 4109 in
860 4063 922 4112 Cet.
931 4088 966 4099 -
975 4063 1032 4110 Dio.
1042 4088 1078 4098 —
1087 4059 1104 4125 5
1113 4061 1205 4111 xcvt.
1217 4061 1308 4109 sueton
1316 4076 1345 4088 -·

288 4149 352 4204 vett.
362 4178 397 4190 -
410 4149 543 4231 OronVl,
557 4164 580 4210 7.
594 4175 630 4186 -
648 4147 701 4198 cte.
711 4146 740 4196 in
749 4148 831 4196 Vatin.
846 4164 868 4196 c.
882 4147 923 4208 15,
936 4158 960 4196 et
974 4161 1020 4214 pro
1035 4144 1123 4205 domo,
1136 4160 1159 4194 e.
1170 4158 1194 4206 9.

44 4594 316 4727 a*
