2875 4900
233 379 303 453 700
411 361 478 428 JO.
501 362 527 427 F
533 361 843 430 REINSHEMII
868 365 1114 434 SUPPLEM.

230 480 357 569 roganti
377 480 498 546 scilicet
513 481 637 569 populo
651 503 788 546 romano
801 481 1045 571 gratificarenrr.
1066 488 1228 551 Ceterum
1244 487 1295 554 ille

231 583 345 646 consul
360 582 394 646 in
411 605 535 646 annum
550 599 741 670 sequentem
755 585 856 650 creari
867 586 1029 667 voluerat,
1046 604 1085 651 ut
1097 589 1294 676 tyrannicam

230 697 446 769 potestatem,
473 706 569 771 quam
598 684 794 772 usurpabat,
818 685 955 774 legitimi
979 689 1186 777 magistratus
1208 713 1297 754 voca·

231 784 309 848 bulo
329 783 506 874 obtegeret.
525 785 629 849 Simul
646 786 766 850 servari
788 786 930 873 speciem
947 789 1133 876 reipublicae
1149 790 1296 870 volebat3

231 901 264 948 et
289 885 366 974 quia
391 886 541 952 consules
563 886 660 950 ambo
688 889 821 974 sequuti
844 887 1039 976 Pompeium
1063 892 1214 970 fueraut,
1238 913 1298 954 uec

229 987 422 1075 putoribus
443 986 572 1052 creandi
592 988 743 1054 consules
757 989 811 1068 jus
829 1011 899 1054 esse
919 989 1104 1073 dicebatur,
1118 993 1297 1056 necessario

230 1087 421 1152 faciundum
432 1089 572 1176 putarit,
585 1104 623 1153 ut
635 1089 845 1155 comitiorum
857 1090 1086 1156 habendorum
1097 1115 1194 1158 causa
1205 1092 1300 1158 dicta·

232 1205 338 1253 tutum
351 1205 541 1256 assumeret.
719 1197 721 1200 ’

275 1293 391 1357 XLIX.
412 1293 451 1356 In
471 1291 536 1356 hoc
556 1293 745 1383 magistratu
761 1293 947 1376 exsulibus,
966 1309 1082 1382 proeter
1098 1295 1139 1359 T.
1156 1295 1299 1359 Annium

231 1393 405 1474 Milonem,
420 1392 563 1458 reditum
576 1393 736 1475 decrevit3
748 1411 782 1460 et
795 1396 1051 1483 proscriptorum
1063 1417 1084 1458 a
1093 1395 1181 1458 Sulla
1191 1394 1301 1460 liberis

228 1493 281 1575 jus
305 1494 521 1583 petendorum
543 1496 708 1562 honorum
731 1512 843 1561 contra
865 1497 971 1585 legem
991 1497 1177 1561 Corneliam
1200 1495 1300 1561 dedit

232 1596 457 1662 Aristobulum
472 1597 640 1686 quondam
656 1599 673 1661 J
675 1596 774 1662 udaeae
787 1620 916 1688 regem,
932 1596 1051 1662 deinde
1063 1599 1301 1686 triumphatum

232 1697 409 1784 Pompeio,
429 1698 554 1766 remisit
570 1697 726 1765 daturum
739 1699 775 1763 in
787 1699 879 1787 Syria
890 1698 1092 1781 turbasgSed
1103 1699 1157 1763 ille
1168 1699 1302 1787 quidem

231 1797 598 1888 oPompeianisveneuo
606 1823 676 1866 esse
684 1800 884 1888 interceptus
895 1800 1049 1865 traditur:
1059 1799 1162 1864 filium
1170 1801 1307 1866 Alexan·

232 1897 328 1963 drum
338 1949 346 1976 ‚
358 1901 497 1990 acceptis
509 1924 546 1966 ea
557 1900 600 1966 de
610 1924 646 1966 re
656 1901 804 1989 Pompeii
816 1901 931 1982 literis,
943 1901 979 1966 L.
995 1901 1103 1988 Scipio
1115 1901 1222 1965 securi
1235 1923 1304 1989 per

232 2001 332 2064 cussit
340 2001 538 2084 Antiochiae,
548 2001 714 2082 latrocinia
724 2002 890 2082 objiciens.
900 2002 1023 2066 Habuit
1031 2001 1151 2066 deinde
1159 2002 1302 2082 comitia,

231 2123 331 2189 seque
347 2120 380 2169 et
396 2105 433 2168 P.
451 2104 622 2170 Servilium
642 2103 822 2194 designavit
839 2103 989 2168 eonsules
999 2102 1047 2166 :is
1062 2102 1151 2166 enim
1161 2118 1230 2166 erat
1242 2125 1302 2165 an·

232 2225 310 2286 nus,
320 2227 387 2292 quo
397 2205 603 2272 consulatum
615 2197 645 2270 ei
655 2227 766 2295 gerere
777 2204 930 2294 perleges
942 2204 1074 2286 licebat3
1085 2226 1225 2292 quarum
1235 2205 1301 2267 vim

233 2326 336 2391 quum
348 2305 380 2368 ri
393 2308 514 2385 majore
526 2307 682 2387 solveret,
696 2307 837 2394 speciem
848 2305 955 2370 ubivis
967 2328 1085 2394 magna
1094 2304 1303 2370 veneratione

232 2406 425 2472 sectabatur.
453 2407 489 2473 L.
514 2408 667 2473 Pisonem
692 2407 850 2499 collegam
872 2424 1099 2496 assumpturus
1121 2406 1300 2472 ridebatur.

231 2508 295 2573 Sed
317 2510 394 2597 quia
414 2510 534 2599 legatos
554 2510 595 2575 ad
617 2511 810 2599 Pompeium
831 2509 1008 2576 mittendos
1022 2510 1098 2574 Piso
1112 2525 1301 2588 censuerat,

233 2624 365 2697 eratque
379 2633 450 2677 eam
462 2600 505 2676 ob
519 2634 649 2677 causam
660 2611 839 2701 increpitus
851 2610 893 2676 ab
905 2612 1069 2693 Isaurico;
1081 2610 1129 2675 illi
1141 2611 1301 2676 bonorem

232 2710 363 2777 libertas
385 2712 539 2793 abstulit,
562 2713 640 2777 huic
661 2712 804 2778 adulatio
826 2713 927 2778 dedit.
949 2712 1087 2777 Comitia
1109 2728 1300 2777 caeterorum

232 2833 366 2901 quoque
389 2813 634 2902 magistratuum
658 2830 735 2878 sunt
757 2814 887 2899 habita3
912 2813 1104 2904 pontificum
1125 2816 1243 2895 etiam,
1266 2814 1299 2876 in

233 2912 304 2977 loca
320 2912 588 2994 demortuorum
602 2916 755 3004 ferietque
770 2917 890 2980 Latinas
906 2916 1084 2981 celebrate.

213 3020 221 3033 '
276 3014 314 3079 L.
338 3016 508 3105 Oppressis
534 3014 652 3081 deinde
676 3040 739 3081 aere
761 3017 866 3081 alieno
891 3016 1130 3081 consulendum
1155 3014 1300 3104 putavit3

234 3114 292 3186 ted
303 3115 364 3197 ita,
378 3138 419 3179 ne
433 3115 591 3181 subruere
603 3116 701 3183 fidem
711 3166 721 3199 ‚
732 3134 784 3199 et,
796 3118 877 3183 dum
892 3119 1031 3183 aliorum
1047 3117 1229 3183 necessitati
1245 3138 1303 3179 cu·

234 3216 342 3313 pidius
365 3218 523 3299 consulit,
543 3218 682 3283 aliorum
699 3219 766 3299 juri
786 3220 853 3283 vim
872 3220 977 3284 lacere
996 3217 1233 3283 intolerandam
1250 3217 1298 3279 ri·

234 3316 376 3383 deretur.
395 3319 573 3387 Constituit
590 3321 708 3409 igitur,
730 3334 767 3384 ut
784 3321 899 3385 arbitri
914 3321 1069 3385 dorsum
1082 3320 1095 3407 (
1105 3343 1179 3383 nam
1201 3319 1300 3408 ipsius

233 3418 331 3483 verba
348 3418 570 3487 lubentissime
588 3444 678 3510 pono
688 3421 699 3509 )
710 3444 771 3509 per
782 3417 983 3509 quosfierent
999 3424 1299 3509 oestr'matrbnespos·

233 3522 401 3588 sesst'ctnum
414 3536 446 3586 et
460 3545 581 3602 rerum,
601 3526 715 3611 quanti
731 3545 863 3612 quoeque
880 3546 989 3588 eonem
1003 3535 1079 3587 ante
1094 3518 1301 3607 bellumfiult·

234 3636 278 3689 set
286 3670 297 3704 ,
318 3637 412 3713 atque
428 3647 475 3689 eoe
493 3623 694 3693 credt'tort'btts
706 3623 950 3690 transdererttur.
966 3624 1009 3687 Hi
1022 3622 1226 3687 arbitratores
1236 3669 1246 3702 ,
1258 3642 1301 3683 ne

271 3876 287 3941 S
300 3876 416 3925 mm.
427 3877 556 3933 LumnN,
568 3874 628 3936 374.
645 3902 679 3911 -
695 3875 760 3923 Plut.
772 3902 808 3912 -
820 3875 931 3940 Appian.
944 3901 980 3911 -
991 3874 1049 3924 Dio.
1064 3901 1100 3910 -—
1111 3874 1165 3924 Cic.
1180 3870 1212 3919 sd
1223 3870 1299 3919 etsie.

236 3960 287 4016 IX,
299 3974 325 4020 9.
338 3986 374 3997 -
386 3960 449 4009 Cas.
458 3959 524 4007 dett.
534 3958 588 4008 civ.
600 3958 643 4005 lib.
654 3960 701 4006 111.
714 3985 751 3995 —
765 3958 781 4022 s
798 3960 891 4008 mx.
901 3958 1009 4024 Appisu.
1020 3983 1055 3995 -
1067 3957 1132 4006 Plus.
1149 3982 1184 3994 —-
1194 3955 1298 4018 Dionys.

236 4042 316 4091 italie.
327 4042 370 4090 lib.
377 4045 449 4091 vul.
461 4070 495 4081 —-
509 4042 566 4091 Dio.
576 4070 611 4081 ν-
620 4040 724 4107 Josepb.
734 4042 821 4107 Antiq.
830 4044 901 4103 m,
914 4044 946 4091 ss
956 4053 982 4090 et
993 4043 1078 4090 6.-
1090 4044 1154 4092 Cara.
1162 4040 1194 4089 de
1202 4041 1230 4088 B.
1240 4039 1297 4087 ctu.

236 4125 281 4183 lib.
294 4128 339 4173 111.
350 4152 385 4163 -
397 4128 534 4177 §aeremia
543 4128 604 4177 Cras.
619 4142 673 4191 cap.
686 4132 728 4180 lx.
742 4152 776 4163 -
787 4126 879 4177 lateam
