2875 4900
1175 300 1186 324 r

249 387 273 456 6
427 385 491 452 JO.
517 381 855 450 FREINSHEMII
884 379 1123 448 SUPPLEM.

250 505 344 594 «cogi
357 505 390 566 in
406 500 567 583 ordinem,
587 501 697 564 violari
712 499 824 581 minis,
841 498 953 563 terreri
970 498 1057 564 caede
1070 499 1309 564 carissimorum

250 639 263 664 a
274 604 434 696 oportuit,
449 625 577 666 causam
592 621 659 664 non
678 601 771 681 dico,
788 599 868 686 quin
884 599 1055 664 adversarii
1070 601 1173 665 nostri
1192 602 1311 689 cupitis

249 708 431 770 «fruantur.
447 704 504 768 Sin
516 724 594 766 vero
607 723 785 788 paucorum
803 700 1048 788 importunitate
1058 700 1181 764 victum
1195 723 1311 764 consu-

249 806 336 869 alare
347 803 538 892 imperium,
552 799 672 864 caedem
690 801 855 864 clarissimi
868 801 1014 883 juvenis,
1025 801 1166 866 consulis
1178 803 1313 866 alterius

247 936 260 961 a
273 906 403 994 fugam,
427 900 557 965 alterius
579 900 779 989 periculum,
800 899 1004 966 dominantes
1024 902 1059 964 in
1079 901 1162 966 urbe
1177 918 1312 982 nostra,

249 1027 355 1093 *qnos
370 1003 478 1091 priore
497 1023 584 1064 anno
601 1001 635 1064 in
649 1000 781 1065 adversa
796 1003 864 1066 acie
876 1018 1016 1084 stantes,
1033 1001 1120 1066 ferro
1137 1025 1176 1067 ac
1189 1002 1311 1066 virtute

248 1107 428 1184 avicimus,
447 1125 510 1167 ¹vos
533 1106 625 1184 juxta
649 1125 778 1167 mecum
801 1103 1001 1167 intoleranda
1020 1102 1202 1182 judicatis:
1230 1103 1309 1191 quid

247 1206 339 1271 «fieri
349 1201 387 1270 ¹in
402 1227 471 1270 rem
488 1221 631 1269 nostram
648 1204 878 1293 publicamque
893 1206 952 1286 sit,
969 1203 1222 1269 consideremus.

290 1307 379 1371 xlv.
400 1305 487 1370 «Sed
505 1321 630 1369 mature
652 1305 781 1370 decreto
803 1329 887 1394 opus
910 1322 977 1387 est,
998 1303 1104 1369 donec
1124 1306 1312 1380 consultare

169 1406 173 1414 ’
245 1407 503 1486 «communiter,
518 1421 551 1469 et
568 1428 678 1493 agere,
697 1427 770 1492 quae
784 1407 955 1488 volumus,
970 1405 1055 1470 licet.
1074 1405 1127 1487 Sic
1144 1406 1233 1470 enim
1250 1427 1311 1468 ne-

246 1509 375 1590 «seitis,
394 1507 475 1571 mihi
499 1506 620 1570 bellum
645 1507 921 1584 mithridaticum,
938 1507 1031 1572 vobis
1054 1519 1115 1596 ego
1136 1507 1312 1595 imperator

223 1689 224 1694 ἵ
245 1610 397 1698 «eripior.
414 1611 450 1674 C.
464 1609 567 1672 Mario
581 1607 766 1672 tradimini:
783 1609 844 1671 nisi
866 1625 975 1672 tamen
995 1629 1053 1671 vos
1072 1608 1126 1671 ille
1149 1605 1313 1689 fastidiat,

247 1726 302 1773 «et
315 1709 451 1772 alterurn
474 1709 648 1773 exercitum
671 1731 798 1796 nupero
817 1708 1008 1772 commilitio
1027 1713 1187 1772 notiorem
1209 1708 1310 1772 malit.

246 1811 367 1897 «Atqui
384 1809 582 1898 provinciam
603 1809 709 1889 illam,
732 1826 765 1872 et
781 1809 839 1871 bas
857 1809 1000 1897 legiones
1014 1823 1143 1871 senatus
1157 1806 1237 1870 mihi
1253 1806 1314 1870 de·

247 1941 260 1966 ι
270 1909 379 1975 derat:
396 1925 429 1974 et
444 1931 504 1998 ego
514 1910 578 1989 jam
592 1907 633 1972 ad
647 1908 871 1990 trajiciendum
883 1909 993 1972 omnia
1003 1929 1204 1996 paraveram,
1216 1909 1313 1972 laetus

245 2025 301 2074 «et
313 2011 482 2090 festinans,
502 2030 568 2073 non
587 2023 625 2070 ut
644 2008 725 2072 mihi
743 2023 869 2072 tantum
888 2010 1023 2098 gloriam
1040 2009 1312 2096 triumphumque

246 2141 259 2166 ι
271 2132 310 2173 ex
330 2111 412 2173 veris
429 2109 579 2172 hostibus
592 2131 768 2196 quaererem
779 2158 790 2192 ,
803 2108 860 2173 sed
873 2096 974 2173 etiam'
986 2124 1024 2174 ut
1034 2109 1127 2174 vobis
1137 2109 1312 2197 aliquado

244 2211 419 2273 «referrem
434 2209 584 2297 gratiam3
601 2232 746 2299 vosque,
765 2227 815 2274 tot
830 2213 996 2276 exantlatis
1015 2234 1068 2274 me
1084 2211 1169 2274 duce
1183 2233 1245 2299 pro
1257 2235 1312 2275 re-

245 2309 396 2399 «publiea
408 2310 592 2391 laboribus,
613 2312 816 2376 asiaticarum
840 2333 942 2399 opum
960 2313 1045 2400 larga
1064 2327 1097 2375 et
1115 2311 1199 2374 sacili
1218 2313 1313 2399 copia

244 2443 257 2467 e
270 2409 425 2493 ditarem3
438 2433 504 2499 quo
524 2411 679 2498 reliquam
700 2410 854 2501 deinceps
873 2427 998 2475 aetatem
1021 2411 1054 2475 in
1067 2410 1135 2476 otio
1149 2411 1312 2500 locuplete

245 2528 301 2574 -et
315 2511 475 2574 honorato
489 2511 658 2599 degeretis.

289 2610 359 2675 XV.
384 2610 471 2675 «Sed
491 2612 560 2675 hoec
585 2618 618 2677 et
642 2612 701 2675 alia
723 2612 818 2675 nobis
840 2627 989 2699 ereptum
1012 2628 1092 2675 eunt
1108 2610 1310 2691 injustissimi

244 2744 255 2767 a
268 2714 418 2778 mortales
431 2735 439 2776 ε
454 2712 543 2801 quod
559 2714 585 2776 si
600 2714 691 2777 vobis
708 2712 891 2776 volentibus
908 2728 977 2792 est,
994 2712 1091 2776 doleo
1104 2728 1137 2775 et
1155 2712 1310 2799 quiesco:

243 2815 314 2896 -si,
331 2813 420 2903 quod
432 2813 504 2893 jure
521 2814 633 2877 datum
648 2818 715 2893 est,
731 2836 790 2901 per
805 2813 956 2892 injuriam
967 2812 1086 2876 auferri
1102 2835 1170 2877 non
1187 2812 1310 2894 sinitis,

244 2938 334 2979 anon
362 2938 414 2979 me
440 2915 629 2979 subtraham
655 2914 749 2978 vobis
776 2913 916 2995 dacem3
943 2913 985 2978 ad
1012 2914 1205 3004 capessenda
1221 2914 1312 2993 jussa

241 3018 407 3104 «prompti
423 3017 592 3105 paratique
611 3032 688 3078 este.
700 3046 714 3071 υ
734 3014 787 3079 Ad
802 3016 872 3078 baec
886 3015 1002 3096 verba,
1022 3036 1209 3104 quanquam
1227 3016 1309 3080 nibil

242 3118 382 3201 apertius
400 3114 440 3179 de
458 3116 626 3203 proposito
645 3137 705 3178 suo
722 3114 829 3179 dicere
853 3131 921 3179 erat
940 3117 1310 3197 ausus,’suoclamatum

243 3238 261 3278 a
280 3217 437 3282 militibus
457 3234 522 3298 est,
538 3216 647 3296 facile,
662 3216 742 3305 quid
759 3218 873 3299 vellet,
890 3204 1201 3304 interpretantibus,
1219 3216 1310 3279 bono

243 3333 326 3380 esset
337 3317 465 3396 animo,
480 3332 513 3378 et
530 3333 615 3379 recta
631 3316 766 3381 duceret
778 3317 820 3380 ad
836 3317 979 3382 Urbem:
992 3340 1053 3381 nec
1069 3316 1156 3380 enim
1170 3317 1309 3403 impera·

242 3419 320 3481 toris
334 3415 561 3481 tantummodo
575 3418 677 3479 vicem
692 3416 864 3497 dolebant,
876 3418 933 3481 sed
945 3417 986 3481 de
1001 3440 1060 3482 sua
1071 3440 1204 3505 quoque
1218 3436 1311 3482 erant

242 3517 388 3595 solliciti,
405 3538 446 3578 ne
466 3518 550 3579 torte
565 3517 687 3580 Marius
705 3515 747 3579 ad
765 3518 886 3581 bellurn
899 3564 909 3597 ,
923 3532 961 3580 ut
976 3518 1147 3598 rebantur,
1167 3516 1260 3580 facile
1278 3540 1312 3585 et

243 3632 463 3703 quaestuosum
481 3618 545 3680 alio
561 3618 670 3703 potins
686 3618 828 3681 exercitu
844 3635 1002 3683 uteretur.

286 3716 373 3779 xvl.
387 3717 491 3806 Igitur
503 3718 652 3781 tribunos
664 3740 682 3781 a
696 3719 799 3783 Mario
816 3720 996 3807 praemissos
1009 3717 1170 3805 lapidibus
1184 3740 1310 3805 coope-

242 3816 348 3895 riunt;
366 3816 531 3904 signisque
549 3819 727 3905 correptis,
746 3838 922 3907 properant
936 3822 1085 3883 Romam.
1106 3818 1157 3881 lbi
1176 3840 1310 3905 quoque

247 3916 388 4005 populus
410 3916 574 4004 inquietus
596 3935 629 3981 et
646 3918 769 3984 discors
788 3921 926 4009 agebat:
944 3921 1012 3984 aliis
1034 3920 1169 3983 unicum
1189 3918 1310 3985 ducein

278 4106 294 4171 s
307 4110 363 4157 XV.
374 4112 413 4159 Jo.
423 4112 568 4161 Antiochen.
583 4141 613 4149 -
628 4116 735 4179 Appian.
750 4142 783 4150 —-
796 4114 919 4162 Plutarch.
930 4116 956 4161 in
968 4114 1034 4161 Sulla
1047 4127 1071 4161 ct
1085 4116 1149 4161 Mat.
