2875 4900
249 367 305 437 tu
337 367 447 436 too.
476 368 570 436 nus.
598 369 784 437 Lxxvu
814 369 1029 442 mvmm.
1138 399 1178 472 ¹7

106 491 207 554 soluto
229 489 383 580 navigio,
411 487 600 580 Meningem
627 489 755 574 tenuit,
782 493 899 556 Africae
924 493 1088 577 insulam,
1106 521 1179 586 quae

107 591 197 656 hodie
214 591 395 658 Gerbarum
412 593 573 656 vocabulo
592 608 640 658 est
655 595 776 661 notior.

146 695 244 762 XLII.
261 695 324 760 Ilio
341 693 383 760 de
404 693 470 759 lilio
488 718 550 760 suo
567 697 757 786 cognoscit,
776 695 868 760 illum
885 719 964 762 cum
978 699 1015 764 P.
1032 700 1179 792 Cethego

105 797 244 880 salvum,
260 797 309 862 ire
334 796 375 861 ad
398 797 640 886 Hiempsalem,
663 798 732 863 sive
752 797 950 864 Mandrestal
973 801 1000 874 is
1023 801 1109 869 fuit:
1127 807 1181 869 cui

105 900 220 989 patrive
234 897 304 980 ejus
314 899 481 965 Numidiae
492 916 630 990 partem,
641 917 736 989 capto
747 901 923 990 Iugurtha,
934 901 1030 968 Marii
1040 905 1182 972 maxime

104 1023 195 1090 opera
214 1017 347 1066 senatus
369 999 513 1066 dederat.
537 1003 624 1066 Hinc
646 1019 779 1092 recepto
800 1005 1098 1090 nonnihilanimo,
1114 1023 1181 1073 sta·

103 1103 161 1166 tuit
179 1103 215 1166 in
237 1101 531 1193 carthaginiensem
551 1126 665 1193 agrum
689 1104 919 1170 transmittere.
942 1105 993 1169 lbi
1017 1131 1121 1198 quum
1144 1110 1180 1174 in

102 1203 176 1269 locis
189 1205 340 1269 solitariis
358 1205 523 1292 vastisque
542 1203 686 1288 sederet,
702 1205 791 1272 venit
808 1205 849 1270 ad
866 1230 943 1272 eum
964 1207 1059 1274 lictor
1074 1205 1181 1276 sciti·
1198 1199 1202 1207 ’

101 1307 152 1388 lii,
165 1308 222 1396 qui
237 1322 310 1372 tum
326 1308 469 1371 Africam
485 1321 685 1396 propraetore
699 1306 881 1372 obtinebat.
898 1309 950 1372 De
962 1309 1027 1374 hoc
1038 1310 1180 1396 Marius,

100 1427 250 1474 neutram
262 1409 297 1474 in
314 1425 441 1498 partem
454 1410 611 1492 meritus,
627 1410 840 1476 humanitatis
856 1425 966 1475 nmen
983 1413 1118 1502 aliquod
1130 1415 1182 1480 of·

99 1511 207 1576 ficium
222 1511 439 1601 exspectabat.
456 1513 499 1577 At
513 1513 608 1576 lictor
622 1510 781 1576 decedere
796 1534 873 1576 eum
886 1513 1054 1600 provincia
1063 1515 1179 1600 jussit,

98 1615 131 1678 ni
144 1613 235 1679 malit
249 1615 283 1677 in
298 1637 350 1698 se,
362 1629 401 1678 ut
411 1614 540 1678 hostem
555 1614 596 1678 ab
611 1629 729 1678 senatu
735 1611 938 1696 judicatum,
952 1613 1099 1700 decerni5
1110 1635 1181 1683 tor-

10 1713 11 1716 '
97 1737 200 1802 reque
217 1715 420 1797 intuentem,
436 1731 469 1780 et
481 1737 596 1780 vocem
611 1715 734 1780 nullam
747 1715 950 1779 emittentem
967 1717 1109 1784 Marium
1123 1744 1180 1784 ro·

97 1816 182 1905 gavit
201 1815 352 1897 tandem,
367 1815 518 1904 ·Ec.quid
540 1817 721 1880 renuntiari
738 1816 869 1906 praetori
885 1817 1006 1886 vellet?
1021 1852 1035 1877 »
1056 1820 1102 1884 ibi
1115 1823 1182 1886 Ma.

98 1921 185 1995 rius,
208 1948 221 1974 ι
235 1919 382 1999 Nuntia,
407 1917 536 2006 inquit,
557 1916 676 1982 vidisse
701 1934 734 1980 te
756 1919 793 1982 C.
816 1917 959 1982 Marium
977 1922 1122 1986 exsulem
1144 1924 1180 1988 in

96 2019 323 2111 «Carthaginis
343 2019 472 2110 Magne
488 2019 592 2084 ruinis
611 2019 780 2084 sedentem
794 2042 829 2083 n:
848 2017 981 2084 duobus
997 2021 1181 2089 clarissimis

95 2121 253 2210 exemplis
268 2121 523 2186 inconstantiam
540 2143 652 2186 rerum
664 2121 884 2186 humanarum
901 2117 1050 2212 praetoris
1069 2125 1180 2193 adimo

94 2221 256 2314 figurare,
270 2245 339 2286 non
355 2223 466 2312 inepte
480 2237 628 2288 conatus.

138 2325 260 2390 XLIII.
280 2325 344 2390 Hic
363 2323 405 2388 ad
422 2347 500 2388 eum
522 2348 598 2389 cum
617 2323 764 2414 Cethego
779 2321 864 2390 filius
880 2327 970 2391 venit
980 2375 990 2410 ‚
1004 2327 1182 2394 Albinova-

95 2450 246 2517 nusque,
264 2443 298 2492 et
314 2426 422 2492 caeteri
441 2427 587 2492 exsules:
604 2425 629 2489 ii
649 2423 870 2491 Numidarum
892 2427 1004 2512 dolos,
1023 2453 1091 2495 non
1109 2433 1181 2498 sine

94 2529 218 2620 digno,
238 2530 296 2619 qui
317 2545 472 2611 notetur,
491 2552 567 2594 casu
583 2544 761 2593 evaserant.
778 2530 919 2595 Marium
935 2530 1177 2599 adolescentem

93 2633 185 2696 miris
200 2632 235 2695 in
250 2633 391 2721 speciem
405 2628 522 2695 officiis
537 2630 665 2695 colebat
678 2630 829 2719 regulus,
846 2631 903 2695 sed
919 2634 995 2721 quia
1011 2632 1178 2700 discedere

91 2735 282 2823 cupientem
309 2732 500 2797 morabatur
525 2732 671 2797 crebrius
694 2746 728 2796 et
750 2734 914 2821 apertius,
936 2758 1035 2821 quam
1059 2754 1097 2808 ut
1117 2758 1179 2825 per

92 2836 356 2902 benevolentiam
375 2836 480 2899 facere
504 2834 592 2900 credi
611 2848 742 2923 posset,
764 2834 984 2924 suspicionem
1002 2836 1064 2919 illi,
1084 2853 1117 2902 et
1137 2860 1177 2903 ex
1217 2836 1223 2852 '

90 2938 154 3003 hac
165 2936 337 3002 ardentius
349 2934 494 3001 abeundi
508 2934 706 3005 desiderium
720 2936 841 3016 injecit.
858 2938 964 3026 Igitur
977 2937 1021 3001 ob
1035 2937 1176 3006 somnam

90 3062 107 3103 a
125 3040 243 3129 pellice
261 3039 350 3129 regia
368 3036 524 3120 dilectus,
541 3061 646 3127 quum
660 3036 730 3117 ejus
743 3060 888 3102 amorem
900 3055 1065 3104 aversatus
1077 3064 1176 3107 eous-

89 3166 157 3230 que
176 3142 311 3224 Iuisset,
325 3157 398 3204 tum
413 3141 581 3229 amplexus
597 3139 803 3204 occasionem
823 3153 887 3221 est3
901 3161 1004 3227 eaque
1019 3140 1174 3225 juvante,

89 3266 167 3307 cum
185 3244 300 3309 amicis
318 3243 394 3334 fuga
412 3258 524 3332 capta,
541 3242 583 3307 ad
599 3258 724 3331 patrem
739 3242 931 3330 penetravit.

135 3346 255 3412 XLIV.
273 3346 392 3436 Magna
412 3360 480 3411 erat
495 3344 683 3436 gratulatio,
704 3341 796 3431 quod
807 3358 884 3433 post
895 3344 1052 3433 ancipites
1064 3362 1113 3411 tot
1124 3372 1177 3412 ca·

87 3470 162 3533 sus,
180 3450 239 3537 qui
260 3446 301 3513 de
319 3448 501 3537 seruisque
521 3446 638 3535 saepius
657 3444 815 3532 utrinque
834 3443 1078 3534 desperassent,
1097 3451 1176 3514 salvi

85 3552 298 3639 sospitesque
311 3572 345 3614 se
357 3549 498 3614 vicissim
513 3548 731 3613 intuerentur.
742 3546 833 3611 inter
843 3547 930 3613 hanc
941 3548 1022 3614 dum
1035 3552 1070 3613 in
1082 3550 1176 3617 litore

85 3652 328 3734 obambulant,
353 3654 439 3716 forte
465 3651 653 3741 scorpiones
678 3650 766 3713 inter
790 3672 825 3714 se
850 3668 1034 3741 pugnantes
1052 3650 1176 3718 Marius

85 3771 182 3841 pater
196 3754 295 3819 videt.
311 3754 389 3819 Erat
405 3754 458 3818 ille
473 3754 523 3817 vir
537 3753 614 3817 huic
631 3752 775 3817 stultitiae
789 3752 901 3843 generi
914 3751 1065 3833 deditus,
1087 3770 1120 3817 et
1138 3772 1177 3819 ut

84 3856 184 3922 facile
207 3873 255 3923 est
275 3855 489 3922 delirantibus
503 3873 607 3922 artem
621 3879 661 3922 ex
674 3878 785 3921 errore
798 3856 921 3935 facere,
934 3857 1040 3919 valere
1055 3877 1089 3917 se
1102 3856 1176 3923 talia

119 4074 137 4139 S
157 4076 242 4124 xus.
263 4074 372 4140 Appiae.
395 4100 430 4109 -—
450 4074 503 4141 Cic.
526 4072 558 4120 ad
579 4072 671 4137 Quirit.
690 4088 746 4137 cap.
764 4072 789 4119 8.
807 4098 843 4109 -
865 4070 990 4119 Plutarch.
1005 4098 1040 4108 -·
1054 4070 1070 4135 S
1083 4075 1177 4123 IILIII.

84 4158 201 4224 Appian.
214 4186 250 4197 —
263 4157 390 4209 Plutarch.

981 4278 1001 4319 2
