2875 4900
267 376 339 447 660
443 378 510 445 JO.
536 374 873 443 FREINSIIEMII
903 369 1148 441 SUPPLEM.

269 518 342 561 rum
352 494 499 575 rebtntr,
513 494 619 557 donee
630 493 807 557 exereitum
815 495 922 557 Cesar
932 514 951 555 e
961 493 1135 580 provinciis
1145 514 1327 562 arcesseret

153 620 158 631 ‘
269 600 313 663 Et
324 598 377 663 ille
394 594 528 684 quidem
544 595 675 660 miseret
691 592 913 676 adducturos,
927 590 986 657 sed
1001 592 1129 657 interim
1139 596 1215 683 plns
1230 598 1265 660 in
1282 620 1332 663 ce·

268 700 409 781 leritnte,
431 720 529 787 quam
545 696 685 777 viribus,
706 716 776 761 esse
796 711 950 784 reputem
968 694 1011 760 ed
1027 696 1151 783 primos
1168 698 1244 763 belli
1265 715 1332 764 ter·

267 820 376 881 rores,
392 798 480 888 apud
496 796 628 877 milites,
643 818 727 884 qnos
746 796 886 861 h'tbebut
902 798 1081 878 Ilerenne,
1097 800 1331 867 concionatur:

270 902 484 988 omniumque
498 916 684 986 temporum
704 896 838 976 injurias
851 898 1062 963 inimieorum
1080 899 1115 962 in
1137 922 1174 964 se
1188 922 1335 967 comme·

227 1060 229 1063 .
270 1018 376 1067 moret
391 1001 514 1089 (placet
532 1000 636 1081 enim,
652 1020 725 1085 quse
742 1019 810 1062 use
825 1014 897 1062 tum
911 997 997 1063 dictu
1013 996 1127 1083 trudit,
1145 1001 1247 1088 ipsius
1261 1024 1335 1066 ven

271 1104 321 1169 bis
342 1100 537 1192 exponere),
560 1120 601 1163 na
621 1100 742 1187 quibus
756 1098 937 1167 deductum
957 1114 993 1163 et
1011 1098 1221 1187 deprevatum
1235 1102 1335 1166 Pom·

273 1236 286 1263 ι
295 1204 404 1293 peium
424 1202 572 1290 queritur
586 1200 707 1265 invidie
721 1215 755 1263 et
769 1200 1006 1265 obtrectatione
1023 1201 1126 1269 leudis
1140 1224 1225 1285 sne,
1242 1204 1337 1283 cnjus
1411 1195 1412 1200 ἵ

271 1334 285 1359 ι
294 1304 362 1391 ipse
376 1300 495 1367 honori
507 1318 540 1366 et
554 1299 703 1390 dignitati
718 1322 848 1390 semper
862 1301 993 1383 fereris,
1007 1301 1202 1391 adiutorque
1217 1305 1337 1369 luerit:

273 1432 287 1457 ι
296 1424 419 1467 novum
433 1402 468 1467 iu
481 1401 647 1489 republica
663 1399 888 1466 introductum
901 1402 1103 1491 exesnplum,
1119 1420 1157 1467 ut
1169 1404 1339 1469 tribunitia

273 1501 483 1567 «intercessio
499 1502 597 1567 ermis
614 1517 800 1582 notaretur,
816 1518 915 1590 etque
924 1503 1177 1591 opprimeretur,
1192 1528 1266 1594 que
1282 1530 1339 1571 su·

274 1601 479 1692 aperieribus
496 1603 591 1668 annis
607 1617 690 1667 esset
705 1604 864 1667 restitute

317 1704 500 1769 XXXVIII.
528 1704 694 1784 «Sullam,
716 1702 839 1767 nudata
863 1702 1016 1767 omnibus
1041 1703 1141 1767 rebus
1165 1704 1340 1769 tribunitia

272 1836 285 1863 ι
296 1820 469 1893 potestate,
485 1822 592 1870 temen
604 1804 869 1869 intercessionem
884 1804 1018 1873 liberem
1034 1804 1223 1892 reliquisse:
1235 1805 1340 1869 Ροιιι-

275 1906 424 1993 apeinm,
446 1905 503 1993 qui
528 1906 643 1971 emisse
660 1904 838 1969 restituisse
856 1903 1006 1969 videntur
1025 1904 1130 1988 bona,
1147 1905 1247 1970 etiem
1268 1930 1340 1994 quae

276 2022 373 2071 sente
397 2006 565 2087 habessit,
593 2005 761 2071 ademisse.
788 2006 1068 2094 Quotiescumque
1088 2007 1131 2071 sit
1152 2007 1340 2089 demeum,

276 2137 289 2163 ι
298 2106 413 2171 durent
427 2107 629 2195 magistratus
643 2128 792 2193 opes-em,
805 2128 848 2170 ue
863 2106 943 2195 quid
956 2108 1139 2195 respublica
1152 2107 1341 2173 detrimenti

277 2223 428 2297 «caperet
437 2207 519 2294 (que
529 2228 609 2271 voce
620 2222 652 2272 et
664 2229 732 2295 quo
741 2210 1024 2273 senatusconsulto
1032 2211 1174 2299 populus
1185 2232 1341 2275 romanus

278 2306 342 2373 «ad
357 2326 445 2373 aime
465 2306 506 2371 sit
521 2305 672 2393 vocotus)
692 2306 814 2371 lectum
830 2308 865 2371 in
884 2310 1072 2396 perniciosis
1093 2311 1241 2399 legibus,
1255 2312 1292 2375 in
1309 2312 1342 2375 ri

277 2409 482 2491 utrihunitit,
500 2408 535 2474 in
550 2408 732 2474 secessione
749 2408 879 2499 populi,
894 2410 1022 2500 templis
1034 2411 1181 2500 locisque
1196 2411 1342 2477 editiori·

278 2538 291 2564 s
300 2509 362 2572 bus
377 2509 541 2597 occupetis
552 2532 561 2574 r
573 2525 671 2597 atque
681 2510 750 2574 brer
760 2510 935 2599 superioris
947 2513 1048 2576 cenis
1059 2514 1204 2601 exemplu
1216 2515 1342 2603 expieta

278 2611 806 2699 *SaturninietqueGreccbomm
815 2613 944 2677 ensibus
953 2613 1051 2678 docet
1061 2636 1069 2677 t
1079 2632 1220 2701 querum
1232 2637 1341 2680 rerum

279 2742 292 2768 ι
301 2711 356 2776 ἰΙΙο
370 2727 516 2800 tempore
529 2713 611 2776 nihil
623 2713 762 2796 lachim,
778 2735 821 2776 ne
832 2713 1010 2802 cogitatum
1024 2713 1174 2802 quidem,
1190 2716 1281 2780 nulle
1293 2717 1342 2780 lex

280 2814 523 2902 «promulgate,
542 2835 608 2878 non
625 2835 701 2878 cum
716 2813 839 2903 populo
852 2815 905 2904 egi
924 2830 1084 2903 creptum,
1099 2817 1189 2880 nulls
1204 2819 1342 2885 secessio

279 2944 292 2970 a
301 2915 402 2978 fecte:
413 2914 579 2996 hortatur,
592 2913 684 2994 cujus
693 2915 896 3004 imperatoris
907 2915 1010 2980 ductu
1023 2937 1141 2982 norem
1154 2918 1251 2982 annis
1263 2941 1344 2983 rem·

280 3045 293 3072 ι
303 3015 465 3102 publicem
478 3016 659 3081 lelicissime
670 3017 844 3105 gesserint,
858 3017 1062 3106 plurimaque
1076 3019 1186 3107 prelio
1200 3019 1343 3084 secunde

280 3114 456 3196 «fecerint,
472 3135 605 3180 omnem
632 3117 767 3182 Gelliam
788 3117 1061 3206 Germanirmque
1081 3121 1285 3208 presserint,
1307 3135 1343 3184 nt

280 3218 372 3298 «ejus
384 3217 651 3282 existimationem
663 3217 971 3307 dignitatemqueeb
981 3219 1120 3284 inimicis
1130 3220 1320 3285 defendunt.
1330 3251 1343 3276 ·

325 3315 479 3382 XXXIX.
490 3319 633 3382 Auctore
642 3319 739 3382 [telio
751 3319 905 3407 primipili
917 3321 1126 3402 centurione,
1137 3323 1344 3386 conclamant

283 3415 418 3498 milites,
432 3433 631 3505 sesepamtot
641 3441 703 3482 esse
715 3421 912 3508 irtpemtcn's
924 3424 976 3485 sut'
984 3421 1241 3511 tribunommque
1242 3423 1345 3511 plebis

282 3517 417 3606 injurias
436 3516 613 3606 defindere.
630 3520 735 3609 Igitur
751 3521 857 3584 Cesar
874 3521 1014 3585 tribunis
1030 3521 1344 3611 centurionibusque

283 3617 436 3705 imperet,
449 3623 509 3699 utr',
525 3619 638 3684 relictis
647 3621 842 3702 amiraliis,
857 3622 972 3710 gladio
984 3637 1110 3706 tunm
1123 3626 1263 3687 accinti
1272 3644 1344 3688 eres

284 3717 410 3784 delectis
418 3735 556 3808 pergant
573 3723 769 3804 Art'mtitum,
794 3746 927 3812 eamque
943 3725 1119 3805 coloniam,
1137 3739 1259 3814 quanto
1268 3747 1344 3814 pos-

284 3821 348 3884 sint
356 3819 492 3900 sienim,
508 3836 666 3909 recrepant,
682 3824 731 3888 Ite
742 3823 824 3894 clem
836 3825 1002 3912 premisso
1015 3827 1057 3910 Q.
1068 3827 1259 3907 Hortensio,
1272 3847 1344 3890 ora·

285 3917 555 4004 torirfi1i0,cum
576 3923 767 3990 cohortibus
788 3925 919 4007 decem,
936 3950 1001 4015 qim
1024 3928 1148 3992 munile
1167 3939 1343 3992 mwnters

318 4109 334 4174 s
347 4110 483 4160 xxxin.
493 4111 616 4162 ennete
626 4113 653 4161 n
662 4113 724 4163 eet
736 4141 769 4152 -
779 4115 841 4164 cu.
