2875 4900
291 331 349 400 ia
377 329 490 398 tce.
517 328 611 396 ΜΒ.
640 325 690 392 el
719 325 936 394 mutui.
1080 323 1153 419 399

80 481 173 546 posse.
188 455 227 518 L.
241 449 378 516 Lucullo
394 445 634 538 inputandam,
654 444 745 532 quod
761 467 868 508 carere
885 457 1025 532 oporteat
1041 443 1150 529 Syrio,

90 557 268 633 Phoenict'a,
299 551 429 631 catu,
455 548 613 627 Galatia,
641 545 803 636 Sophene;
827 545 903 626 sibi,
928 546 1016 634 quod
1037 559 1152 610 aarum

86 659 308 746 aliaquwmr.
322 653 374 716 Ea
386 675 433 733 se,
448 662 485 715 ut
499 664 611 729 anteo,
619 648 723 735 patris
738 649 867 736 imperio
878 647 1013 735 regenda
1020 651 1152 736 permit.

86 777 164 838 τινες
174 756 341 844 Sophenen
353 747 542 838 wnoenfllio
547 751 712 839 proprium
723 771 856 835 regnum
867 748 954 812 dare.
967 751 1152 837 Aequanda

87 859 194 925 bellum
200 856 326 945 populo
338 875 471 916 romano
484 854 553 914 sine
567 873 665 914 causa
678 853 881 913 commoverit
892 838 1071 937 Tigranes,
1083 851 1152 916 tileo

86 987 112 1026 se
123 964 153 1026 ei
164 959 321 1023 mulctam
335 979 395 1019 sea*
411 954 514 1018 millia
529 953 723 1016 talentorum
740 951 852 1015 dr'cere.

124 1061 201 1124 XII.
216 1060 361 1124 Omnem
374 1079 447 1123 eam
459 1055 649 1143 pecuniam,
667 1053 762 1117 sicuti
781 1053 937 1140 Pompeio
954 1053 1053 1118 moris
1068 1071 1152 1136 erat,

87 1179 260 1249 quaestores
280 1175 445 1246 acceptam
466 1157 501 1219 in
518 1156 665 1243 publicas
685 1155 811 1218 tabulas
828 1155 1022 1220 retulerunt.
1038 1156 1153 1244 Neque

87 1264 169 1327 enim
184 1262 344 1350 Tigranes
361 1257 541 1347 quidquam
556 1256 744 1338 recusabat,
761 1255 859 1342 quin,
879 1257 1058 1344 impetratis
1074 1280 1153 1321 con·

86 1365 286 1443 ditionibus,
300 1362 559 1450 quinquagenas
582 1357 753 1421 drachmas
779 1356 814 1418 in
837 1356 954 1420 milites
979 1379 1152 1438 romanos,

87 1468 235 1533 millenas
253 1466 288 1530 in
311 1462 537 1540 centuriones,
558 1458 735 1545 decuplum
758 1456 826 1536 ejus
847 1458 881 1518 in
904 1457 1071 1538 tribunos,
1092 1460 1154 1523 hc-

86 1571 197 1657 spitale
212 1589 335 1632 munus
343 1561 578 1654 pronuntiavit.
592 1558 656 1625 Sed
667 1560 737 1622 haec
750 1573 789 1620 ut
802 1558 889 1638 seui,
904 1559 959 1622 tati
974 1558 1106 1647 quidem
1120 1562 1153 1624 in

86 1688 189 1752 sorte,
213 1691 368 1759 prospera
389 1668 546 1752 laetaque,
568 1663 612 1725 ita
630 1659 828 1726 adolescenti
845 1658 999 1748 indigna,
1022 1663 1154 1745 acerba,

86 1772 290 1838 intoleranda
303 1769 509 1836 videbantur.
528 1767 560 1829 Is
579 1771 687 1850 neque
702 1760 846 1825 venienti
869 1761 951 1847 patri
971 1783 1154 1828 assurrexe-

86 1891 149 1955 rat,
173 1895 283 1960 neque
303 1873 406 1936 ullum
428 1867 517 1932 aliud
538 1865 745 1944 reverentiae,
764 1878 821 1926 aut
840 1862 935 1926 etiarn
959 1865 1155 1932 translatitia

84 1975 296 2040 humanitatis
314 1972 459 2039 ediderat
474 1971 616 2057 signum.

127 2078 223 2140 XIII.
239 2076 382 2138 Vocatus
403 2070 522 2136 deinde
541 2068 583 2131 ad
599 2088 742 2146 coenam,
762 2087 859 2152 quam
876 2065 960 2153 patri
982 2066 1156 2155 Pompeius

85 2177 201 2259 dabat,
216 2200 325 2266 neque
338 2177 451 2256 affuit3
468 2189 501 2238 et
513 2172 633 2236 dtaisse
647 2168 754 2232 dictus
773 2183 836 2248 est,
854 2166 1002 2255 Pompeio
1014 2191 1046 2230 se
1056 2168 1155 2233 bono·

86 2283 126 2344 ris
141 2280 237 2368 ltq'us
249 2281 392 2366 gratiam
402 2275 539 2365 facere5
558 2293 658 2360 neque
677 2270 738 2332 sibi
750 2268 852 2330 alium
870 2291 1039 2332 romanum
1059 2273 1156 2360 sinpe-

85 2393 223 2444 rotorem
246 2378 354 2469 defore
364 2425 375 2458 ,
396 2401 458 2467 per
479 2397 571 2465 quem
592 2372 701 2460 cupita
721 2377 937 2456 consequatur.
959 2368 1156 2457 Pompeius,

85 2484 136 2549 his
153 2483 304 2549 nondum
320 2480 457 2561 auditis,
473 2495 530 2542 aut
542 2472 742 2541 dissimulata
752 2470 888 2550 injuria,
899 2469 1056 2559 postridie
1072 2472 1158 2535 inter

85 2602 212 2673 putrem
233 2584 404 2672 filiumque
422 2576 718 2645 controversiarum
732 2572 852 2635 arbiter
867 2569 960 2635 sedit.
977 2571 1092 2635 Senior
1102 2574 1157 2635 Ti·

86 2710 202 2777 granes
216 2687 361 2778 patrium
374 2706 514 2773 regnum
525 2680 666 2745 retinere
676 2676 804 2756 jussus,
816 2696 853 2738 ea
864 2674 951 2764 lege,
964 2689 1002 2736 ut
1017 2672 1083 2737 filio
1095 2675 1158 2737 uti·

87 2814 152 2879 que
166 2787 290 2854 herede
309 2785 499 2865 decederet;
523 2782 675 2869 Sophene
692 2774 933 2864 Gordyeneque
948 2775 1060 2855 juveni
1080 2792 1158 2839 sunt

86 2892 261 2957 atributa.
279 2888 343 2955 Sed
364 2889 391 2951 is
415 2887 583 2951 thesauros
600 2883 714 2961 etiam,
735 2900 810 2941 nam
827 2877 875 2940 ibi
894 2877 1157 2959 asservabantur,

86 2996 226 3059 retinere
241 2992 407 3079 cupiverat
419 3013 426 3053 :
438 2991 613 3052 frustratus
623 2999 750 3061 autem,
767 3001 827 3041 nec
839 2977 925 3041 enirn
939 2976 1071 3040 aliunde
1086 3000 1160 3065 pro·

87 3099 183 3161 missa
193 3094 349 3159 Romanis
364 3090 504 3179 pecunia
519 3100 647 3176 poterat
662 3080 802 3159 exsolvi,
818 3092 944 3141 tantum
962 3074 1159 3163 indignatio-

88 3201 136 3263 nis
152 3196 306 3284 concepit
325 3195 455 3273 animo,
470 3207 510 3254 ut
524 3188 566 3253 de
587 3187 682 3274 fuga,
698 3200 798 3270 atque
816 3179 912 3243 etiam
931 3176 1056 3241 insidiis
1077 3177 1158 3265 patri

87 3298 253 3365 struendis
266 3296 477 3374 deliberaret3
495 3286 707 3353 incitantibus
725 3281 862 3347 maxime
879 3276 1087 3367 proceribus,
1101 3276 1158 3364 qui

88 3425 182 3491 rege,
207 3399 289 3464 dum
313 3396 355 3461 ad
376 3394 572 3483 Pompeium
596 3385 832 3477 proficiscitur,
857 3380 1004 3459 deserto,
1028 3402 1157 3468 poenarn

87 3501 290 3568 metuebant.

128 3606 221 3669 XIV.
237 3604 370 3668 Vanum
385 3598 420 3663 id
439 3595 612 3664 consilium
632 3590 714 3670 fuit,
732 3588 809 3675 quia
825 3584 1018 3672 Pompeius,
1034 3581 1157 3645 indicio

88 3709 178 3773 adse
194 3707 319 3787 delato,
337 3703 493 3782 juvenem
507 3698 609 3761 libera
624 3690 773 3757 custodia
789 3674 965 3769 attinebatss
986 3684 1092 3747 missis
1108 3683 1159 3745 in·

120 3954 197 4018 511.
208 3950 277 3998 etur.
290 3976 326 3985 —
338 3946 397 3993 oto.
408 3972 443 3982 -
453 3944 508 3990 Vsl.
520 3943 589 3989 Max.
595 3942 628 3999 V,
643 3954 666 3987 r.
679 3965 714 3973 —
726 3936 778 3984 Cic.
792 3949 839 3999 pro
850 3936 916 3981 Sext.
927 3946 980 3994 cap.
993 3945 1034 3989 ²7·
1048 3926 1153 3973 -vett
1228 3944 1230 3949 v

90 4064 120 4073 -
131 4039 186 4085 Lis.
196 4036 261 4100 Epit.
271 4061 307 4069 —
317 4031 398 4079 Strab.
408 4028 453 4077 tib.
462 4030 515 4082 XI,
530 4044 556 4091 p.
567 4023 626 4076 530.
636 4051 671 4061 -
685 4020 753 4070 stud.
765 4020 789 4065 iu
801 4020 888 4079 Pomp.
904 4041 938 4051 -
951 4014 967 4077 S
979 4013 1037 4059 x11.
1048 4011 1113 4057 Plut.
1125 4035 1159 4045 -

90 4122 193 4183 Eutrop.
203 4117 303 4165 -vett
315 4144 349 4153 -
359 4113 438 4161 strab.
449 4140 484 4149 --
494 4111 601 4175 Appion.
612 4134 645 4145 -
655 4106 672 4170 s
684 4104 759 4153 xm.
769 4102 826 4149 nio.
839 4128 873 4135 -—
884 4098 949 4146 Plut.
962 4123 996 4133 -
1005 4094 1111 4159 Appias.
