2875 4900
301 387 354 454 ΙΝ
383 386 497 456 noc.
523 387 618 454 tta.
646 387 719 454 cx·
746 385 957 454 tuvraur.
1033 370 1036 379 ’
1094 385 1158 482 ⁰9·

94 506 153 572 sed
167 507 385 594 conquisitos,
398 506 456 593 qui
469 505 746 594 Pompeianorum
757 527 815 568 sua
826 505 861 568 in
878 522 981 570 eastra
993 525 1165 590 venerant,

94 607 220 672 remisit
238 629 368 689 omnes,
386 607 526 694 exceptis
543 607 668 696 aliquot
686 605 827 670 tribunis
849 621 884 670 et
899 609 1162 691 centurionibus,

95 708 155 796 qui
170 723 287 796 sponte
305 705 394 796 apud
412 729 488 772 enm
510 723 746 772 remanserunt.
761 708 930 772 Renovato
945 707 1049 792 bello,
1070 711 1164 774 Afra·

96 809 186 873 niani
195 808 306 896 pabuli
319 823 350 872 et
360 829 517 896 aquarum
530 809 641 898 inopia
653 809 887 898 premebantur
898 833 906 874 :
917 810 1073 876 frumenti
1083 835 1166 877 non·

96 911 220 974 nullam
243 910 367 999 copiam
393 910 570 992 habebant,
591 909 682 998 quod
704 901 745 974 ab
769 910 873 975 Ilerda
895 913 1014 977 cibaria
1037 912 1165 978 dierum

96 1010 272 1076 duodecim
295 1011 486 1076 extulerant.
505 1011 569 1076 Sed
592 1013 781 1094 auxiliares,
807 1012 898 1100 quod
922 1015 1020 1078 unius
1043 1014 1107 1079 dici
1129 1039 1165 1080 se

95 1114 179 1177 inire
196 1113 259 1176 iter
277 1113 454 1201 putabant,
476 1113 641 1201 nequead
657 1113 817 1202 portanda
832 1137 933 1178 onera
947 1132 1039 1180 erant
1054 1139 1164 1181 assue-

94 1216 187 1296 facti,
208 1216 293 1279 fame
312 1213 567 1280 infestabantur:
583 1214 705 1278 idcirco
727 1238 766 1278 ex
786 1236 827 1279 eo
850 1237 967 1303 genere
987 1217 1099 1282 crebra
1122 1217 1164 1282 ad

95 1318 255 1380 Caesarem
268 1315 444 1404 transfugia
460 1314 591 1380 fiebant.
606 1317 645 1379 ln
656 1315 707 1379 his
721 1316 877 1404 augustiis
892 1317 974 1382 nihil
987 1333 1056 1382 erat
1070 1341 1166 1406 porn-

94 1415 220 1505 peianis
237 1415 374 1480 ducibus
389 1418 570 1505 reliquum,
588 1439 686 1504 quam
703 1433 743 1480 ut
753 1418 805 1481 vel
818 1417 957 1482 Ilerdam
971 1437 1167 1485 reverteren-

96 1533 171 1598 tur,
186 1516 238 1580 vel
250 1518 462 1581 Tarraconem
479 1531 660 1606 pergerent.
677 1517 818 1580 Tarraco
834 1516 963 1604 longius
985 1519 1113 1601 aberat;
1132 1536 1166 1583 et

96 1617 211 1696 Ilerdae
228 1617 379 1681 nonnihil
394 1617 551 1682 frumenti
569 1634 637 1682 erat
652 1618 802 1683 relictum
816 1641 824 1682 ε
838 1618 938 1706 igitur
951 1617 1016 1683 hoc
1028 1621 1166 1709 probato

95 1717 251 1798 consilio,
268 1717 505 1806 profectionem
521 1719 709 1784 instituunt.

141 1819 248 1883 XXX.
270 1821 374 1883 Cesar
398 1842 474 1884 cum
496 1820 678 1908 legionibus
701 1820 869 1906 seqnitur-3
892 1820 1039 1907 equitatu
1062 1825 1167 1910 carpit

96 1918 315 1983 novissimos:
332 1917 373 1986 ad
391 1919 483 1984 bunc
501 1919 724 2008 repellendum
741 1943 825 2009 sepe
840 1943 875 1984 se
893 1938 1089 1986 convertunt
1103 1924 1165 1989 bo·

96 2037 163 2084 stes
173 2043 181 2085 ε
192 2021 235 2082 ita
247 2021 344 2084 simul
353 2019 535 2104 inceditur3
547 2021 644 2086 simul
654 2023 725 2086 sine
738 2022 978 2087 intermissione
989 2040 1165 2112 pugnatur.

96 2121 212 2202 Quum
229 2142 312 2209 aegre
325 2119 367 2184 ad
383 2121 483 2184 millia
496 2137 639 2209 quatuor
654 2123 809 2187 confectae
825 2123 884 2187 viae
900 2140 1000 2206 esset,
1019 2140 1165 2188 montem

95 2222 258 2286 excelsum
274 2223 424 2309 capiunt,
438 2237 471 2286 et
486 2245 504 2286 a
520 2223 628 2287 fronte
643 2225 814 2306 muniunt,
835 2225 927 2311 quasi
943 2240 1045 2289 castra
1064 2241 1165 2289 meta-

95 2339 222 2387 rentur.
240 2323 304 2386 Sed
317 2339 451 2386 onerata
460 2323 610 2402 jumenta
625 2324 844 2406 retinuerant,
861 2341 895 2388 et
908 2339 1083 2413 postquam
1095 2327 1165 2390 Cae·

95 2445 202 2489 sarem
218 2439 321 2489 castra
334 2424 498 2512 posuisse,
513 2439 546 2489 et
559 2424 683 2512 equites
699 2425 889 2513 pabulatum
904 2425 1079 2511 dimisisse,
1091 2450 1165 2493 sen·

95 2528 229 2609 sissent,
251 2526 312 2589 sub
334 2526 502 2591 meridiem
519 2526 628 2591 subito
648 2525 886 2609 discesserunt,
903 2544 957 2609 ut,
974 2528 1163 2617 priusquam

95 2648 250 2691 revocare
266 2629 370 2693 Caesar
386 2629 510 2715 equites
530 2644 656 2715 posset,
670 2628 873 2717 aliquantum
886 2630 1011 2693 itineris
1025 2630 1166 2709 confice·

94 2746 198 2795 retur.
217 2729 248 2791 ls
265 2751 397 2816 quoque
416 2752 516 2793 vanus
531 2729 578 2794 eis
598 2747 736 2795 conatus
751 2730 824 2795 fuit.
844 2731 950 2794 Caesar
964 2731 1072 2795 statim
1088 2754 1165 2795 cum

96 2828 283 2919 legionibus
295 2830 535 2917 subsequutus,
548 2846 581 2895 et
593 2846 669 2920 post
684 2854 802 2919 pancas
816 2832 913 2897 boras
932 2833 1097 2920 equitatus
1108 2854 1165 2897 sn-

95 2931 309 3021 perveniens,
331 2947 451 3013 castra,
473 2932 531 2996 ubi
549 2932 683 2995 minime
702 2932 899 3013 voluissent,
918 2933 1031 2997 metari
1050 2934 1165 3021 coegit.

95 3028 251 3097 Substitit
269 3032 366 3095 etiam
386 3032 420 3095 in
443 3032 629 3121 propinquo
645 3034 770 3114 Cusar3
786 3032 845 3097 sed
860 3033 1065 3097 tabernacula
1085 3033 1165 3121 poni

88 3154 168 3219 'non
185 3148 233 3195 est
248 3154 376 3221 passus,
394 3155 460 3220 quo
474 3150 604 3221 paratus
614 3150 709 3217 ¹esset
725 3132 766 3197 ad
781 3131 1040 3221 insequendum,
1061 3156 1166 3221 quan·

96 3233 286 3321 documque
310 3234 509 3299 movissent:
525 3256 600 3299 nam
622 3235 733 3323 proelio
757 3233 920 3298 abstinere
942 3233 1165 3321 superioribus

96 3332 140 3399 de
157 3333 262 3397 causis
275 3332 470 3400 decreverat.

143 3435 267 3499 XXXI.
286 3436 452 3501 Afraniani
473 3452 542 3501 tota
563 3452 661 3501 nocte
683 3454 787 3505 castra
806 3437 998 3523 proferunt,
1019 3458 1166 3501 commo·

97 3536 225 3601 diorem
243 3552 408 3625 captantes
425 3539 534 3603 locum
549 3560 556 3601 :
572 3536 630 3603 sed
645 3560 712 3625 quo
728 3539 802 3625 plus
818 3536 1040 3624 procedebant
1052 3559 1166 3626 opera,

97 3638 229 3725 longius
246 3638 288 3701 ab
308 3661 390 3725 aqua
411 3636 655 3721 discedebatur;
674 3661 779 3727 eoque
796 3661 847 3702 res
866 3638 1006 3703 deducta
1027 3655 1112 3719 erat,
1128 3656 1166 3701 ut

97 3741 207 3829 priora
224 3739 307 3804 mala
330 3762 397 3805 non
416 3741 477 3805 nisi
496 3740 564 3805 aliis
585 3742 676 3805 malis
698 3740 817 3829 corrigi
836 3754 981 3828 possent.
1000 3742 1047 3805 Ea
1069 3757 1166 3804 nocte

97 3858 254 3928 aquatum
268 3864 366 3907 nemo
376 3842 542 3931 profectus
554 3857 612 3907 est.
627 3842 763 3907 Postero
776 3841 846 3922 die,
859 3854 974 3930 praeter
987 3856 1166 3905 castrorum
1199 3855 1204 3863 ·

135 4053 151 4120 S
174 4058 272 4105 XXIX.
292 4059 356 4108 Ces.
371 4086 407 4096 --
420 4060 522 4107 sueton.
539 4060 566 4108 in
580 4062 641 4111 Cea.
659 4076 714 4123 cap.
736 4060 777 4120 75.
795 4087 830 4097 -
847 4058 864 4122 S
880 4062 968 4109 m.
990 4062 1074 4108 Front.
1095 4061 1167 4107 strat.

98 4140 194 4195 11‚13.
213 4168 248 4177 --
266 4144 328 4191 Cas.

931 4239 995 4320 ll·
