2875 4900
290 362 361 447 tlt
458 358 526 429 ro.
559 303 1180 433 rnn1nsnsn11'surrnsnt.

290 500 372 563 stes,
387 481 576 569 priusquam
593 478 869 562 animadvertere,
890 502 958 569 quo
976 480 1268 570 progrederentur,
1280 506 1355 572 spes

289 600 323 649 et
342 580 500 673 cupiditas
526 582 668 662 sineret,
690 579 770 645 locis
791 580 914 668 iniquis
933 604 953 645 a
974 580 1121 669 peditatu
1144 582 1355 648 circumventi

288 700 375 749 sunt.
390 684 447 749 Illa
461 683 565 748 clades
580 682 673 771 (nam
687 696 721 746 et
732 677 849 770 magna
867 704 941 769 pars
960 683 1119 747 exercitus
1137 683 1307 766 ceciderat,
1317 702 1357 776 ‘et

288 787 356 875 ipse
376 785 443 851 dux
460 786 577 849 Osaces
593 783 704 872 paucis
724 798 800 870 post
819 782 936 848 diebus
959 783 1124 849 interierat
1145 806 1186 848 ex
1199 784 1354 874 vulnere)

287 888 410 976 expulit
430 886 592 951 Pacorum
614 884 726 973 Syria3
751 883 876 971 diuque
896 899 973 973 post
998 907 1017 947 a
1039 884 1234 949 Parthorum
1256 887 1354 951 arnus

286 990 427 1079 quietam
446 987 646 1077 provinciam
660 985 817 1074 praestitit

303 1112 308 1125 “
328 1092 412 1155 XLI.
430 1090 566 1155 Interim
580 1088 626 1151 M.
639 1086 792 1168 Bibulus,
805 1108 905 1173 quem
919 1085 1120 1173 aliquamdiu
1133 1087 1169 1151 in
1181 1086 1353 1153 obsidione

283 1190 394 1255 Parthi
424 1188 626 1267 habuerant,
653 1185 860 1250 Antiochiam
882 1186 984 1250 venit.
1010 1189 1119 1274 Atque
1144 1189 1172 1252 is
1197 1187 1351 1277 quidem,

283 1290 439 1380 quamdiu
458 1288 502 1353 cis
517 1287 716 1376 Euphratem
733 1286 797 1353 fuit
817 1286 939 1369 hostis,
957 1287 1074 1376 pedem
1094 1305 1189 1378 porta
1208 1312 1274 1354 uon
1293 1313 1352 1355 ex·

282 1392 358 1456 tulit
374 1412 381 1455 :
402 1411 510 1477 neque
525 1404 648 1471 tamen,
663 1389 775 1478 legatis
786 1404 819 1452 et
829 1388 940 1453 amicis
956 1412 993 1454 ac
1008 1408 1169 1477 questore
1183 1414 1245 1455 suo
1258 1392 1350 1456 Cice·

281 1514 395 1556 ronem
413 1490 453 1555 ad
474 1488 657 1554 subsidium
678 1489 891 1572 vocantibus,
908 1489 1004 1555 eade
1023 1512 1059 1555 re
1082 1492 1188 1556 literas
1210 1492 1350 1559 scribere

280 1592 402 1675 voluit3
420 1590 529 1655 omnia
546 1590 670 1681 perpeti
686 1591 797 1672 malle,
814 1612 912 1679 quam
927 1591 1031 1657 videri
1046 1593 1167 1658 auxilio
1184 1594 1348 1659 Ciceronis

281 1693 424 1781 eguisse,
442 1714 508 1780 prae
527 1713 562 1755 se
581 1690 699 1755 ferens.
718 1693 829 1779 Atque
851 1692 916 1757 hoc
937 1708 976 1757 ut
998 1694 1146 1758 malevoli
1167 1696 1283 1778 animi,
1302 1697 1348 1762 sic

280 1790 371 1879 quod
391 1790 558 1879 sequitur,
578 1792 830 1855 constantissimi
852 1792 1165 1883 moderatissimique
1184 1797 1346 1885 specimen

278 1893 351 1957 fuit.
372 1892 464 1955 Duos
481 1892 579 1956 simul
602 1892 736 1981 egregiae
759 1892 879 1958 indolis
900 1894 983 1960 filios
1003 1897 1171 1979 amiserat,
1187 1899 1346 1963 occisosa

279 1993 475 2083 quibusdam
487 2015 601 2059 eorum
614 1994 775 2081 equiturn,
785 1995 841 2083 qui
853 2018 929 2061 cum
940 1998 977 2062 A.
984 1997 1125 2062 Gabinio
1136 1998 1344 2065 Ptolemaeum

277 2094 312 2158 in
327 2116 466 2185 regnum
480 2093 691 2175 reduxerant,
711 2094 830 2159 deinde
844 2097 1057 2163 consederant
1069 2100 1280 2169 Alexandriae.

321 2198 422 2261 XLII.
449 2193 488 2259 Id
510 2194 564 2259 ille
587 2195 808 2261 infortunium
828 2198 955 2288 ingenti
975 2200 1086 2264 animo
1109 2202 1195 2265 tulit.
1214 2202 1344 2291 Quippe

276 2298 425 2361 nuntiata
437 2312 541 2361 morte
555 2294 713 2379 filiorum,
725 2297 882 2386 postridie
892 2300 1050 2388 processit
1058 2299 1099 2364 ad
1109 2301 1203 2366 solita
1215 2303 1342 2386 munia;

274 2414 453 2488 posteaque
469 2397 621 2462 remissos
634 2397 675 2462 ad
689 2420 723 2462 se
734 2398 958 2467 interfectores
971 2399 1188 2490 aCleopatra,
1204 2425 1343 2492 quaepa·

274 2502 358 2564 renti
373 2521 485 2564 recens
506 2499 663 2566 dehincto
682 2517 897 2583 successerat,
913 2504 1047 2566 iunctos
1066 2502 1177 2567 reduci
1185 2503 1284 2582 jussit
1299 2503 1346 2567 ad

273 2604 417 2689 regaliam
425 2624 440 2680 ;
451 2599 562 2666 addito
572 2648 581 2682 ,
589 2613 778 2690 potestatem
794 2602 887 2693 httJ'us
897 2603 1071 2683 or'ndt'ctae,
1087 2625 1152 2668 non
1166 2626 1276 2685 suam,
1288 2603 1343 2668 sed

273 2717 396 2767 senatus
401 2750 412 2784 ,
433 2725 495 2766 esse
504 2701 623 2766 debere.
641 2703 673 2766 ls
688 2701 789 2793 igitur
800 2703 935 2768 bibulus
951 2725 1056 2792 quum
1065 2705 1274 2770 Antiochiam
1285 2727 1340 2770 re·

274 2805 391 2882 nisset,
406 2817 541 2892 accepto
554 2803 714 2886 exercitu,
731 2804 765 2866 in
780 2805 905 2869 Amano
921 2820 1055 2887 moute,
1070 2805 1129 2893 qui
1142 2806 1260 2894 plenus
1275 2820 1341 2870 erat

272 2905 417 2970 hostium
428 2904 719 2994 sempiternorum,
734 2905 901 2970 materiem
910 2904 1069 2994 triumphi
1082 2906 1179 2995 eoepit
1187 2929 1338 2994 qtraereoe.

273 3006 336 3072 Sed
359 3023 490 3089 eontra,
510 3027 609 3092 quant
627 3021 827 3093 speraverat,
844 3027 896 3069 res
916 3004 1052 3086 cecidit,
1069 3006 1186 3070 amissa
1206 3007 1339 3072 cohorte

272 3107 435 3196 praetoria,
452 3121 485 3170 et
497 3106 612 3170 Asinio
628 3107 794 3189 Dentone,
809 3106 866 3193 qui
879 3105 977 3193 primi
987 3105 1046 3194 pili
1058 3106 1208 3170 centurio
1223 3108 1337 3172 fuerat.

317 3209 435 3272 XLIII.
448 3206 584 3271 Felicior
594 3207 628 3270 in
640 3205 756 3270 eodem
770 3223 883 3270 monte
896 3207 1066 3270 Ciceronis
1079 3206 1244 3296 expeditio
1258 3209 1337 3290 futu

272 3331 348 3372 nam
365 3329 574 3372 communem
589 3307 642 3370 ille
658 3329 734 3372 cum
749 3306 866 3370 Bibulo
883 3308 1047 3370 Amanum
1064 3306 1224 3399 habehat,
1239 3331 1337 3397 aqua·

269 3433 345 3474 rum
361 3408 507 3474 divortiis
523 3407 744 3474 diridentibus
762 3407 954 3497 provincias.
977 3408 1096 3497 Magna
1116 3405 1172 3473 ille
1190 3410 1337 3474 multitu·

270 3511 346 3575 dine
359 3511 504 3576 hostium
514 3511 637 3592 occisa,
648 3511 806 3591 Eranam,
818 3509 909 3600 quod
920 3525 990 3576 erat
997 3511 1116 3576 Amani
1129 3527 1245 3601 caput,
1259 3533 1337 3600 pra>-

270 3630 356 3677 terea
374 3613 547 3701 Sepyram,
572 3627 605 3675 et
625 3611 835 3692 Gommorin,
859 3633 936 3674 cum
960 3611 1029 3674 aliis
1053 3611 1180 3699 aliquot
1200 3611 1335 3677 castellis

202 3890 209 3905 .
303 3861 385 3927 §XL-
396 3863 478 3909 Front.
492 3859 566 3909 strat.
576 3861 615 3920 11,
626 3861 651 3920 ⁵,
666 3859 707 3910 35.
716 3886 752 3898 -
764 3859 823 3910 Dio.
834 3887 870 3897 -
883 3859 936 3910 cto.
950 3859 984 3910 ad
995 3861 1115 3921 Λαίαν,
1128 3877 1171 3911 ao.
1187 3885 1225 3899 -
1239 3859 1333 3926 sm.

268 3939 1332 4005 Cendeu.civ.tih.111;ndstdc.vl,t;wl,a;etadrmtl.11,17.--v·t

267 4027 336 4078 Max.
346 4029 392 4089 tv,
404 4041 427 4078 r.
446 4053 482 4065 -
498 4027 514 4095 ς
527 4027 606 4076 xm.
619 4027 677 4076 Seu.
692 4027 795 4078 Cousol.
811 4026 844 4076 ad
856 4029 935 4078 Marc.
951 4044 974 4077 e.
990 4037 1031 4086 ιι.
1044 4029 1145 4078 -Val
1156 4031 1226 4078 Mu.
1236 4024 1330 4074 -oe

266 4111 505 4172 adramtt.11,ao;
522 4112 597 4173 vm,
609 4119 641 4171 A,
654 4111 748 4170 oxu,
760 4117 788 4172 43
799 4109 867 4160 idem
878 4109 911 4160 ad
924 4110 1043 4172 Attiev,
1054 4127 1096 4161 ao.
