2875 4900
115 428 182 509 lO.
202 426 396 507 FREINS.
417 439 551 509 SUPP.
567 440 621 509 IN
640 442 754 509 LOC.
772 440 867 509 LIB.
885 442 1080 515 LXXXII.
1105 472 1151 545 97

82 577 326 629 commeatuum
347 558 458 648 inopia
479 576 667 649 premeret:
685 582 762 650 ager
781 561 870 625 enim
893 563 1009 627 atticus
1031 586 1073 629 ue
1095 590 1154 655 per

81 686 193 753 pacem
213 660 348 750 quidem
365 676 490 723 tantam
506 660 590 726 alere
606 660 852 726 multitudinem
868 680 1018 753 poterat:
1036 669 1154 733 subve-

83 767 227 831 ctionem
241 784 381 828 annone
397 763 467 851 ipse
478 764 715 844 mari,Taxiles
734 780 834 845 terra,
853 764 942 829 haud
959 790 1079 857 magno
1096 794 1157 835 ne·

83 866 174 957 gotio
189 880 284 929 erant
298 862 507 952 prohibituri.

125 969 170 1032 11.
186 965 369 1030 Adversum
383 965 453 1029 hare
465 966 699 1031 earatioSullae
712 982 795 1049 erat,
805 982 844 1030 nt
856 990 933 1031 cum
942 969 1036 1034 hoste
1045 974 1178 1060 potius-

82 1068 170 1149 solo,
194 1091 296 1158 quam
319 1068 417 1131 simul
438 1066 592 1131 adversus
615 1068 745 1132 hostem
769 1066 955 1157 famemque
975 1070 1154 1141 dimicaret.

82 1169 133 1235 Ad
153 1170 221 1234 hoc
237 1168 383 1257 periculo
399 1166 435 1232 L.
445 1168 613 1233 Hortensii
632 1170 844 1250 movebatur,
865 1192 966 1258 quem
982 1194 1090 1241 aerem
1106 1178 1157 1241 ri·

81 1296 156 1337 rum
177 1288 213 1337 et
228 1271 390 1360 propositi
408 1286 574 1355 tenacem,
590 1293 667 1335 cum
688 1271 791 1359 copiis
812 1294 881 1335 non
902 1274 1097 1360 poertitendis
1114 1280 1157 1345 ad

81 1398 114 1441 se
131 1398 175 1439 ex
191 1374 358 1439 Thessalia
372 1395 522 1463 pergere,
544 1372 655 1437 hostes
673 1388 783 1437 autem
798 1372 833 1436 in
849 1373 1047 1441 Thessaliam
1068 1379 1157 1445 inu.

82 1478 169 1564 pisse
188 1490 344 1557 noverat;
361 1490 395 1539 et
412 1474 476 1539 nisi
491 1474 738 1555 subvenirem,
759 1496 801 1538 ne
819 1475 1022 1564 ubicumque
1037 1478 1157 1570 depre-

81 1578 207 1643 hensus
234 1598 379 1667 pugnam
401 1574 453 1639 rel
479 1598 557 1640 rum
582 1576 680 1639 exitio
705 1591 866 1656 sumeret,
892 1579 1069 1645 metuebat.
1092 1583 1158 1649 Sed

82 1680 303 1744 Hortensium
320 1676 453 1766 quidem
471 1676 592 1766 Caphis
610 1677 753 1740 Boeotius
770 1698 829 1765 per
845 1677 957 1757 aliam,
975 1700 1074 1765 quam
1093 1708 1159 1771 qua

82 1795 261 1843 venturum
276 1778 408 1843 Barbari
418 1776 690 1866 opperiebantur,
703 1778 789 1841 tiam
803 1777 1038 1863 circumduxit,
1053 1782 1159 1850 donec

84 1896 240 1968 superato
257 1880 406 1943 Parnassi
425 1878 540 1959 dorso,
558 1878 666 1942 tenuit
681 1878 870 1942 Tithoream
890 1902 898 1941 :
920 1882 1160 1952 munitissimus

14 2004 15 2051 3
86 1998 204 2046 natura
228 1980 320 2045 locus
341 1995 408 2063 est,
434 1980 500 2043 alto
525 1978 649 2047 circum
675 1993 709 2042 et
732 1978 888 2067 pnecipiti
913 1981 1046 2068 rupium
1070 1987 1161 2052 velut

14 2062 15 2087 ¹
82 2082 168 2147 vallo
182 2079 373 2161 claudente;
391 2079 445 2143 cui
459 2076 626 2166 quondam
641 2078 861 2143 Phocensium
873 2102 963 2167 pars,
976 2083 1158 2152 inundante

14 2244 15 2273 ,
84 2183 243 2255 Graeciam
255 2181 372 2247 Xenis
384 2180 544 2262 exercitu,
556 2179 693 2244 salutem
706 2195 805 2268 atque
815 2180 996 2247 libertatem
1008 2182 1159 2253 debuisse

83 2284 217 2349 dicitur.

126 2387 189 2454 111.
214 2386 289 2452 Huc
312 2384 370 2450 ubi
393 2384 541 2473 longiore
563 2382 615 2446 ria
640 2382 772 2471 sequuti
795 2372 906 2449 hostes
927 2404 1157 2479 penetrarunt,

84 2487 283 2554 Hortensius
293 2501 363 2552 toto
373 2485 426 2550 die
438 2486 598 2574 impetum
608 2506 724 2548 eorum
734 2484 824 2550 haud
836 2484 1159 2581 difficulterrepnlit3

83 2607 188 2655 noctu
206 2587 326 2653 deinde
348 2588 447 2652 tacito
464 2587 594 2676 agmine
616 2587 782 2674 profectus
803 2609 862 2675 per
878 2589 949 2653 loca
968 2593 1161 2685 confragosa

83 2690 236 2782 pervenit
255 2687 485 2770 Patronidem,
505 2688 618 2776 ibique
634 2687 676 2752 ab
692 2704 885 2752 occurrente
905 2691 992 2756 Sulla
1008 2714 1158 2784 receptus

84 2807 142 2857 est.
163 2791 238 2856 Hoc
255 2789 409 2870 adjuncto
426 2789 546 2870 milite,
562 2811 631 2852 non
649 2788 735 2854 ultra
748 2789 837 2886 mille
849 2791 1047 2882 quingentos
1063 2801 1159 2885 equi·

84 2911 152 2974 tes,
176 2890 326 2980 peditum
343 2890 443 2958 millia
463 2888 652 2977 quindecim
675 2911 817 2954 romane
834 2892 935 2980 copiae
955 2893 1157 2962 efficiebant:

84 3015 222 3060 accensa
238 2991 357 3057 deinde
377 2992 585 3072 Graecomm,
602 2991 659 3079 qui
675 3012 782 3079 nuper
795 2991 840 3054 ab
855 2992 1014 3057 Archelao
1030 2994 1159 3063 defece·

83 3111 175 3176 rant,
190 3093 327 3174 auxilia,
341 3093 386 3160 ita
397 3093 561 3182 augebant
573 3113 767 3172 nnmerum,
778 3107 817 3156 ut
829 3105 939 3156 tamen
954 3088 996 3159 ne
1006 3097 1158 3166 trientem

84 3197 224 3287 quidem
240 3195 366 3260 hostilis
379 3193 599 3260 multitudinis
611 3207 764 3284 aequaret.

127 3301 188 3365 tv.
211 3295 319 3388 Igitur
340 3297 537 3364 Archelaum
558 3295 653 3384 (nam
677 3311 710 3358 et
732 3294 788 3358 hic
810 3295 969 3360 accincta
988 3297 1100 3368 Taxiln
1123 3303 1159 3367 in

83 3399 289 3466 Thessaliam
297 3397 497 3484 accurrerat)
508 3398 616 3462 ceteri
624 3395 725 3460 duces
733 3395 777 3460 ad
787 3396 888 3484 proelii
899 3399 1087 3468 tentandam
1098 3406 1162 3470 for

84 3519 203 3567 mnam
221 3499 444 3564 indesinenter
460 3497 694 3578 hortabantur,
710 3495 817 3561 donec
833 3519 995 3566 consensu
1008 3507 1160 3572 omnium

84 3605 210 3684 rictus,
225 3625 301 3667 nam
314 3601 442 3666 trahere
451 3601 575 3666 bellum
583 3598 674 3664 haud
686 3598 831 3664 absurdo
843 3602 980 3667 oonsilio
990 3620 1158 3690 statuerat,

85 3707 119 3769 in
141 3707 246 3771 aciem
264 3727 341 3770 snos
362 3701 483 3768 eduxit.
506 3703 625 3766 Praeter
643 3717 791 3765 veterum
807 3702 975 3789 copiarum
991 3706 1159 3794 reliquias,

86 3825 118 3873 et
134 3831 211 3896 quae
226 3823 338 3896 postea
347 3805 575 3870 Dromiehoetis
586 3804 688 3868 ductu
699 3818 873 3884 venerant,
890 3805 988 3868 etiam
1002 3809 1161 3874 Arcathiae

121 4034 139 4100 s
158 4035 178 4082 1.
200 4033 326 4082 Plutarch.
340 4059 376 4069 -
392 4031 409 4097 §
427 4033 461 4082 ll.
479 4033 607 4082 Memnon.
627 4057 662 4070 -
682 4027 732 4080 Ilio
750 4029 817 4096 apud
832 4029 915 4079 Valet.
933 4059 969 4068 —
986 4031 1108 4080 Plutarch.
1126 4061 1162 4075 -
1181 4063 1187 4078 .

90 4121 143 4168 liv.
163 4119 232 4182 Epit.
255 4143 293 4154 -
316 4115 525 4174 nomenvut,
549 4119 590 4166 sa.
612 4143 645 4155 -
664 4117 767 4164 Panna.
783 4114 827 4162 lib.
845 4115 879 4162 X.
895 4113 931 4151 -'-
950 4111 1029 4178 3111.
1051 4115 1161 4182 Appian.

91 4202 202 4251 blithritl.
215 4227 251 4238 -·
264 4200 387 4250 Plutarch.

216 4295 259 4363 Χ·
947 4313 968 4386 7
