2875 4900
279 406 347 491 246
451 403 881 473 cosummatus
914 402 1155 471 suessan.

277 531 379 608 fecta,
399 526 439 589 de
455 518 645 589 Sertorianis
662 522 703 585 ad
721 522 819 585 millia
833 523 894 585 tria
909 520 1105 585 ceciderunt.
1121 521 1246 585 lnterim
1258 520 1320 584 lile·

277 629 370 691 tellus
386 626 427 690 de
440 628 610 713 Perpernae
624 625 767 687 exercitu
783 623 823 686 ad
839 623 938 687 millia
954 623 1100 710 quinque
1116 621 1261 687 concidit.

321 729 379 791 xl.
411 728 520 816 Igitur
537 725 631 789 illatis
654 726 687 787 in
713 746 785 787 eam
810 740 935 811 partem
962 724 1083 812 signis,
1111 723 1264 788 Sertorius
1286 722 1321 785 ad

262 823 384 917 ‘ipsum
406 850 511 915 usque
526 827 770 914 imperatorem,
788 825 889 912 pulsis
905 824 1126 904 obstantibus,
1146 822 1321 912 penetravit.

278 930 335 993 llle
347 948 533 1015 quanquam
550 927 642 990 senio
657 940 852 1014 gravaretur,
868 926 995 989 fortiter
1005 926 1137 1007 restitit,
1147 925 1324 1011 animosque

278 1051 429 1107 suorum,
443 1049 545 1116 prope
556 1025 730 1115 deploratis
744 1026 859 1107 rebus,
872 1048 970 1107 voce,
987 1048 1105 1106 manu,
1121 1024 1263 1113 exemplo
1275 1022 1324 1086 dc·

278 1130 378 1216 nique
397 1127 608 1192 confirmavit.
629 1127 693 1193 Sed
712 1128 854 1191 immane
872 1144 1032 1214 quantum
1056 1126 1155 1191 animi
1175 1146 1323 1203 exarsere,

278 1246 449 1320 postquam
460 1230 664 1293 vulneratum
675 1229 745 1293 ictu
758 1230 890 1317 tragulae
904 1228 1075 1293 viderunt:
1090 1244 1160 1292 tum
1176 1227 1260 1291 enim
1273 1248 1326 1313 pu·

277 1330 375 1413 dore,
395 1354 437 1411 ne
460 1329 638 1394 deseruisse
656 1330 883 1419 imperatorem
908 1328 1110 1410 dicerentur,
1134 1346 1167 1393 et
1189 1350 1223 1393 ca
1244 1342 1325 1391 astate

276 1434 401 1512 virum,
422 1434 639 1520 periculorum
660 1455 726 1520 prae
742 1435 789 1497 ira
812 1432 1144 1521 obliti,'repulerunt¹
1156 1432 1277 1511 hostes,
1298 1442 1326 1491 et

277 1533 463 1612 Metellum,
479 1532 578 1597 scutis
592 1532 726 1611 objectis
742 1549 965 1621 protegentes,
982 1534 1169 1597 extulerunt
1183 1555 1221 1599 cx
1236 1532 1306 1595 acie.

321 1634 395 1697 ΧΗ.
416 1634 744 1699 Sertoriusamissam
764 1656 782 1697 e
799 1634 948 1698 manibus
969 1657 1071 1722 prope
1096 1650 1216 1698 certam
1235 1634 1326 1697 victo·

277 1735 357 1798 riam
380 1734 510 1814 dolens,
524 1756 657 1823 vespera
669 1736 834 1822 sequentis
848 1734 927 1815 dici,
946 1758 1049 1823 quum
1070 1758 1186 1825 magna
1203 1733 1325 1799 adeum

276 1836 393 1900 auxilia
412 1837 630 1925 Hispanorum
649 1836 829 1916 venissent,
846 1850 947 1899 castra
967 1836 1089 1900 Metelli
1103 1836 1213 1901 subito
1231 1856 1326 1921 oppu-

278 1960 376 2025 gnare
399 1936 533 2001 adortus
555 1952 622 2017 est,
646 1934 702 1999 sed
726 1936 975 2024 superveniente
995 1936 1169 2023 Pompeio,
1196 1933 1325 2011 Cluniae,

275 2054 434 2104 montano
451 2053 484 2101 et
498 2037 627 2100 munito
644 2036 784 2125 oppido,
801 2037 891 2125 quod
904 2038 1015 2125 paucis
1030 2036 1108 2101 inde
1125 2036 1264 2101 millibus
1276 2034 1326 2097 ab·

278 2156 363 2219 erat,
382 2161 417 2225 se
427 2138 582 2219 inclusit,
597 2139 682 2202 utin
697 2161 732 2202 se
745 2140 884 2203 avoc'atis
897 2140 1040 2203 romanis
1059 2138 1213 2219 ducibtu,
1228 2152 1326 2202 tutum

226 2256 229 2262 ·
278 2240 345 2303 suis
356 2240 480 2303 abitum
495 2254 668 2325 praestaret.
680 2240 819 2305 Romani
831 2262 934 2327 quum
949 2262 1055 2328 neque
1069 2240 1219 2328 persequi
1233 2238 1328 2327 palan·

278 2355 342 2415 tes,
357 2362 418 2403 uec
428 2362 612 2427 expugnare
624 2340 807 2404 resistentes
819 2356 968 2429 possent,
980 2342 1129 2431 gravibus
1140 2342 1182 2405 ab
1198 2364 1236 2404 eo
1249 2339 1328 2403 dam·

280 2441 329 2504 nis
343 2464 402 2529 per
417 2440 587 2504 continuas
603 2441 790 2530 eruptiones
805 2442 931 2523 affecti,
944 2442 1010 2523 jam
1027 2458 1176 2530 tempore
1194 2441 1266 2506 anni
1283 2439 1329 2501 in·

279 2542 417 2617 vitante,
441 2543 559 2606 relictis
580 2542 620 2608 ad
644 2541 849 2608 obsidionem
866 2544 1067 2608 cluniensem
1090 2543 1215 2608 idoneis
1237 2539 1328 2628 copiis

279 2643 314 2706 in
331 2641 469 2706 hiberna
483 2642 708 2709 discesserunt.

321 2746 413 2808 lllll.
431 2747 507 2808 Haec
522 2747 567 2809 ita
583 2746 670 2834 apud
684 2748 763 2811 alios
780 2763 928 2812 auctores
944 2748 1081 2838 reperio.
1099 2749 1225 2828 Livius,
1241 2771 1259 2809 a
1273 2744 1329 2810 lle·

278 2847 354 2910 tello
368 2847 547 2910 Sertorium
560 2863 594 2910 et
601 2847 799 2934 Perpernam
812 2870 888 2912 oum
901 2847 1032 2912 duobus
1042 2849 1234 2912 exercitibus
1248 2847 1328 2910 fusos

277 2951 487 3037 fugatosque,
505 2949 693 3036 scripserat3
716 2949 928 3038 Pompeium,
949 2965 1072 3038 partem
1089 2949 1233 3013 victoriae
1253 2947 1330 3010 ferre

277 3050 479 3135 cupientem,
491 3071 607 3137 parum
620 3071 772 3136 prospere
786 3051 988 3138 pugnavisse.
1006 3052 1101 3113 Certe
1113 3049 1262 3115 Metellus
1277 3049 1330 3110 int·

277 3165 457 3235 potatorem
480 3173 515 3214 se
530 3151 574 3215 ob
595 3151 704 3214 lissum
722 3151 789 3214 acie
806 3151 986 3215 senorium
1002 3151 1173 3239 appellari,
1192 3151 1330 3235 adeoque

277 3250 431 3315 omnibus
444 3251 594 3315 humanis
608 3251 789 3316 bonoribus
806 3253 869 3316 coli
885 3275 998 3340 passus
1012 3269 1078 3333 est,
1095 3269 1132 3316 ut
1151 3249 1329 3340 nequidem

277 3348 425 3413 adivinis
451 3364 651 3438 temperaret.
676 3352 714 3415 ln
734 3353 921 3416 ulteriorem
947 3353 1132 3442 Hispaniam
1157 3371 1325 3442 regressus,

277 3471 393 3537 magna
407 3452 507 3538 gloria
524 3455 788 3518 concurrentium
803 3454 949 3542 undique
964 3456 1108 3519 virorum
1127 3456 1330 3519 feminarum·

276 3571 357 3635 que,
375 3551 441 3614 rias
457 3573 495 3614 ao
509 3567 594 3615 tecta
608 3555 739 3618 visenda
757 3578 851 3620 causa
869 3557 1081 3644 replentium,
1099 3555 1309 3644 spectabatur.

320 3651 408 3714 xlv.
429 3651 492 3716 Sed
512 3653 679 3741 praecipuae
702 3655 840 3720 infamia
857 3679 946 3720 coena
964 3655 1044 3738 fuit,
1068 3679 1130 3744 qua
1153 3679 1228 3720 eum
1250 3675 1330 3742 quae·

275 3769 344 3816 ator
365 3755 401 3816 G.
420 3753 593 3832 Urbinius,
615 3771 648 3818 et
667 3771 837 3844 postquam
862 3757 925 3820 boc
948 3758 1001 3820 ille
1025 3773 1152 3846 gratum
1178 3756 1328 3829 babebat,

172 3881 178 3905 ι
274 3855 325 3918 alii
343 3855 495 3943 deinceps
515 3873 719 3946 exceperunt.
738 3856 836 3922 AEdes
854 3860 960 3922 aulatis
976 3859 1142 3948 signisque
1157 3871 1328 3946 exornatae,

310 4069 326 4133 S
340 4074 384 4119 xt.
397 4073 495 4122 Sallust.
509 4076 573 4123 nist
584 4077 627 4131 11,
640 4091 670 4121 to
684 4087 708 4122 et
721 4093 745 4140 9.
761 4103 794 4112 -
804 4077 868 4124 Plut.
882 4105 914 4112 -
933 4079 1040 4144 Appian.
1053 4078 1114 4143 -s
1129 4079 1186 4126 111.
1202 4078 1253 4124 biv.
1269 4071 1327 4136 Epil-

272 4183 306 4192 —-
317 4156 380 4203 Plot.
393 4185 422 4192 -·
433 4157 537 4208 Ptolem.
550 4185 584 4196 -
597 4156 612 4221 S
624 4161 695 4208 xm.
710 4159 773 4210 l‘lut.
785 4189 818 4198 -—
833 4160 929 4209 Sallust.
941 4161 1005 4210 llist.
1016 4165 1053 4218 11,
1071 4180 1081 4222 7
1099 4173 1121 4209 et
1138 4161 1161 4208 8.
