2875 4900
284 404 336 473 IN
368 405 483 474 LOC.
508 406 601 474 LIB.
627 406 754 475 XCIX
785 408 1001 478 LIVIANI.
1105 408 1177 507 369

104 527 228 607 «tello,
246 526 396 613 quietum
412 525 620 589 consulatum
634 548 764 615 ageres,
781 524 899 590 deinde
910 525 977 607 jam
991 528 1125 592 tertium
1140 531 1176 593 in

103 649 268 709 «annum,
286 649 354 690 non
373 624 551 691 invidendo
567 641 642 717 post
659 642 708 691 tot
726 626 852 692 labores
868 627 937 693 otio
955 627 1143 696 reficeretis.

144 728 239 793 XVI.
261 726 348 793 «sed
366 743 430 791 tuae
450 727 592 791 vicissim
607 728 753 810 virtutis,
777 744 907 815 tuteque
930 730 1088 817 aequitatis
1111 748 1175 815 est,

103 847 163 895 «ut
181 846 253 893 tam
275 830 450 919 benignam
470 844 568 915 atque
584 827 810 917 indulgentem
827 828 962 917 patriam
980 830 1100 895 iterum
1116 854 1176 895 au-

100 931 210 1013 «dias,
228 954 297 995 non
313 929 355 995 ad
371 929 555 995 translatitii
570 928 740 1009 cujusdam
755 928 831 994 belli
849 929 991 1012 labores,
1006 930 1127 1018 quibus
1144 948 1177 996 et

101 1033 177 1099 «alii
192 1033 288 1097 multi
302 1054 393 1123 pares
410 1053 480 1095 esse
495 1047 652 1119 possunt,
666 1048 893 1112 revocantem
906 1030 965 1097 sed
977 1032 1019 1097 ad
1032 1032 1174 1099 liberan-

101 1134 207 1201 «dum
232 1134 318 1199 fame
343 1131 520 1223 populum,
546 1130 587 1195 ad
612 1130 848 1197 exsolvendum
871 1131 1051 1221 ignominia
1070 1134 1174 1223 impe·

100 1237 231 1316 «rium,
249 1232 292 1298 ad
308 1233 436 1323 generis
452 1232 588 1295 humani
601 1230 835 1297 continendam
849 1231 1173 1323 confirmandamque

102 1336 337 1415 «societatem,
363 1356 436 1421 quae
464 1332 642 1421 piratarum
666 1332 800 1397 audacia
826 1334 1066 1425 propemodum
1094 1358 1175 1401 con·

101 1437 215 1501 «vulsa
230 1436 281 1501 his
297 1434 391 1499 anuis
408 1449 442 1499 et
456 1434 639 1521 interrupta
657 1448 715 1497 est.
731 1435 849 1521 Neque
864 1435 1007 1517 labores,
1024 1437 1175 1501 fractum·

102 1559 189 1624 «que
212 1536 252 1601 iis
273 1536 419 1599 animum
441 1555 627 1621 corpusque
649 1532 807 1615 objeceris
824 1557 832 1599 ε
849 1557 966 1625 magna
982 1538 1034 1601 illa
1050 1539 1172 1628 gloria,

101 1636 277 1724 «adquam
296 1637 441 1727 genitus,
458 1656 623 1723 quamque
638 1635 910 1725 praestantissimis
925 1637 1018 1701 factis
1033 1638 1171 1728 adeptor

103 1760 177 1819 «es,
199 1760 307 1825 neque
329 1738 430 1825 quoeri
450 1737 520 1801 sine
543 1737 671 1822 labore,
699 1760 807 1825 neque
828 1740 1012 1803 conservari
1039 1756 1170 1829 potest:

101 1840 223 1929 «igitur
244 1839 453 1931 exprobrare,
470 1859 543 1926 quae
560 1836 694 1920 feceris,
718 1839 843 1926 populo
859 1860 997 1903 romano
1016 1842 1106 1923 noli;
1129 1864 1171 1907 ne

102 1943 164 2007 -sit
180 1942 212 2005 ei
225 1962 480 2007 commemorare
492 1961 595 2027 opus,
610 1956 693 2027 quot
706 1955 740 2005 et
753 1955 873 2026 quanta
889 1938 929 2003 ab
944 1962 984 2003 eo
1000 1943 1171 2029 acceperis.

145 2045 253 2109 XVII.
269 2044 407 2130 «Neque
422 2042 617 2129 persuaseris
637 2042 810 2129 cuiquam,
826 2064 864 2105 ea
877 2056 984 2123 aetate,
1000 2066 1064 2130 qua
1074 2045 1172 2133 vulgo

102 2146 275 2211 abomines
292 2144 407 2209 animis
426 2143 686 2231 corporibusque
708 2142 847 2207 maxime
863 2144 969 2207 valere
990 2166 1171 2209 consueve-

101 2263 220 2326 «runt,
240 2262 272 2309 te
298 2246 495 2334 singularem
521 2242 563 2309 ad
586 2244 696 2307 omnia
715 2245 823 2307 virum
846 2267 1053 2310 marcescere.
1071 2245 1171 2327 Quod
1196 2323 1200 2335 ¹

102 2349 149 2413 «si
170 2364 280 2412 tamem
303 2370 391 2411 rinus
413 2348 458 2411 ita
482 2346 618 2411 sortasse
640 2346 756 2427 sentis,
779 2346 849 2411 otio
870 2347 987 2428 debes,
1004 2348 1095 2435 quod
1117 2349 1170 2413 illa

102 2450 260 2538 «pristina
277 2465 334 2514 tua
349 2451 452 2512 virtus
466 2449 618 2538 languet3
636 2471 735 2536 quum
751 2450 828 2536 quia
848 2446 1025 2537 deperdere
1044 2473 1171 2516 summa

102 2551 287 2618 malamina
300 2567 332 2615 et
347 2550 406 2616 tibi
420 2549 603 2630 videretur,
620 2564 653 2614 et
666 2549 837 2630 omnibus,
853 2550 1021 2616 excitanda
1034 2551 1094 2616 tibi
1110 2575 1168 2617 ne·

100 2653 219 2742 ·gotiis
229 2667 294 2732 est,
306 2651 398 2716 facile
412 2650 585 2738 pristinum
598 2666 828 2738 recuperatum
835 2651 995 2740 rigorem,
1005 2651 1063 2718 ubi
1072 2651 1169 2742 digua

101 2777 155 2823 ⁸⁵0
168 2754 301 2844 negotia
313 2753 460 2821 senserit.
471 2751 535 2816 Sed
548 2753 600 2816 alii
613 2774 748 2839 quoque
759 2767 852 2834 sunt,
869 2753 989 2840 quibus
1004 2753 1066 2818 ista
1080 2769 1168 2816 recte

100 2855 385 2921 «committanturl
403 2847 653 2940 Iamprimuma
675 2867 706 2917 te
722 2869 818 2940 peto,
842 2854 995 2942 Pompei,
1018 2870 1057 2918 ut
1076 2853 1117 2917 de
1135 2869 1167 2918 te

100 2954 254 3044 «tuisque
274 2952 424 3030 laudibus
446 2953 570 3042 populo
590 2953 699 3041 potius
725 2976 861 3018 romano
888 2955 1055 3042 permittas
1076 2954 1166 3045 jodi-

98 3057 231 3138 «cium,
247 3077 345 3144 quarn
363 3054 422 3118 tibi
436 3075 543 3118 sumas
560 3076 569 3118 ε
587 3053 668 3142 quid
683 3055 717 3116 in
739 3076 941 3141 unoquoque
953 3054 1026 3142 ppei
1048 3053 1168 3119 habere

96 3157 242 3223 ·debeat
263 3156 463 3244 respublica,
485 3155 653 3236 omnium,
669 3177 768 3242 quam
791 3153 1013 3244 singulorum,
1030 3153 1168 3218 testima-

95 3294 108 3318 ι
120 3261 248 3326 tionem
263 3281 333 3324 esse
345 3258 470 3345 aequius
486 3273 544 3322 est.

142 3362 266 3428 XVIII.
284 3363 360 3426 «An
383 3359 501 3424 oblitos
529 3359 706 3440 existimas,
731 3355 812 3444 quid
830 3356 934 3445 prima
954 3356 1167 3424 adolescentia

93 3463 265 3528 «clnnano
288 3461 392 3542 bello,
416 3458 496 3546 quid
521 3457 640 3523 deinde
663 3459 697 3522 in
723 3458 831 3522 Sicilia
854 3459 1027 3546 Africaque
1056 3483 1166 3524 rerum

93 3595 106 3620 a
118 3561 280 3652 gesseris?
295 3561 378 3634 Nam
393 3560 572 3626 Sertorium
585 3560 714 3624 hostem
731 3581 835 3646 quum
851 3582 966 3624 omnes
987 3562 1091 3627 nostri
1105 3561 1167 3628 du-

93 3697 107 3722 a
117 3686 176 3728 ces
186 3661 453 3742 reformidarent,
467 3658 706 3750 propemodum
719 3659 789 3748 ipsa
799 3659 859 3724 tibi
871 3661 1044 3725 necessitas
1058 3659 1167 3744 dedit;

92 3787 229 3853 «eoque
256 3765 478 3852 experimento
503 3763 646 3850 populus
669 3783 824 3826 romanus
848 3761 981 3844 didicit,
1007 3786 1073 3826 non
1097 3786 1167 3828 esse

90 3901 105 3924 ι
116 3867 242 3932 certius
258 3865 432 3952 minusque
448 3864 542 3928 lallax
560 3863 736 3945 indicium,
756 3879 787 3926 te
809 3886 915 3928 unum
931 3863 1048 3951 praefici
1069 3887 1168 3952 nego-

91 4003 104 4026 «
116 3969 173 4034 tiis
185 3985 356 4055 oportere,
371 3989 469 4054 quam
486 3965 544 4029 ubi
560 3982 649 4029 tanta
663 3988 777 4028 eorum
794 3963 965 4029 difficultas
980 3966 1166 4052 esseeoepit,

92 4087 158 4133 «ut
177 4093 196 4132 a
219 4070 349 4134 nemine
371 4091 439 4132 uno
466 4067 619 4150 sustineri
646 4088 742 4153 posse
768 4065 949 4128 rideantur.
975 4064 1047 4129 Tibi
1072 4087 1165 4144 vero,

220 4187 262 4254 Χ.
950 4180 994 4260 24
