2875 4900
236 361 289 430 IN
320 359 434 430 LOC.
460 359 555 428 LIB.
583 355 747 426 LXXIX
776 357 989 430 leltrtl.
1098 360 1146 450 45

137 483 173 548 X.
193 481 316 571 nlgitur
336 479 394 568 qui
418 479 516 567 paulo
541 492 617 542 ante
641 475 839 564 quibusdum
860 477 974 544 italicis
994 485 1146 571 gentibue

100 585 191 646 ·male
204 581 411 661 mittebant,
434 601 638 667 quanquam,
658 577 762 657 adjuti
784 601 804 642 a
823 581 962 662 ceteris,
984 603 1051 647 non
1072 588 1146 674 qui·

93 713 108 738 ··
117 681 183 746 dem
197 681 324 770 penitus
340 680 483 768 quietum
497 678 587 744 dorni
602 679 854 768 rempublicam,
871 680 930 745 sed
943 697 1051 748 tamen
1068 688 1149 753 tole·

99 783 246 848 «rabiliter
259 783 409 872 agitatum
423 780 602 861 haberent,
618 779 735 862 iidem,
752 779 902 844 noudum
917 781 1013 870 plane
1028 787 1148 852 exstin-

99 899 163 948 .cto
177 885 273 950 veteri
298 883 402 964 bello,
428 903 553 946 novum
571 895 604 944 et
628 880 722 946 civile
743 896 879 970 pamut3
904 903 1004 972 super
1024 885 1148 973 priores

99 985 233 1069 mortes,
247 1001 374 1074 purtem
384 981 597 1070 antiquorum
608 981 744 1064 civium,
757 996 792 1045 et
804 1002 918 1046 omues
931 1005 987 1047 eos
996 987 1147 1073 populos,

98 1109 246 1173 «quorum
261 1084 383 1150 auxilio
397 1082 489 1171 prius
502 1083 554 1146 uei
568 1098 663 1162 eunt,
680 1081 879 1146 adversarios
894 1081 1047 1149 babituri.
1063 1087 1147 1152 Num

100 1187 252 1272 *profecto
268 1201 326 1250 eut
345 1184 485 1274 graviter
506 1183 617 1262 fallor,
640 1197 697 1246 aut
718 1181 743 1245 ii
763 1205 831 1247 uon
848 1183 943 1266 estis,
961 1186 1019 1273 qui
1036 1185 1148 1253 deludi

98 1310 164 1352 avoc
175 1287 300 1368 feratis,
313 1287 376 1352 sub
390 1300 454 1350 tatu
467 1284 589 1373 iniquis
605 1299 637 1348 et
650 1283 897 1372 impudentibue
910 1286 1066 1367 dominis,
1080 1293 1147 1382 pri·

97 1387 220 1452 «stiuam
237 1387 428 1452 servitutem
442 1407 528 1449 novo
545 1385 678 1449 nomine
692 1385 869 1450 toleraturi.

133 1490 185 1554 XI.
200 1521 214 1546 ι
223 1489 330 1554 Etiam
344 1487 520 1575 mancipia,
536 1509 609 1574 que
623 1507 685 1550 aere
699 1501 814 1552 nostro
827 1489 1027 1576 paravimus,
1043 1515 1147 1580 quum

97 1589 300 1656 temittuutur
322 1610 440 1669 manu,
458 1587 493 1652 in
511 1609 610 1674 quum
630 1586 853 1652 conditionem
869 1591 1035 1673 venerint,
1052 1594 1148 1658 intel·

97 1689 226 1778 digunt3
245 1711 355 1778 neque
379 1687 484 1752 minui
500 1687 562 1752 sibi
580 1686 688 1752 datum
711 1687 892 1752 libertatem
912 1692 1097 1778 patiuntur5
1115 1712 1149 1760 et

97 1789 152 1854 -de
166 1791 282 1870 injuria
297 1807 512 1879 patronorum
526 1789 741 1878 querentibus
750 1789 805 1868 jus
820 1788 967 1855 redditur
979 1815 987 1856 :
998 1793 1148 1861 homiues
1286 1827 1292 1834 ·

96 1891 149 1954 «ab
168 1893 283 1956 ultima
303 1891 428 1980 origine
446 1890 556 1970 liberi,
582 1888 751 1978 quondum
770 1889 896 1970 emuli,
917 1913 993 1955 mox
1012 1893 1092 1956 socii
1115 1912 1149 1960 et

96 1993 307 2058 «auxiliatores
322 1991 412 2056 urbis
423 1999 583 2072 romanu,
595 1990 694 2054 verba
705 1990 768 2055 sibi
780 1989 850 2054 dari
860 1992 1019 2079 patienter
1028 1995 1150 2061 scilicet

95 2094 225 2158 «ferend
242 2094 347 2158 immo
359 2111 438 2157 vero
450 2092 504 2170 jue
519 2113 633 2172 suum,
650 2092 677 2156 ei
691 2088 838 2156 modeste
850 2092 977 2181 agendo
991 2097 1149 2182 nequive-

95 2192 170 2258 uint
187 2195 356 2274 obtinere,
377 2191 492 2256 iisdem
509 2191 571 2254 illie
593 2191 708 2272 armis,
725 2191 844 2278 quibus
862 2214 1028 2275 meruere,
1043 2195 1149 2261 vindi·

96 2294 234 2360 chuni.
254 2293 415 2358 Omnium
431 2292 535 2372 enim,
557 2291 677 2378 quibus
695 2313 801 2378 nuper
815 2290 941 2356 decretu
959 2309 1009 2358 est
1020 2297 1148 2379 civitas,

96 2394 215 2461 «eadem
232 2417 325 2461 nunc
338 2415 434 2461 cuum
447 2409 513 2475 eet,
528 2393 654 2459 etiamsi
667 2392 803 2459 fortusse
816 2393 936 2483 dispari
946 2396 997 2461 vio
1010 2397 1095 2463 banc
1107 2399 1149 2466 ad

96 2518 231 2561 «musam
243 2494 471 2585 pervenerint:
483 2496 552 2560 eliis
562 2496 669 2575 enim,
681 2495 758 2583 quie
767 2518 828 2584 pro
838 2497 933 2561 uobis
944 2518 1148 2589 pugnarunt,

95 2597 187 2679 «aliie,
203 2599 283 2687 quia
304 2614 418 2661 contra
438 2618 498 2661 nos
518 2612 708 2686 pugnarunt
725 2597 834 2661 minus
854 2600 1007 2664 atrociter
1020 2618 1054 2666 ct
1070 2603 1148 2688 diu,

96 2698 266 2765 «civitatem
276 2698 347 2765 dari
356 2698 491 2786 pincuit3
503 2698 716 2762 obtenturam
727 2697 932 2779 neutrie‚nisi
942 2701 1032 2765 alteri
1041 2724 1149 2769 amare

95 2801 256 2867 -virtutem
276 2822 369 2865 suam
383 2800 543 2888 populum
557 2820 749 2880 romanum,
761 2799 852 2864 elteri
869 2800 1001 2883 timere,
1017 2804 1150 2892 utrique

96 2902 262 2967 «estimare
282 2900 480 2965 docuissent.

130 3004 200 3067 XII.
215 3033 228 3059 ι
239 3006 351 3090 Atque
362 3001 486 3065 utinam
497 2997 611 3065 iisdem
619 3000 751 3082 animis,
763 3000 883 3087 quibus
895 3000 1149 3089 promittendam

96 3102 167 3164 uibi
185 3104 350 3167 civitatem
373 3118 504 3166 senatus
531 3101 675 3183 censuit,
695 3116 845 3189 praestare
870 3101 1044 3167 voluisset!
1068 3104 1150 3170 nibil

96 3224 193 3267 «nuuc
208 3205 260 3269 bis
278 3218 365 3267 esset
377 3202 643 3267 contentionibus
662 3223 767 3289 opus:
782 3201 864 3265 etin
879 3200 943 3265 alta
956 3226 1035 3291 pace
1046 3227 1084 3269 uc
1095 3204 1151 3273 flo-

96 3319 194 3368 ·rente
209 3303 397 3393 republica,
411 3319 533 3369 veteres
549 3303 646 3369 simui
660 3302 804 3389 novique
814 3302 898 3367 cives
914 3320 1036 3369 mutuae
1048 3308 1151 3374 bene·

96 3406 252 3471 uolentia
278 3403 527 3493 concordiaque
552 3404 677 3469 fmctus
702 3403 882 3470 latissimos
901 3425 1063 3493 caperent.
1086 3412 1150 3477 Sed

96 3506 171 3571 «sire
192 3507 334 3573 deorum
358 3506 426 3571 brec
448 3508 497 3571 ira
518 3522 584 3589 est,
610 3506 733 3571 nullum
754 3505 945 3571 diuturnum
965 3508 1150 3579 felicitatem

96 3606 255 3687 =bumuuie
266 3608 368 3672 rebus
379 3608 653 3695 relinquentium
669 3606 736 3671 sive
748 3605 920 3673 hominum
932 3624 1021 3675 tauta
1033 3612 1152 3702 impor-

97 3710 243 3791 unnim,
255 3725 296 3775 ut
307 3730 494 3773 concessam
503 3732 522 3773 a
531 3708 592 3775 diis
603 3708 747 3797 quietem
758 3710 861 3796 poerit
868 3727 1011 3777 evertere
1020 3736 1029 3779 ε
1038 3716 1150 3779 omniu

97 3830 193 3874 ·uunc
210 3812 245 3873 iu
264 3811 467 3875 contrarium
486 3832 577 3875 verm
597 3824 695 3893 sunt,
718 3825 753 3875 et
771 3811 892 3876 ultime
910 3816 1149 3901 propemodum

97 3907 342 3999 «desperationis
356 3911 495 3993 indicio,
511 3912 627 3999 ipsein
646 3910 799 3975 morbum
815 3911 958 3976 remedia
972 3930 1149 3980 vertetunt.

131 4011 217 4077 Xlll.
241 4010 356 4077 «Proh
379 4011 478 4079 deum
500 4012 741 4099 bominumque
762 4011 878 4079 fidem!
900 4012 975 4075 ideo
995 4014 1150 4080 nimirum

98 4106 212 4175 «datam
226 4111 325 4177 sociis
339 4112 500 4179 civitatem
515 4136 602 4196 esse,
618 4130 657 4179 ut
671 4136 747 4177 curn
765 4112 879 4179 iisdem
898 4110 1050 4202 deinceps
1067 4116 1152 4181 civili
