2875 4900
246 376 302 447 IN
332 376 445 445 LOC.
472 378 567 447 LIB.
594 380 760 449 LXXXI
789 384 1008 455 LIVIANI.
1118 389 1160 460 81

91 513 156 561 tum
180 495 384 583 respondere
412 496 571 563 nuntiatis
597 501 830 589 comperisset,
860 501 1032 591 diligenter
1056 508 1164 599 colligi

90 596 217 687 glandes
228 598 373 679 emissas,
383 597 512 663 etadse
520 600 760 683 referri,jussit.
768 602 866 667 Unde
876 627 981 692 quum
989 606 1164 694 aliquando

91 698 250 764 decretam
268 699 301 763 iu
320 715 448 765 certum
463 715 592 791 tempus
609 705 819 791 eruptionem
832 704 1015 789 didicisset,
1033 709 1166 777 insidias

89 801 252 889 erupturis
271 802 409 884 struxit;
427 803 605 891 multisque
621 804 816 887 interfectis,
832 806 901 871 aliis
917 807 952 871 in
969 831 1058 873 mare
1075 832 1166 877 com·

89 903 204 991 pubis,
227 925 386 993 magnum
407 904 548 969 obsessis
571 904 827 991 detrimentum,
842 925 884 985 ¹et
905 909 979 997 plus
997 911 1166 1000 aliquanto

89 1006 219 1069 terroris
235 1004 358 1069 intulit.

129 1107 207 1171 XII.
228 1108 402 1172 Crescebat
422 1109 547 1173 interea
567 1108 732 1175 indefesso
753 1112 865 1177 labore
883 1113 1036 1194 militum*
1048 1137 1165 1206 agger,

88 1230 188 1293 quum
201 1208 383 1275 Archelaus
394 1232 434 1275 ex
442 1210 572 1276 diverso
586 1228 692 1277 turres
705 1215 877 1302 opposuit,
890 1214 981 1279 unde
993 1218 1167 1308 cujusque·

86 1307 172 1373 modi
190 1309 325 1375 missilia
342 1312 405 1377 late
423 1328 677 1403 spargerentur:
694 1314 805 1379 accitis
821 1313 956 1399 deinde,
977 1340 1050 1405 quae
1064 1320 1164 1385 Chal·

86 1410 155 1475 cide
176 1425 211 1474 et
230 1433 289 1499 per
311 1413 450 1502 reliquas
472 1415 593 1479 insulas
616 1414 774 1504 agebant,
794 1416 913 1505 copiis,
936 1440 1043 1503 quum
1065 1420 1161 1485 etiarn

85 1512 224 1601 remiges
237 1530 409 1597 armasset,
427 1536 566 1581 numero
582 1514 716 1602 quidem
730 1516 870 1580 militum
884 1517 983 1605 longe
999 1522 1165 1608 superavit

84 1615 225 1695 Sullam,
244 1638 348 1703 quum
372 1616 469 1681 etiam
491 1640 510 1680 a
527 1618 690 1705 principio
710 1617 848 1697 majores
868 1618 1037 1707 aliquanto
1053 1622 1163 1711 copias

84 1714 271 1779 habuisset:
283 1714 407 1781 idcirco
419 1718 554 1781 minime
568 1733 657 1781 ratus
668 1706 909 1801 euocandum,
923 1721 1071 1808 proxima
1085 1740 1162 1811 post

84 1834 256 1907 accepturu
284 1820 550 1909 supplementum
580 1836 698 1902 nocte,
726 1819 865 1885 validam
892 1823 1100 1911 eruptionem
1126 1826 1162 1890 in

84 1942 182 2007 opera
202 1922 434 1986 Romanorum
448 1921 535 1985 fecit.
554 1922 647 1985 Circa
666 1921 795 1986 tertiam
810 1923 969 2011 vigiliam,
988 1946 1065 1989 cum
1086 1926 1164 1991 saci·

84 2022 143 2087 bus
160 2023 341 2113 improvisa
354 2023 450 2087 turha
462 2023 629 2105 exsiliens,
644 2024 778 2089 alteram
791 2022 1014 2107 testudinum,
1028 2042 1063 2089 et
1071 2029 1165 2115 quid·

83 2122 164 2211 qnid
180 2124 215 2187 in
234 2146 272 2189 ea
285 2123 518 2201 ¹machinarum
532 2125 655 2206 stabat,
674 2124 841 2191 incendit:
856 2150 966 2215 neque
982 2130 1092 2216 potuit
1103 2130 1163 2196 de·

82 2224 192 2308 lendi;
220 2225 279 2291 sed
311 2227 398 2291 intra
422 2230 610 2314 proximum
640 2226 838 2293 decennium
864 2229 954 2294 aliud
982 2230 1161 2297 excitatum

82 2326 200 2392 eodem
219 2327 293 2393 loco
310 2350 394 2417 opus
410 2328 508 2393 stetit.

123 2430 221 2496 XIII.
241 2430 346 2513 Sulla,
363 2430 499 2521 ignaviae
516 2455 654 2497 suorum
668 2432 786 2514 naurs,
803 2432 975 2498 cohortem
992 2451 1025 2498 ct
1042 2451 1157 2501 centu·

83 2535 208 2616 riones,
235 2555 379 2621 quorum
402 2534 575 2599 stationem
598 2534 702 2600 hostis
719 2551 929 2625 perruperat,
952 2536 1040 2602 illam
1062 2539 1160 2627 igno-

82 2636 190 2700 miniae
201 2657 300 2700 causa
314 2651 404 2700 extra
415 2637 536 2700 vallum
548 2636 698 2718 tendere,
711 2636 774 2701 hos
785 2638 926 2727 galeatos
936 2654 970 2702 et
983 2637 1161 2706 discinctos

81 2752 227 2825 perstare
240 2738 275 2800 in
291 2737 476 2826 principiis,
488 2738 594 2819 jussit.
612 2738 740 2804 Delude
752 2740 893 2830 ligneam
909 2730 1048 2821 turrim,
1059 2763 1159 2828 quam

82 2855 196 2903 contra
214 2859 313 2902 suum
330 2861 483 2929 aggerem
504 2840 680 2904 Archelaus
698 2856 860 2923 emerat,
879 2840 987 2905 modis
1003 2843 1160 2908 omnibus

81 2939 259 3005 incendere
281 2940 418 3006 studens
438 2941 635 3030 (plurimum
656 2942 745 3008 enim
763 2941 991 3035 impedimenti
1007 2941 1160 3007 obsesso·

81 3042 171 3108 ribus
189 3042 368 3131 afferebat)
383 3043 545 3108 submotis
563 3042 667 3109 valida
681 3043 895 3132 impressione
908 3045 1162 3136 propugnatori·

80 3143 160 3226 bus,
177 3146 266 3234 ligna
282 3146 506 3234 circumponi,
523 3147 610 3210 faces
629 3145 745 3226 subjici
759 3145 864 3225 jussit.
882 3145 1046 3208 Caeterum
1064 3165 1162 3211 cona·

82 3261 131 3310 tus
148 3247 212 3312 iste
228 3247 339 3312 irritus
356 3249 438 3330 fuit,
456 3271 524 3314 non
544 3249 751 3337 concipiente
767 3248 878 3337 gnam
896 3248 1047 3331 materia,
1067 3251 1160 3338 quod
1177 3314 1183 3326 ,

81 3371 151 3412 eam
167 3348 274 3413 multo
288 3349 433 3414 alumine
446 3350 624 3416 Archelaus
637 3349 813 3415 obleverat.
823 3351 913 3413 Dum
923 3349 993 3414 haec
1003 3369 1159 3441 aguntur,

80 3450 183 3516 missu
197 3451 400 3516 Mithridatis
411 3451 645 3518 Dmmichoetes
658 3473 736 3516 cum
749 3451 843 3516 novis
852 3451 1019 3516 Thracum
1032 3456 1159 3521 auxiliis

80 3552 187 3618 affuit.
818 3642 821 3646 Δ

123 3655 215 3719 XIV.
227 3656 404 3721 Archelaus
416 3656 536 3746 igitur,
552 3652 720 3746 pugnandi
732 3654 877 3718 facturus
891 3654 1039 3742 copiam,
1054 3657 1157 3722 aciem

80 3755 124 3819 ita
139 3757 299 3846 applicuit
309 3757 450 3847 oppido,
467 3772 506 3822 ut
520 3781 539 3821 a
553 3757 716 3822 moenibus
732 3778 867 3844 quoque
881 3754 977 3834 adjici
989 3754 1032 3820 ad
1041 3741 1160 3820 Roma·

81 3878 142 3920 nos
159 3859 222 3922 tela
240 3874 394 3946 possent3
412 3859 491 3923 ahos
508 3858 628 3924 deinde
644 3857 770 3924 lacibus
786 3874 928 3922 armatos
944 3857 1030 3920 intra
1044 3873 1157 3944 portas

82 3957 213 4050 signum
229 3959 424 4049 erumpendi
443 3977 628 4051 exspectare
642 3961 747 4042 jussit
757 3961 874 4025 Praelio
890 3959 1084 4040 commisso,
1103 3961 1157 4025 fu·

117 4136 132 4203 S
145 4140 206 4190 xu.
218 4141 442 4204 Froat.Strst.1V,
454 4157 476 4189 1.
488 4139 1158 4210 -sxauQuadrig.ap.a3011.xv,r.-sppar.

212 4238 253 4306 Χ.
970 4231 994 4303 6
