2875 4900
332 351 385 421 ru
416 353 528 421 noc.
554 354 650 423 nte.
677 356 767 425 c1x
798 357 1010 430 ultrast.
1132 362 1203 460 657

183 470 307 539 XXlX.
320 472 425 539 Simul
439 472 575 537 Curioni
592 472 683 539 dedit
701 476 745 541 ad
759 494 910 546 senatum
925 480 1049 564 literas,
1064 485 1204 572 quibus,

133 590 212 663 post
224 572 569 639 commemorationem
585 596 719 658 eorum,
736 600 808 666 qun
820 601 880 667 per
895 596 946 645 tot
957 605 1062 651 annos
1075 608 1137 673 pre
1149 610 1203 653 re·

132 676 268 765 publica
283 692 416 743 strenue
431 674 624 763 fortiterque
642 678 807 767 gessisset,
824 680 983 770 purgabat
997 682 1124 763 objecta
1139 687 1205 760 sibi

133 776 292 857 crimina;
308 791 457 864 paratum
474 774 652 841 ostendens
665 777 706 841 ab
717 780 860 845 eructu
873 779 1054 866 discedere,
1067 786 1095 849 si
1108 786 1204 853 Pom·

131 876 229 964 peius
251 874 340 941 idem
362 874 485 941 saciat:
507 876 557 939 sin
574 898 670 960 vero,
690 900 798 967 neque
816 902 852 945 se
874 883 1142 968 commissurum,
1164 906 1209 965 ut,
1306 916 1311 927 ·

134 978 271 1043 inermis
294 976 465 1057 objiciatur
486 976 695 1046 inimicorum
716 979 919 1062 crudelitati,
941 982 1000 1051 scd
1019 984 1201 1053 affuturum

133 1078 290 1168 impigre,
307 1100 374 1165 quo
395 1078 581 1166 reipublice
599 1101 759 1167 suamque
778 1079 930 1160 injuriam
953 1082 1114 1154 defendat.
1134 1089 1200 1158 ilas

133 1179 242 1245 literas
259 1203 288 1245 a.
305 1177 337 1245 d.
353 1178 414 1245 kat.
427 1181 494 1260 jan.
511 1202 579 1268 quo
597 1178 650 1245 die
668 1182 703 1245 C.
718 1179 873 1247 Claudius
882 1182 929 1247 M.
942 1184 978 1250 F.
993 1184 1039 1250 M
1051 1186 1093 1252 N.
1111 1188 1201 1256 Mar.

132 1280 254 1361 celius,
269 1280 305 1345 L.
318 1280 487 1349 Cornelius
503 1280 540 1347 P.
555 1282 591 1347 F.
607 1281 765 1348 Leontius
782 1282 943 1366 inierunt,
959 1286 1106 1353 cenna
1122 1311 1202 1355 con·

132 1381 262 1447 sulibus
276 1380 424 1463 tradidit,
441 1380 594 1450 triduano
612 1404 710 1449 crtrau
723 1381 766 1447 ad
780 1398 913 1461 ceumm
929 1387 1092 1475 sexaginta
1103 1390 1201 1458 millia

130 1504 289 1569 passuum
301 1504 463 1551 emensus.
472 1481 537 1549 Sed
554 1504 660 1570 neque
673 1498 766 1571 pacta
778 1504 855 1547 cum
871 1482 1076 1569 adversariis,
1094 1486 1200 1579 neque

131 1583 235 1647 literae
248 1582 427 1670 quidquam
440 1582 482 1647 ad
495 1582 704 1649 concordiam
719 1583 902 1650 valuerunt.

179 1684 286 1749 XXX.
302 1684 385 1749 Sane
401 1685 448 1749 Μ.
464 1684 596 1767 Cicero,
616 1686 690 1772 qui,
708 1706 821 1749 recens
837 1706 985 1751 reversus
1003 1691 1200 1775 eprovincis

131 1785 291 1873 triumphi
307 1784 439 1873 petendi
455 1808 562 1859 ,causa
577 1784 619 1851 ad
639 1785 762 1853 Urbem
780 1801 865 1870 erat,
881 1808 1077 1877 magnopere
1098 1814 1198 1859 cona·

131 1887 231 1953 batur
241 1887 293 1953 his
304 1887 394 1953 malis
404 1886 526 1953 mederi
535 1909 545 1967 3
557 1886 690 1973 jamque
704 1908 745 1951 eo
755 1885 953 1975 profecerat,
967 1901 1006 1952 ut
1020 1886 1197 1977 Pompeius

131 1984 335 2069 flecteretur,
349 2008 456 2074 neque
467 1986 599 2051 Cesaris
614 1988 709 2053 arnici
722 2002 924 2068 renuerent,
940 1989 1117 2075 quominus
1130 2013 1198 2060 una

131 2086 254 2173 hgione
276 2082 348 2153 duan
368 2088 498 2173 Illyrico
519 2091 685 2177 provincia
706 2102 869 2155 conantes
894 2087 1002 2155 Coesar
1026 2106 1111 2157 essct.
1132 2092 1197 2159 Sed
1297 2125 1301 2132 ·

133 2188 237 2253 mirus
262 2188 419 2253 invaserat
442 2190 535 2255 liuor
556 2190 730 2253 hourinum
751 2203 896 2271 mentes,
918 2204 958 2262 ut
980 2190 1089 2277 potius
1111 2192 1197 2257 cirili

133 2288 222 2353 bello
237 2289 345 2357 collidi
359 2305 516 2378 cuperent
530 2312 538 2357 :
553 2290 691 2356 Lentulo
705 2289 881 2379 presertim
897 2289 1108 2377 implacabili,
1121 2295 1195 2381 qui,

133 2390 221 2458 salva
236 2390 417 2480 republica,
431 2390 536 2456 salvus
549 2412 618 2458 esee
635 2412 702 2457 non
716 2405 861 2478 poteret,
874 2406 908 2456 et
921 2390 968 2456 M
982 2392 1122 2476 atoue,
1140 2415 1197 2460 ne·

133 2507 247 2579 ganto,
263 2493 425 2559 facturum
440 2491 520 2556 ullas
543 2491 584 2556 de
600 2492 766 2580 republica
784 2491 959 2580 pactiones.
981 2493 1071 2575 Quin
1088 2517 1196 2584 neque

132 2593 240 2658 literas
261 2593 390 2658 Castris
406 2593 440 2658 in
457 2607 572 2658 senatu
589 2593 723 2660 recitare
740 2593 889 2659 consules
908 2591 1074 2676 volebant3
1090 2616 1195 2682 quam

133 2715 232 2780 quam
243 2694 360 2776 Curio,
379 2717 420 2778 ne
437 2695 735 2781 supprimerentur,
751 2693 785 2761 in
799 2693 869 2781 ipsa
884 2692 972 2757 curia
985 2693 1193 2776 exhibuerat3

132 2793 240 2862 donec
262 2794 303 2876 Q.
320 2795 446 2860 Cassius
470 2794 655 2882 Longinus,
677 2793 723 2859 M.
741 2792 905 2860 Antonius
929 2792 1053 2856 tribuni
1071 2793 1199 2891 plebis„

132 2895 260 2963 recitari
274 2895 403 2982 publice
417 2895 593 2975 jusserunt.

178 2997 300 3062 XXXI.
320 2996 421 3062 Erant
438 2996 499 3062 illae
518 3011 629 3062 caetera
645 2993 779 3083 quidem
796 2993 958 3058 lenissime
973 2993 1117 3082 scriptam
1136 2995 1194 3061 sed

132 3113 298 3185 postrema
313 3099 411 3163 verba
428 3099 617 3180 effecerant,
634 3113 672 3162 ut
693 3095 833 3160 minaces
853 3110 887 3158 et
904 3095 1027 3161 acerbae
1043 3092 1194 3160 rideren-

132 3213 197 3262 tur.
216 3198 299 3262 Sane
316 3220 418 3285 quum
441 3199 667 3279 recitarentur,
690 3195 804 3260 bellum
819 3195 910 3259 haud
924 3195 1050 3260 obscure
1066 3195 1192 3262 dem
1228 3219 1231 3229 ·

131 3301 211 3362 trieri
224 3299 461 3366 conclamatum
476 3315 534 3364 est.
551 3297 772 3364 Seceuionem
785 3294 905 3360 deinde
920 3297 1025 3360 facere
1042 3295 1193 3362 consules

132 3415 318 3486 coeperunt,
339 3401 451 3481 veriti,
471 3421 513 3464 ne
535 3399 634 3482 sorte,
655 3399 779 3463 sivoce
801 3396 968 3463 sententie
988 3394 1192 3480 dicerentur,

132 3499 227 3564 multi
248 3500 459 3582 verecundia,
478 3501 587 3588 plures
609 3515 700 3566 metu
717 3498 864 3580 Caesaris,
883 3498 993 3562 mitius
1012 3514 1190 3564 censerent.

129 3601 181 3668 lbi
191 3623 294 3688 quum
303 3601 344 3668 de
353 3603 476 3666 Caesare
486 3604 675 3682 referretur,
685 3602 823 3689 perinane
829 3622 947 3688 ponere
955 3601 1117 3688 inponam
1128 3599 1193 3664 uel·

131 3702 224 3766 lent?
235 3704 270 3766 in
285 3725 357 3785 earn
371 3719 496 3792 partem
511 3725 625 3771 omnes
638 3701 874 3778 discesserunt:
888 3702 1080 3790 Pompeium
1093 3723 1191 3766 nemo

168 3933 295 3998 ssslx.
310 3935 384 3984 ILC.
395 3935 458 3996 7⁰³3
471 3935 502 3984 Α.
514 3935 543 3986 C·
556 3942 598 3998 49.
610 3962 645 3972 -
658 3935 722 3996 Dio,
733 3934 777 3983 lib.
791 3937 856 3984 XLI.
869 3961 903 3972 -
914 3936 1021 4000 Appian-
1032 3960 1066 3970 -
1077 3931 1094 3999 s
1106 3931 1191 3982 XXX.

133 4017 199 4066 Plus.
209 4017 236 4066 in
248 4019 311 4070 Ces.
326 4019 380 4070 Cic.
389 4029 415 4068 et
427 4019 525 4068 buton.
537 4045 573 4056 -
583 4019 635 4073 Cic.
649 4018 680 4068 sd
694 4019 778 4100 famil
787 4019 861 4072 xvl,
877 4033 916 4074 rr,
934 4032 973 4064 ra.
983 4014 1085 4066 -Vell
1099 4017 1137 4075 11,
1151 4023 1193 4078 tq.

131 4127 167 4138 -
176 4102 237 4152 ths.
248 4102 279 4152 de
289 4104 316 4152 li.
330 4104 385 4186 Cir.
395 4103 439 4152 lib.
449 4105 470 4152 1.
480 4131 515 4142 —
526 4102 584 4151 Dio.

229 4199 270 4266 X.
981 4195 1026 4275 ia
