<?xml version="1.0" encoding="UTF-8"?>
<!DOCTYPE html PUBLIC "-//W3C//DTD XHTML 1.0 Transitional//EN"
    "http://www.w3.org/TR/xhtml1/DTD/xhtml1-transitional.dtd">
<html xmlns="http://www.w3.org/1999/xhtml" xml:lang="en" lang="en">
 <head>
  <title>
</title>
<meta http-equiv="Content-Type" content="text/html;charset=utf-8" />
  <meta name='ocr-system' content='tesseract 3.04.00' />
  <meta name='ocr-capabilities' content='ocr_page ocr_carea ocr_par ocr_line ocrx_word'/>
</head>
<body>
  <div class='ocr_page' id='page_1' title='image "bibliothecaclas116lemagoog_0484.png"; bbox 0 0 2875 4900; ppageno 0'>
   <div class='ocr_carea' id='block_1_1' title="bbox 268 371 1328 588">
    <p class='ocr_par' dir='ltr' id='par_1_1' title="bbox 268 371 1328 588">
     <span class='ocr_line' id='line_1_1' title="bbox 269 371 1160 464; baseline 0 -21"><span class='ocrx_word' id='word_1_1' title='bbox 269 371 342 464; x_wconf 72' lang='grc'>171</span> <span class='ocrx_word' id='word_1_2' title='bbox 446 374 513 441; x_wconf 90' lang='lat' dir='ltr'><strong>JO.</strong></span> <span class='ocrx_word' id='word_1_3' title='bbox 541 374 885 446; x_wconf 87' lang='lat' dir='ltr'><strong>FREINSHEMII</strong></span> <span class='ocrx_word' id='word_1_4' title='bbox 916 376 1160 447; x_wconf 89' lang='lat' dir='ltr'><strong>SUPPLEM.</strong></span> 
     </span>
     <span class='ocr_line' id='line_1_2' title="bbox 268 492 1328 588; baseline -0.003 -24"><span class='ocrx_word' id='word_1_5' title='bbox 268 492 639 581; x_wconf 66' lang='lat' dir='ltr'>rumcbniproeimwn.</span> <span class='ocrx_word' id='word_1_6' title='bbox 653 496 812 561; x_wconf 73' lang='lat' dir='ltr'>Praeterea</span> <span class='ocrx_word' id='word_1_7' title='bbox 819 544 830 577; x_wconf 89' lang='lat'>,</span> <span class='ocrx_word' id='word_1_8' title='bbox 845 497 936 588; x_wconf 82' lang='lat' dir='ltr'>quod</span> <span class='ocrx_word' id='word_1_9' title='bbox 943 521 966 561; x_wconf 86' lang='lat' dir='ltr'>a</span> <span class='ocrx_word' id='word_1_10' title='bbox 975 521 1007 561; x_wconf 87' lang='lat' dir='ltr'>se</span> <span class='ocrx_word' id='word_1_11' title='bbox 1017 496 1328 586; x_wconf 73' lang='lat' dir='ltr'>romulutaplernque</span> 
     </span>
    </p>
   </div>
   <div class='ocr_carea' id='block_1_2' title="bbox 215 594 1337 3839">
    <p class='ocr_par' dir='ltr' id='par_1_2' title="bbox 260 594 1331 1200">
     <span class='ocr_line' id='line_1_3' title="bbox 269 594 1329 685; baseline 0.004 -28"><span class='ocrx_word' id='word_1_12' title='bbox 269 596 435 683; x_wconf 81' lang='lat' dir='ltr'>Pompeius</span> <span class='ocrx_word' id='word_1_13' title='bbox 455 594 725 685; x_wconf 70' lang='lat' dir='ltr'>letbesaetaverat,</span> <span class='ocrx_word' id='word_1_14' title='bbox 748 599 902 663; x_wconf 83' lang='lat' dir='ltr'>arbitrari</span> <span class='ocrx_word' id='word_1_15' title='bbox 910 599 1046 681; x_wconf 87' lang='lat' dir='ltr'>jubebat</span> <span class='ocrx_word' id='word_1_16' title='bbox 1060 612 1222 679; x_wconf 82' lang='lat' dir='ltr'>senatruu,</span> <span class='ocrx_word' id='word_1_17' title='bbox 1240 600 1329 661; x_wconf 83' lang='lat' dir='ltr'>utrius</span> 
     </span>
     <span class='ocr_line' id='line_1_4' title="bbox 260 697 1329 789; baseline 0.004 -31"><span class='ocrx_word' id='word_1_18' title='bbox 260 697 391 783; x_wconf 68' lang='lat' dir='ltr'>ponera</span> <span class='ocrx_word' id='word_1_19' title='bbox 404 719 466 759; x_wconf 85' lang='lat' dir='ltr'>esse</span> <span class='ocrx_word' id='word_1_20' title='bbox 479 698 603 762; x_wconf 81' lang='lat' dir='ltr'>decretu</span> <span class='ocrx_word' id='word_1_21' title='bbox 617 699 771 765; x_wconf 85' lang='lat' dir='ltr'>deberent.</span> <span class='ocrx_word' id='word_1_22' title='bbox 795 702 872 765; x_wconf 86' lang='lat' dir='ltr'>Haec</span> <span class='ocrx_word' id='word_1_23' title='bbox 888 724 992 789; x_wconf 90' lang='lat' dir='ltr'>quum</span> <span class='ocrx_word' id='word_1_24' title='bbox 1009 722 1068 789; x_wconf 90' lang='lat' dir='ltr'>per</span> <span class='ocrx_word' id='word_1_25' title='bbox 1087 722 1121 765; x_wconf 91' lang='lat' dir='ltr'>se</span> <span class='ocrx_word' id='word_1_26' title='bbox 1141 722 1207 764; x_wconf 92' lang='lat' dir='ltr'>non</span> <span class='ocrx_word' id='word_1_27' title='bbox 1228 698 1329 787; x_wconf 77' lang='lat' dir='ltr'>inique</span> 
     </span>
     <span class='ocr_line' id='line_1_5' title="bbox 268 796 1329 889; baseline 0.004 -29"><span class='ocrx_word' id='word_1_28' title='bbox 268 796 431 886; x_wconf 87' lang='lat' dir='ltr'>principes</span> <span class='ocrx_word' id='word_1_29' title='bbox 449 816 580 864; x_wconf 87' lang='lat' dir='ltr'>senatus</span> <span class='ocrx_word' id='word_1_30' title='bbox 596 801 641 865; x_wconf 89' lang='lat' dir='ltr'>M.</span> <span class='ocrx_word' id='word_1_31' title='bbox 658 803 808 885; x_wconf 83' lang='lat' dir='ltr'>Crassus,</span> <span class='ocrx_word' id='word_1_32' title='bbox 826 801 961 889; x_wconf 87' lang='lat' dir='ltr'>dunque</span> <span class='ocrx_word' id='word_1_33' title='bbox 981 802 1023 884; x_wconf 87' lang='lat' dir='ltr'>Q.</span> <span class='ocrx_word' id='word_1_34' title='bbox 1038 800 1180 882; x_wconf 82' lang='lat' dir='ltr'>Metelli,</span> <span class='ocrx_word' id='word_1_35' title='bbox 1196 800 1329 865; x_wconf 84' lang='lat' dir='ltr'>Creticus</span> 
     </span>
     <span class='ocr_line' id='line_1_6' title="bbox 267 901 1330 985; baseline 0.003 -23"><span class='ocrx_word' id='word_1_36' title='bbox 267 915 301 964; x_wconf 88' lang='lat' dir='ltr'>et</span> <span class='ocrx_word' id='word_1_37' title='bbox 315 901 447 982; x_wconf 89' lang='lat' dir='ltr'>consul,</span> <span class='ocrx_word' id='word_1_38' title='bbox 464 902 522 966; x_wconf 89' lang='lat' dir='ltr'>sed</span> <span class='ocrx_word' id='word_1_39' title='bbox 538 919 571 965; x_wconf 92' lang='lat' dir='ltr'>et</span> <span class='ocrx_word' id='word_1_40' title='bbox 584 903 630 968; x_wconf 88' lang='grc' dir='ltr'>Μ.</span> <span class='ocrx_word' id='word_1_41' title='bbox 646 905 726 968; x_wconf 90' lang='lat' dir='ltr'>Cato</span> <span class='ocrx_word' id='word_1_42' title='bbox 740 904 829 968; x_wconf 91' lang='lat' dir='ltr'>enise</span> <span class='ocrx_word' id='word_1_43' title='bbox 844 903 1074 985; x_wconf 83' lang='lat' dir='ltr'>defenderent,</span> <span class='ocrx_word' id='word_1_44' title='bbox 1089 902 1226 967; x_wconf 90' lang='lat' dir='ltr'>inferior</span> <span class='ocrx_word' id='word_1_45' title='bbox 1239 902 1271 965; x_wconf 90' lang='lat' dir='ltr'>in</span> <span class='ocrx_word' id='word_1_46' title='bbox 1284 924 1330 965; x_wconf 88' lang='lat' dir='ltr'>cu·</span> 
     </span>
     <span class='ocr_line' id='line_1_7' title="bbox 267 1005 1331 1099; baseline 0 -30"><span class='ocrx_word' id='word_1_47' title='bbox 267 1005 314 1070; x_wconf 88' lang='lat' dir='ltr'>ria</span> <span class='ocrx_word' id='word_1_48' title='bbox 335 1006 530 1096; x_wconf 88' lang='lat' dir='ltr'>Pompeius,</span> <span class='ocrx_word' id='word_1_49' title='bbox 552 1008 594 1073; x_wconf 90' lang='lat' dir='ltr'>ad</span> <span class='ocrx_word' id='word_1_50' title='bbox 616 1009 766 1074; x_wconf 88' lang='lat' dir='ltr'>tribunos</span> <span class='ocrx_word' id='word_1_51' title='bbox 788 1010 891 1099; x_wconf 92' lang='lat' dir='ltr'>plebis</span> <span class='ocrx_word' id='word_1_52' title='bbox 914 1008 1084 1099; x_wconf 76' lang='lat' dir='ltr'>confugit,</span> <span class='ocrx_word' id='word_1_53' title='bbox 1102 1024 1159 1091; x_wconf 92' lang='lat' dir='ltr'>ut,</span> <span class='ocrx_word' id='word_1_54' title='bbox 1175 1007 1265 1097; x_wconf 91' lang='lat' dir='ltr'>quod</span> <span class='ocrx_word' id='word_1_55' title='bbox 1281 1029 1331 1096; x_wconf 90' lang='lat' dir='ltr'>per</span> 
     </span>
     <span class='ocr_line' id='line_1_8' title="bbox 267 1109 1179 1200; baseline 0.005 -30"><span class='ocrx_word' id='word_1_56' title='bbox 267 1124 416 1171; x_wconf 87' lang='lat' dir='ltr'>senatum</span> <span class='ocrx_word' id='word_1_57' title='bbox 433 1109 639 1196; x_wconf 83' lang='lat' dir='ltr'>nequiverat,</span> <span class='ocrx_word' id='word_1_58' title='bbox 656 1112 771 1200; x_wconf 91' lang='lat' dir='ltr'>populi</span> <span class='ocrx_word' id='word_1_59' title='bbox 786 1111 897 1175; x_wconf 87' lang='lat' dir='ltr'>farore</span> <span class='ocrx_word' id='word_1_60' title='bbox 912 1126 1179 1197; x_wconf 82' lang='lat' dir='ltr'>consequeretur.</span> 
     </span>
    </p>

    <p class='ocr_par' dir='ltr' id='par_1_3' title="bbox 215 1208 1334 2316">
     <span class='ocr_line' id='line_1_9' title="bbox 311 1208 1330 1301; baseline 0.001 -29"><span class='ocrx_word' id='word_1_61' title='bbox 311 1208 409 1273; x_wconf 87' lang='lat' dir='ltr'><strong>LVII.</strong></span> <span class='ocrx_word' id='word_1_62' title='bbox 433 1208 559 1274; x_wconf 88' lang='lat' dir='ltr'>Idcirco</span> <span class='ocrx_word' id='word_1_63' title='bbox 576 1234 644 1299; x_wconf 91' lang='lat' dir='ltr'>quc</span> <span class='ocrx_word' id='word_1_64' title='bbox 661 1210 767 1277; x_wconf 87' lang='lat' dir='ltr'>infirni</span> <span class='ocrx_word' id='word_1_65' title='bbox 785 1213 876 1301; x_wconf 80' lang='lat' dir='ltr'>vulgi</span> <span class='ocrx_word' id='word_1_66' title='bbox 891 1212 1093 1301; x_wconf 83' lang='lat' dir='ltr'>promptiora</span> <span class='ocrx_word' id='word_1_67' title='bbox 1113 1227 1146 1275; x_wconf 87' lang='lat' dir='ltr'>et</span> <span class='ocrx_word' id='word_1_68' title='bbox 1162 1211 1255 1299; x_wconf 87' lang='lat' dir='ltr'>plura</span> <span class='ocrx_word' id='word_1_69' title='bbox 1271 1208 1330 1274; x_wconf 86' lang='lat' dir='ltr'>sul·</span> 
     </span>
     <span class='ocr_line' id='line_1_10' title="bbox 268 1311 1332 1402; baseline -0.001 -28"><span class='ocrx_word' id='word_1_70' title='bbox 268 1311 368 1400; x_wconf 88' lang='lat' dir='ltr'>fragia</span> <span class='ocrx_word' id='word_1_71' title='bbox 383 1329 625 1399; x_wconf 74' lang='lat' dir='ltr'>quaererentur,</span> <span class='ocrx_word' id='word_1_72' title='bbox 642 1315 678 1380; x_wconf 91' lang='lat' dir='ltr'>L.</span> <span class='ocrx_word' id='word_1_73' title='bbox 694 1315 824 1379; x_wconf 84' lang='lat' dir='ltr'>Flavius</span> <span class='ocrx_word' id='word_1_74' title='bbox 841 1315 994 1379; x_wconf 90' lang='lat' dir='ltr'>tribunus</span> <span class='ocrx_word' id='word_1_75' title='bbox 1010 1314 1113 1402; x_wconf 91' lang='lat' dir='ltr'>plebis</span> <span class='ocrx_word' id='word_1_76' title='bbox 1127 1312 1332 1402; x_wconf 84' lang='lat' dir='ltr'>promulgarit</span> 
     </span>
     <span class='ocr_line' id='line_1_11' title="bbox 215 1413 1330 1505; baseline 0.002 -31"><span class='ocrx_word' id='word_1_77' title='bbox 215 1483 219 1493; x_wconf 29' lang='lat'><em>¹</em></span> <span class='ocrx_word' id='word_1_78' title='bbox 267 1413 487 1502; x_wconf 79' lang='lat' dir='ltr'>rogationem,</span> <span class='ocrx_word' id='word_1_79' title='bbox 510 1416 561 1479; x_wconf 80' lang='lat' dir='ltr'>uti</span> <span class='ocrx_word' id='word_1_80' title='bbox 564 1419 765 1505; x_wconf 81' lang='lat' dir='ltr'>pompeianis</span> <span class='ocrx_word' id='word_1_81' title='bbox 780 1414 929 1481; x_wconf 83' lang='lat' dir='ltr'>militibus</span> <span class='ocrx_word' id='word_1_82' title='bbox 946 1430 1045 1481; x_wconf 87' lang='lat' dir='ltr'>certus</span> <span class='ocrx_word' id='word_1_83' title='bbox 1061 1418 1139 1503; x_wconf 83' lang='lat' dir='ltr'>agri</span> <span class='ocrx_word' id='word_1_84' title='bbox 1151 1414 1262 1479; x_wconf 85' lang='lat' dir='ltr'>modus</span> <span class='ocrx_word' id='word_1_85' title='bbox 1278 1413 1330 1476; x_wconf 81' lang='lat' dir='ltr'>da·</span> 
     </span>
     <span class='ocr_line' id='line_1_12' title="bbox 267 1514 1332 1607; baseline 0.001 -31"><span class='ocrx_word' id='word_1_86' title='bbox 267 1526 373 1593; x_wconf 85' lang='lat' dir='ltr'>retur;</span> <span class='ocrx_word' id='word_1_87' title='bbox 389 1528 500 1603; x_wconf 84' lang='lat' dir='ltr'>utque,</span> <span class='ocrx_word' id='word_1_88' title='bbox 518 1518 630 1604; x_wconf 83' lang='lat' dir='ltr'>quibus</span> <span class='ocrx_word' id='word_1_89' title='bbox 641 1519 775 1582; x_wconf 71' lang='lat' dir='ltr'>cirtam</span> <span class='ocrx_word' id='word_1_90' title='bbox 784 1566 794 1598; x_wconf 92' lang='lat'>,</span> <span class='ocrx_word' id='word_1_91' title='bbox 810 1518 918 1582; x_wconf 83' lang='lat' dir='ltr'>iisdem</span> <span class='ocrx_word' id='word_1_92' title='bbox 934 1515 1190 1607; x_wconf 82' lang='lat' dir='ltr'>etsusfiagiijtts</span> <span class='ocrx_word' id='word_1_93' title='bbox 1203 1514 1332 1581; x_wconf 70' lang='lat' dir='ltr'>comibus</span> 
     </span>
     <span class='ocr_line' id='line_1_13' title="bbox 267 1614 1331 1706; baseline 0.004 -31"><span class='ocrx_word' id='word_1_94' title='bbox 267 1626 351 1677; x_wconf 88' lang='lat' dir='ltr'>esset.</span> <span class='ocrx_word' id='word_1_95' title='bbox 376 1614 423 1678; x_wconf 89' lang='lat' dir='ltr'>Ea</span> <span class='ocrx_word' id='word_1_96' title='bbox 444 1630 513 1679; x_wconf 88' lang='lat' dir='ltr'>tcta</span> <span class='ocrx_word' id='word_1_97' title='bbox 534 1618 617 1682; x_wconf 88' lang='lat' dir='ltr'>ratic</span> <span class='ocrx_word' id='word_1_98' title='bbox 640 1619 768 1683; x_wconf 87' lang='lat' dir='ltr'>senatui</span> <span class='ocrx_word' id='word_1_99' title='bbox 790 1618 990 1706; x_wconf 85' lang='lat' dir='ltr'>displicebat.</span> <span class='ocrx_word' id='word_1_100' title='bbox 1016 1619 1149 1701; x_wconf 87' lang='lat' dir='ltr'>Cicero,</span> <span class='ocrx_word' id='word_1_101' title='bbox 1166 1632 1206 1682; x_wconf 89' lang='lat' dir='ltr'>ut</span> <span class='ocrx_word' id='word_1_102' title='bbox 1221 1616 1331 1706; x_wconf 92' lang='lat' dir='ltr'>populo</span> 
     </span>
     <span class='ocr_line' id='line_1_14' title="bbox 268 1714 1332 1807; baseline 0.002 -30"><span class='ocrx_word' id='word_1_103' title='bbox 268 1714 385 1798; x_wconf 90' lang='lat' dir='ltr'>simul,</span> <span class='ocrx_word' id='word_1_104' title='bbox 405 1718 644 1807; x_wconf 87' lang='lat' dir='ltr'>Pompeioque,</span> <span class='ocrx_word' id='word_1_105' title='bbox 661 1736 693 1785; x_wconf 89' lang='lat' dir='ltr'>ct</span> <span class='ocrx_word' id='word_1_106' title='bbox 708 1720 951 1807; x_wconf 84' lang='lat' dir='ltr'>possessoribus</span> <span class='ocrx_word' id='word_1_107' title='bbox 967 1719 1183 1803; x_wconf 83' lang='lat' dir='ltr'>satisfaceret,</span> <span class='ocrx_word' id='word_1_108' title='bbox 1203 1714 1332 1783; x_wconf 85' lang='lat' dir='ltr'>secunda</span> 
     </span>
     <span class='ocr_line' id='line_1_15' title="bbox 268 1818 1331 1913; baseline 0.002 -33"><span class='ocrx_word' id='word_1_109' title='bbox 268 1818 436 1882; x_wconf 91' lang='lat' dir='ltr'>concionis</span> <span class='ocrx_word' id='word_1_110' title='bbox 454 1821 622 1885; x_wconf 82' lang='lat' dir='ltr'>voluntate</span> <span class='ocrx_word' id='word_1_111' title='bbox 638 1823 772 1887; x_wconf 91' lang='lat' dir='ltr'>tollebat</span> <span class='ocrx_word' id='word_1_112' title='bbox 787 1844 826 1887; x_wconf 86' lang='lat' dir='ltr'>ex</span> <span class='ocrx_word' id='word_1_113' title='bbox 844 1823 933 1913; x_wconf 89' lang='lat' dir='ltr'>Iege,</span> <span class='ocrx_word' id='word_1_114' title='bbox 951 1844 1025 1911; x_wconf 80' lang='lat' dir='ltr'>quas</span> <span class='ocrx_word' id='word_1_115' title='bbox 1042 1822 1084 1887; x_wconf 93' lang='lat' dir='ltr'>ad</span> <span class='ocrx_word' id='word_1_116' title='bbox 1095 1818 1331 1885; x_wconf 89' lang='lat' dir='ltr'>incommodum</span> 
     </span>
     <span class='ocr_line' id='line_1_16' title="bbox 268 1920 1334 2014; baseline 0.003 -31"><span class='ocrx_word' id='word_1_117' title='bbox 268 1920 475 2007; x_wconf 87' lang='lat' dir='ltr'>pertinebant</span> <span class='ocrx_word' id='word_1_118' title='bbox 499 1923 722 2011; x_wconf 72' lang='lat' dir='ltr'>privatorum,</span> <span class='ocrx_word' id='word_1_119' title='bbox 746 1947 786 1987; x_wconf 85' lang='lat' dir='ltr'>rte</span> <span class='ocrx_word' id='word_1_120' title='bbox 807 1925 890 2014; x_wconf 85' lang='lat' dir='ltr'>quid</span> <span class='ocrx_word' id='word_1_121' title='bbox 912 1938 1087 1989; x_wconf 85' lang='lat' dir='ltr'>mutaretur</span> <span class='ocrx_word' id='word_1_122' title='bbox 1105 1922 1145 1986; x_wconf 86' lang='lat' dir='ltr'>de</span> <span class='ocrx_word' id='word_1_123' title='bbox 1166 1944 1267 2011; x_wconf 83' lang='lat' dir='ltr'>agro,</span> <span class='ocrx_word' id='word_1_124' title='bbox 1288 1920 1334 2009; x_wconf 75' lang='lat' dir='ltr'>qus&#39;</span> 
     </span>
     <span class='ocr_line' id='line_1_17' title="bbox 269 2020 1332 2115; baseline -0.002 -28"><span class='ocrx_word' id='word_1_125' title='bbox 269 2022 307 2086; x_wconf 83' lang='lat' dir='ltr'><strong>P.</strong></span> <span class='ocrx_word' id='word_1_126' title='bbox 334 2022 463 2104; x_wconf 83' lang='lat' dir='ltr'>Mucio,</span> <span class='ocrx_word' id='word_1_127' title='bbox 490 2026 528 2089; x_wconf 88' lang='lat' dir='ltr'>L.</span> <span class='ocrx_word' id='word_1_128' title='bbox 559 2023 732 2114; x_wconf 81' lang='lat' dir='ltr'>Calpurnio</span> <span class='ocrx_word' id='word_1_129' title='bbox 756 2024 935 2090; x_wconf 80' lang='lat' dir='ltr'>coruulr&#39;bus</span> <span class='ocrx_word' id='word_1_130' title='bbox 954 2024 1100 2115; x_wconf 84' lang='lat' dir='ltr'>publicus</span> <span class='ocrx_word' id='word_1_131' title='bbox 1110 2020 1251 2111; x_wconf 69' lang='lat' dir='ltr'>ficisset,</span> <span class='ocrx_word' id='word_1_132' title='bbox 1276 2039 1332 2108; x_wconf 91' lang='lat' dir='ltr'>quo</span> 
     </span>
     <span class='ocr_line' id='line_1_18' title="bbox 270 2124 1334 2217; baseline -0.003 -29"><span class='ocrx_word' id='word_1_133' title='bbox 270 2146 359 2188; x_wconf 82' lang='lat' dir='ltr'>nnnc</span> <span class='ocrx_word' id='word_1_134' title='bbox 379 2126 429 2190; x_wconf 87' lang='lat' dir='ltr'>Ti.</span> <span class='ocrx_word' id='word_1_135' title='bbox 450 2126 617 2191; x_wconf 87' lang='lat' dir='ltr'>Gracchus</span> <span class='ocrx_word' id='word_1_136' title='bbox 637 2128 785 2217; x_wconf 72' lang='lat' dir='ltr'>Agr-arias</span> <span class='ocrx_word' id='word_1_137' title='bbox 805 2128 892 2217; x_wconf 90' lang='lat' dir='ltr'>leges</span> <span class='ocrx_word' id='word_1_138' title='bbox 908 2128 1041 2207; x_wconf 72' lang='lat' dir='ltr'>tulerat,</span> <span class='ocrx_word' id='word_1_139' title='bbox 1059 2150 1133 2191; x_wconf 84' lang='lat' dir='ltr'>neve</span> <span class='ocrx_word' id='word_1_140' title='bbox 1148 2124 1334 2189; x_wconf 70' lang='lat' dir='ltr'>sutanum</span> 
     </span>
     <span class='ocr_line' id='line_1_19' title="bbox 269 2226 863 2316; baseline 0.007 -27"><span class='ocrx_word' id='word_1_141' title='bbox 269 2226 432 2292; x_wconf 77' lang='lat' dir='ltr'>lominum</span> <span class='ocrx_word' id='word_1_142' title='bbox 438 2232 644 2316; x_wconf 65' lang='lat' dir='ltr'>possessores</span> <span class='ocrx_word' id='word_1_143' title='bbox 657 2241 863 2294; x_wconf 73' lang='lat' dir='ltr'>moveremur.</span> 
     </span>
    </p>

    <p class='ocr_par' dir='ltr' id='par_1_4' title="bbox 270 2328 1336 3441">
     <span class='ocr_line' id='line_1_20' title="bbox 314 2328 1333 2415; baseline -0.003 -23"><span class='ocrx_word' id='word_1_144' title='bbox 314 2328 430 2393; x_wconf 86' lang='lat' dir='ltr'><strong>LVIII.</strong></span> <span class='ocrx_word' id='word_1_145' title='bbox 455 2330 683 2395; x_wconf 87' lang='lat' dir='ltr'>Volaterranos</span> <span class='ocrx_word' id='word_1_146' title='bbox 700 2332 797 2395; x_wconf 86' lang='lat' dir='ltr'>etiarn</span> <span class='ocrx_word' id='word_1_147' title='bbox 814 2347 847 2395; x_wconf 90' lang='lat' dir='ltr'>et</span> <span class='ocrx_word' id='word_1_148' title='bbox 864 2329 1052 2408; x_wconf 85' lang='lat' dir='ltr'>Arretinos,</span> <span class='ocrx_word' id='word_1_149' title='bbox 1072 2348 1216 2415; x_wconf 81' lang='lat' dir='ltr'>quorum</span> <span class='ocrx_word' id='word_1_150' title='bbox 1233 2342 1333 2414; x_wconf 83' lang='lat' dir='ltr'>agrum</span> 
     </span>
     <span class='ocr_line' id='line_1_21' title="bbox 272 2425 1333 2522; baseline -0.006 -29"><span class='ocrx_word' id='word_1_151' title='bbox 272 2430 453 2518; x_wconf 89' lang='lat' dir='ltr'>publicarat</span> <span class='ocrx_word' id='word_1_152' title='bbox 476 2432 585 2515; x_wconf 87' lang='lat' dir='ltr'>Sulla,</span> <span class='ocrx_word' id='word_1_153' title='bbox 608 2434 717 2522; x_wconf 73' lang='lat' dir='ltr'>neque¹</span> <span class='ocrx_word' id='word_1_154' title='bbox 744 2431 914 2514; x_wconf 86' lang='lat' dir='ltr'>diviserat,</span> <span class='ocrx_word' id='word_1_155' title='bbox 938 2428 1154 2508; x_wconf 89' lang='lat' dir='ltr'>defendebat;</span> <span class='ocrx_word' id='word_1_156' title='bbox 1179 2426 1215 2492; x_wconf 95' lang='lat' dir='ltr'>id</span> <span class='ocrx_word' id='word_1_157' title='bbox 1241 2425 1333 2491; x_wconf 81' lang='lat' dir='ltr'>solun</span> 
     </span>
     <span class='ocr_line' id='line_1_22' title="bbox 270 2530 1335 2625; baseline -0.007 -30"><span class='ocrx_word' id='word_1_158' title='bbox 270 2532 471 2616; x_wconf 85' lang='lat' dir='ltr'>concedens,</span> <span class='ocrx_word' id='word_1_159' title='bbox 490 2551 529 2598; x_wconf 91' lang='lat' dir='ltr'>ut</span> <span class='ocrx_word' id='word_1_160' title='bbox 542 2559 581 2599; x_wconf 83' lang='lat' dir='ltr'>ex</span> <span class='ocrx_word' id='word_1_161' title='bbox 595 2558 632 2600; x_wconf 90' lang='lat' dir='ltr'>ea</span> <span class='ocrx_word' id='word_1_162' title='bbox 644 2535 801 2625; x_wconf 88' lang='lat' dir='ltr'>pecunia,</span> <span class='ocrx_word' id='word_1_163' title='bbox 818 2557 891 2623; x_wconf 80' lang='lat' dir='ltr'>qum</span> <span class='ocrx_word' id='word_1_164' title='bbox 905 2557 944 2598; x_wconf 86' lang='lat' dir='ltr'>ex</span> <span class='ocrx_word' id='word_1_165' title='bbox 959 2532 1053 2598; x_wconf 83' lang='lat' dir='ltr'>novis</span> <span class='ocrx_word' id='word_1_166' title='bbox 1066 2530 1276 2620; x_wconf 86' lang='lat' dir='ltr'>vectigalibus</span> <span class='ocrx_word' id='word_1_167' title='bbox 1286 2545 1335 2614; x_wconf 86' lang='lat' dir='ltr'>per</span> 
     </span>
     <span class='ocr_line' id='line_1_23' title="bbox 272 2622 1334 2727; baseline -0.002 -32"><span class='ocrx_word' id='word_1_168' title='bbox 272 2633 538 2722; x_wconf 87' lang='lat' dir='ltr'>quinquennium</span> <span class='ocrx_word' id='word_1_169' title='bbox 553 2629 773 2727; x_wconf 80' lang='lat' dir='ltr'>redigeretur,</span> <span class='ocrx_word' id='word_1_170' title='bbox 787 2658 939 2727; x_wconf 89' lang='lat' dir='ltr'>agrorum</span> <span class='ocrx_word' id='word_1_171' title='bbox 952 2633 1134 2722; x_wconf 85' lang='lat' dir='ltr'>emptiones</span> <span class='ocrx_word' id='word_1_172' title='bbox 1147 2631 1272 2697; x_wconf 89' lang='lat' dir='ltr'>fierent.</span> <span class='ocrx_word' id='word_1_173' title='bbox 1282 2622 1334 2692; x_wconf 83' lang='lat' dir='ltr'>Sed</span> 
     </span>
     <span class='ocr_line' id='line_1_24' title="bbox 274 2733 1334 2826; baseline -0.008 -29"><span class='ocrx_word' id='word_1_174' title='bbox 274 2733 343 2798; x_wconf 81' lang='lat' dir='ltr'>hoec</span> <span class='ocrx_word' id='word_1_175' title='bbox 365 2737 551 2819; x_wconf 90' lang='lat' dir='ltr'>contentio,</span> <span class='ocrx_word' id='word_1_176' title='bbox 572 2761 678 2826; x_wconf 89' lang='lat' dir='ltr'>quum</span> <span class='ocrx_word' id='word_1_177' title='bbox 699 2739 838 2802; x_wconf 84' lang='lat' dir='ltr'>maxime</span> <span class='ocrx_word' id='word_1_178' title='bbox 857 2737 1014 2816; x_wconf 80' lang='lat' dir='ltr'>ferveret,</span> <span class='ocrx_word' id='word_1_179' title='bbox 1033 2734 1137 2824; x_wconf 80' lang='lat' dir='ltr'>gallici</span> <span class='ocrx_word' id='word_1_180' title='bbox 1160 2733 1235 2797; x_wconf 90' lang='lat' dir='ltr'>belli</span> <span class='ocrx_word' id='word_1_181' title='bbox 1257 2743 1334 2794; x_wconf 89' lang='lat' dir='ltr'>metu</span> 
     </span>
     <span class='ocr_line' id='line_1_25' title="bbox 270 2835 1335 2927; baseline -0.006 -27"><span class='ocrx_word' id='word_1_182' title='bbox 270 2838 437 2927; x_wconf 89' lang='lat' dir='ltr'>paulisper</span> <span class='ocrx_word' id='word_1_183' title='bbox 460 2841 594 2905; x_wconf 86' lang='lat' dir='ltr'>remissa</span> <span class='ocrx_word' id='word_1_184' title='bbox 612 2841 698 2905; x_wconf 84' lang='lat' dir='ltr'>fuit:</span> <span class='ocrx_word' id='word_1_185' title='bbox 721 2862 797 2904; x_wconf 88' lang='lat' dir='ltr'>nam</span> <span class='ocrx_word' id='word_1_186' title='bbox 820 2837 959 2903; x_wconf 85' lang='lat' dir='ltr'>Helvetii</span> <span class='ocrx_word' id='word_1_187' title='bbox 976 2836 1011 2898; x_wconf 91' lang='lat' dir='ltr'>in</span> <span class='ocrx_word' id='word_1_188' title='bbox 1029 2835 1126 2898; x_wconf 88' lang='lat' dir='ltr'>armis</span> <span class='ocrx_word' id='word_1_189' title='bbox 1143 2852 1232 2914; x_wconf 88' lang='lat' dir='ltr'>esse,</span> <span class='ocrx_word' id='word_1_190' title='bbox 1250 2847 1335 2916; x_wconf 80' lang='lat' dir='ltr'>atque</span> 
     </span>
     <span class='ocr_line' id='line_1_26' title="bbox 273 2933 1335 3031; baseline -0.009 -27"><span class='ocrx_word' id='word_1_191' title='bbox 273 2942 481 3006; x_wconf 80' lang='lat' dir='ltr'>excursiones</span> <span class='ocrx_word' id='word_1_192' title='bbox 499 2943 535 3006; x_wconf 93' lang='lat' dir='ltr'>in</span> <span class='ocrx_word' id='word_1_193' title='bbox 550 2942 750 3031; x_wconf 89' lang='lat' dir='ltr'>provinciam</span> <span class='ocrx_word' id='word_1_194' title='bbox 765 2941 871 3004; x_wconf 86' lang='lat' dir='ltr'>facere</span> <span class='ocrx_word' id='word_1_195' title='bbox 886 2936 1133 3004; x_wconf 86' lang='lat' dir='ltr'>nuntiabantur.</span> <span class='ocrx_word' id='word_1_196' title='bbox 1156 2933 1281 2997; x_wconf 90' lang='lat' dir='ltr'>Idcirco</span> <span class='ocrx_word' id='word_1_197' title='bbox 1292 2949 1335 2992; x_wconf 89' lang='lat' dir='ltr'>sc·</span> 
     </span>
     <span class='ocr_line' id='line_1_27' title="bbox 274 3031 1335 3127; baseline -0.013 -19"><span class='ocrx_word' id='word_1_198' title='bbox 274 3060 371 3109; x_wconf 90' lang='lat' dir='ltr'>natus</span> <span class='ocrx_word' id='word_1_199' title='bbox 388 3044 548 3127; x_wconf 86' lang='lat' dir='ltr'>decrevit,</span> <span class='ocrx_word' id='word_1_200' title='bbox 564 3059 599 3109; x_wconf 85' lang='lat' dir='ltr'>ut</span> <span class='ocrx_word' id='word_1_201' title='bbox 611 3043 755 3108; x_wconf 76' lang='lat' dir='ltr'>cumules</span> <span class='ocrx_word' id='word_1_202' title='bbox 767 3043 848 3107; x_wconf 82' lang='lat' dir='ltr'>duas</span> <span class='ocrx_word' id='word_1_203' title='bbox 865 3038 990 3106; x_wconf 78' lang='lat' dir='ltr'>Gallius</span> <span class='ocrx_word' id='word_1_204' title='bbox 1000 3039 1201 3117; x_wconf 73' lang='lat' dir='ltr'>sortirentur-5</span> <span class='ocrx_word' id='word_1_205' title='bbox 1215 3031 1335 3100; x_wconf 72' lang='lat' dir='ltr'>delectus</span> 
     </span>
     <span class='ocr_line' id='line_1_28' title="bbox 273 3137 1336 3229; baseline -0.012 -19"><span class='ocrx_word' id='word_1_206' title='bbox 273 3145 463 3228; x_wconf 57' lang='lat' dir='ltr'>labentum</span> <span class='ocrx_word' id='word_1_207' title='bbox 486 3148 674 3212; x_wconf 67' lang='lat' dir='ltr'>vucadones</span> <span class='ocrx_word' id='word_1_208' title='bbox 701 3169 740 3210; x_wconf 83' lang='lat' dir='ltr'>rte</span> <span class='ocrx_word' id='word_1_209' title='bbox 763 3143 935 3224; x_wconf 61' lang='lat' dir='ltr'>valerem</span> <span class='ocrx_word' id='word_1_210' title='bbox 955 3141 1053 3229; x_wconf 80' lang='lat' dir='ltr'>legati</span> <span class='ocrx_word' id='word_1_211' title='bbox 1071 3163 1143 3204; x_wconf 88' lang='lat' dir='ltr'>cum</span> <span class='ocrx_word' id='word_1_212' title='bbox 1163 3137 1336 3204; x_wconf 77' lang='lat' dir='ltr'>auctoritate</span> 
     </span>
     <span class='ocr_line' id='line_1_29' title="bbox 273 3243 1334 3336; baseline 0.002 -28"><span class='ocrx_word' id='word_1_213' title='bbox 273 3248 487 3328; x_wconf 81' lang='lat' dir='ltr'>mitterentur,</span> <span class='ocrx_word' id='word_1_214' title='bbox 502 3251 560 3336; x_wconf 88' lang='lat' dir='ltr'>qui</span> <span class='ocrx_word' id='word_1_215' title='bbox 573 3248 699 3312; x_wconf 76' lang='lat' dir='ltr'>adirent</span> <span class='ocrx_word' id='word_1_216' title='bbox 716 3245 836 3312; x_wconf 65' lang='lat' dir='ltr'>Gallice</span> <span class='ocrx_word' id='word_1_217' title='bbox 849 3247 987 3311; x_wconf 69' lang='lat' dir='ltr'>ciuitates</span> <span class='ocrx_word' id='word_1_218' title='bbox 994 3293 1005 3326; x_wconf 92' lang='lat'>,</span> <span class='ocrx_word' id='word_1_219' title='bbox 1017 3243 1197 3330; x_wconf 78' lang='lat' dir='ltr'>darentque</span> <span class='ocrx_word' id='word_1_220' title='bbox 1207 3255 1334 3329; x_wconf 66' lang='lat' dir='ltr'>operam,</span> 
     </span>
     <span class='ocr_line' id='line_1_30' title="bbox 274 3349 789 3441; baseline 0.006 -32"><span class='ocrx_word' id='word_1_221' title='bbox 274 3369 314 3410; x_wconf 83' lang='lat' dir='ltr'>rte</span> <span class='ocrx_word' id='word_1_222' title='bbox 326 3370 358 3410; x_wconf 86' lang='lat' dir='ltr'>se</span> <span class='ocrx_word' id='word_1_223' title='bbox 369 3371 441 3413; x_wconf 82' lang='lat' dir='ltr'>cum</span> <span class='ocrx_word' id='word_1_224' title='bbox 456 3349 600 3415; x_wconf 71' lang='lat' dir='ltr'>Helvetiis</span> <span class='ocrx_word' id='word_1_225' title='bbox 603 3350 789 3441; x_wconf 82' lang='lat' dir='ltr'>jungerent.</span> 
     </span>
    </p>

    <p class='ocr_par' dir='ltr' id='par_1_5' title="bbox 273 3438 1337 3839">
     <span class='ocr_line' id='line_1_31' title="bbox 319 3438 1337 3539; baseline -0.011 -28"><span class='ocrx_word' id='word_1_226' title='bbox 319 3448 404 3514; x_wconf 85' lang='lat' dir='ltr'><strong>LIX.</strong></span> <span class='ocrx_word' id='word_1_227' title='bbox 429 3451 544 3533; x_wconf 90' lang='lat' dir='ltr'>Quum</span> <span class='ocrx_word' id='word_1_228' title='bbox 563 3453 598 3516; x_wconf 91' lang='lat' dir='ltr'>in</span> <span class='ocrx_word' id='word_1_229' title='bbox 619 3453 789 3516; x_wconf 89' lang='lat' dir='ltr'>sortitione</span> <span class='ocrx_word' id='word_1_230' title='bbox 806 3452 1008 3539; x_wconf 88' lang='lat' dir='ltr'>legatorum,</span> <span class='ocrx_word' id='word_1_231' title='bbox 1025 3445 1129 3534; x_wconf 88' lang='lat' dir='ltr'>prima</span> <span class='ocrx_word' id='word_1_232' title='bbox 1145 3443 1188 3508; x_wconf 90' lang='lat' dir='ltr'>de</span> <span class='ocrx_word' id='word_1_233' title='bbox 1202 3438 1337 3506; x_wconf 88' lang='lat' dir='ltr'>consula·</span> 
     </span>
     <span class='ocr_line' id='line_1_32' title="bbox 274 3549 1336 3637; baseline -0.004 -25"><span class='ocrx_word' id='word_1_234' title='bbox 274 3549 366 3613; x_wconf 86' lang='lat' dir='ltr'>ribus</span> <span class='ocrx_word' id='word_1_235' title='bbox 385 3573 455 3616; x_wconf 91' lang='lat' dir='ltr'>sors</span> <span class='ocrx_word' id='word_1_236' title='bbox 475 3553 662 3636; x_wconf 89' lang='lat' dir='ltr'>Ciceronis,</span> <span class='ocrx_word' id='word_1_237' title='bbox 679 3552 799 3617; x_wconf 90' lang='lat' dir='ltr'>deinde</span> <span class='ocrx_word' id='word_1_238' title='bbox 816 3550 965 3637; x_wconf 91' lang='lat' dir='ltr'>Pompeii</span> <span class='ocrx_word' id='word_1_239' title='bbox 981 3549 1117 3628; x_wconf 80' lang='lat' dir='ltr'>exisset3</span> <span class='ocrx_word' id='word_1_240' title='bbox 1136 3559 1265 3610; x_wconf 88' lang='lat' dir='ltr'>senatus</span> <span class='ocrx_word' id='word_1_241' title='bbox 1281 3557 1336 3602; x_wconf 70' lang='grc'>11111</span> 
     </span>
     <span class='ocr_line' id='line_1_33' title="bbox 273 3635 1337 3739; baseline -0.008 -23"><span class='ocrx_word' id='word_1_242' title='bbox 273 3675 376 3735; x_wconf 82' lang='lat' dir='ltr'>voce,</span> <span class='ocrx_word' id='word_1_243' title='bbox 392 3655 566 3718; x_wconf 82' lang='lat' dir='ltr'>retinendos</span> <span class='ocrx_word' id='word_1_244' title='bbox 581 3655 683 3719; x_wconf 83' lang='grc' dir='ltr'>11οεί11</span> <span class='ocrx_word' id='word_1_245' title='bbox 700 3655 801 3735; x_wconf 84' lang='lat' dir='ltr'>Urbe,</span> <span class='ocrx_word' id='word_1_246' title='bbox 818 3653 967 3717; x_wconf 90' lang='lat' dir='ltr'>censuit:</span> <span class='ocrx_word' id='word_1_247' title='bbox 982 3649 1079 3739; x_wconf 89' lang='lat' dir='ltr'>legati</span> <span class='ocrx_word' id='word_1_248' title='bbox 1094 3663 1172 3712; x_wconf 91' lang='lat' dir='ltr'>sunt</span> <span class='ocrx_word' id='word_1_249' title='bbox 1184 3646 1226 3728; x_wconf 90' lang='lat' dir='ltr'>Q.</span> <span class='ocrx_word' id='word_1_250' title='bbox 1241 3635 1337 3708; x_wconf 84' lang='lat' dir='ltr'>Metel·</span> 
     </span>
     <span class='ocr_line' id='line_1_34' title="bbox 274 3743 1336 3839; baseline -0.013 -20"><span class='ocrx_word' id='word_1_251' title='bbox 274 3755 325 3820; x_wconf 89' lang='lat' dir='ltr'>lus</span> <span class='ocrx_word' id='word_1_252' title='bbox 342 3756 505 3839; x_wconf 91' lang='lat' dir='ltr'>Creticus,</span> <span class='ocrx_word' id='word_1_253' title='bbox 522 3756 558 3821; x_wconf 97' lang='lat' dir='ltr'>L.</span> <span class='ocrx_word' id='word_1_254' title='bbox 573 3757 726 3838; x_wconf 86' lang='lat' dir='ltr'>Flaccus,</span> <span class='ocrx_word' id='word_1_255' title='bbox 741 3771 773 3818; x_wconf 91' lang='lat' dir='ltr'>et</span> <span class='ocrx_word' id='word_1_256' title='bbox 787 3754 946 3820; x_wconf 87' lang='lat' dir='ltr'>Lentulus</span> <span class='ocrx_word' id='word_1_257' title='bbox 960 3749 1108 3816; x_wconf 89' lang='lat' dir='ltr'>Clodiani</span> <span class='ocrx_word' id='word_1_258' title='bbox 1127 3747 1223 3812; x_wconf 88' lang='lat' dir='ltr'>filius.</span> <span class='ocrx_word' id='word_1_259' title='bbox 1236 3743 1336 3808; x_wconf 74' lang='lat' dir='ltr'>Pacu</span> 
     </span>
    </p>
   </div>
   <div class='ocr_carea' id='block_1_3' title="bbox 275 3966 1336 4222">
    <p class='ocr_par' dir='ltr' id='par_1_6' title="bbox 275 3966 1336 4222">
     <span class='ocr_line' id='line_1_35' title="bbox 310 3966 1336 4054; baseline -0.017 -17"><span class='ocrx_word' id='word_1_260' title='bbox 310 3987 328 4052; x_wconf 70' lang='lat'>8</span> <span class='ocrx_word' id='word_1_261' title='bbox 345 3990 411 4038; x_wconf 80' lang='lat' dir='ltr'>tvt.</span> <span class='ocrx_word' id='word_1_262' title='bbox 423 3991 489 4039; x_wconf 83' lang='lat' dir='ltr'>Plnt.</span> <span class='ocrx_word' id='word_1_263' title='bbox 503 3989 531 4038; x_wconf 84' lang='lat' dir='ltr'>in</span> <span class='ocrx_word' id='word_1_264' title='bbox 541 3991 630 4054; x_wconf 82' lang='lat' dir='ltr'>Pomp.</span> <span class='ocrx_word' id='word_1_265' title='bbox 640 4003 695 4054; x_wconf 82' lang='lat' dir='ltr'>ctp.</span> <span class='ocrx_word' id='word_1_266' title='bbox 710 3988 753 4048; x_wconf 78' lang='lat'>75,</span> <span class='ocrx_word' id='word_1_267' title='bbox 763 3998 788 4035; x_wconf 87' lang='lat' dir='ltr'>et</span> <span class='ocrx_word' id='word_1_268' title='bbox 799 3987 854 4036; x_wconf 82' lang='lat' dir='ltr'>Cat.</span> <span class='ocrx_word' id='word_1_269' title='bbox 863 4001 921 4051; x_wconf 79' lang='lat' dir='ltr'>cap.</span> <span class='ocrx_word' id='word_1_270' title='bbox 934 3993 977 4043; x_wconf 69' lang='lat' dir='ltr'>tt.</span> <span class='ocrx_word' id='word_1_271' title='bbox 991 4010 1026 4020; x_wconf 98' lang='lat'><em>-</em></span> <span class='ocrx_word' id='word_1_272' title='bbox 1037 3982 1096 4033; x_wconf 84' lang='lat' dir='ltr'>DIc.</span> <span class='ocrx_word' id='word_1_273' title='bbox 1110 4008 1145 4018; x_wconf 96' lang='lat'>-</span> <span class='ocrx_word' id='word_1_274' title='bbox 1157 3977 1263 4044; x_wconf 75' lang='lat' dir='ltr'>Appisn.</span> <span class='ocrx_word' id='word_1_275' title='bbox 1274 3966 1336 4021; x_wconf 76' lang='lat' dir='ltr'>Civil-</span> 
     </span>
     <span class='ocr_line' id='line_1_36' title="bbox 275 4053 1336 4136; baseline -0.018 -10"><span class='ocrx_word' id='word_1_276' title='bbox 275 4070 320 4118; x_wconf 73' lang='lat' dir='ltr'>lib·</span> <span class='ocrx_word' id='word_1_277' title='bbox 332 4073 366 4118; x_wconf 73' lang='grc' dir='ltr'>Π·</span> <span class='ocrx_word' id='word_1_278' title='bbox 384 4099 413 4110; x_wconf 88' lang='lat'>·-</span> <span class='ocrx_word' id='word_1_279' title='bbox 426 4075 480 4123; x_wconf 88' lang='lat' dir='ltr'>Cic.</span> <span class='ocrx_word' id='word_1_280' title='bbox 492 4072 525 4120; x_wconf 83' lang='lat' dir='ltr'>ad</span> <span class='ocrx_word' id='word_1_281' title='bbox 538 4073 615 4121; x_wconf 80' lang='lat' dir='ltr'>Attin.</span> <span class='ocrx_word' id='word_1_282' title='bbox 626 4076 654 4132; x_wconf 86' lang='lat'>1,</span> <span class='ocrx_word' id='word_1_283' title='bbox 670 4072 702 4120; x_wconf 80' lang='lat'>15</span> <span class='ocrx_word' id='word_1_284' title='bbox 716 4081 742 4120; x_wconf 86' lang='lat' dir='ltr'>et</span> <span class='ocrx_word' id='word_1_285' title='bbox 755 4071 796 4120; x_wconf 73' lang='lat' dir='ltr'>xc.</span> <span class='ocrx_word' id='word_1_286' title='bbox 811 4097 848 4108; x_wconf 94' lang='lat'>-</span> <span class='ocrx_word' id='word_1_287' title='bbox 865 4069 882 4136; x_wconf 76' lang='lat' dir='ltr'>s</span> <span class='ocrx_word' id='word_1_288' title='bbox 896 4071 974 4118; x_wconf 82' lang='lat' dir='ltr'><strong>LVII.</strong></span> <span class='ocrx_word' id='word_1_289' title='bbox 987 4067 1045 4117; x_wconf 81' lang='lat' dir='ltr'>cto.</span> <span class='ocrx_word' id='word_1_290' title='bbox 1064 4093 1100 4105; x_wconf 89' lang='lat'><em>-</em></span> <span class='ocrx_word' id='word_1_291' title='bbox 1122 4065 1176 4116; x_wconf 88' lang='lat' dir='ltr'>Cic.</span> <span class='ocrx_word' id='word_1_292' title='bbox 1189 4063 1221 4111; x_wconf 87' lang='lat' dir='ltr'>ad</span> <span class='ocrx_word' id='word_1_293' title='bbox 1231 4057 1301 4110; x_wconf 79' lang='lat' dir='ltr'>Artic.</span> <span class='ocrx_word' id='word_1_294' title='bbox 1314 4053 1336 4108; x_wconf 70' lang='grc'>11</span> 
     </span>
     <span class='ocr_line' id='line_1_37' title="bbox 280 4147 1320 4222; baseline -0.008 -21"><span class='ocrx_word' id='word_1_295' title='bbox 280 4154 311 4201; x_wconf 71' lang='grc'>10</span> <span class='ocrx_word' id='word_1_296' title='bbox 321 4165 346 4203; x_wconf 85' lang='lat' dir='ltr'>et</span> <span class='ocrx_word' id='word_1_297' title='bbox 358 4171 398 4218; x_wconf 75' lang='lat'>¹9·</span> <span class='ocrx_word' id='word_1_298' title='bbox 412 4183 448 4194; x_wconf 90' lang='lat'>—</span> <span class='ocrx_word' id='word_1_299' title='bbox 460 4155 477 4222; x_wconf 74' lang='lat' dir='ltr'><strong><em>s</em></strong></span> <span class='ocrx_word' id='word_1_300' title='bbox 487 4157 579 4206; x_wconf 81' lang='lat' dir='ltr'>cvm.</span> <span class='ocrx_word' id='word_1_301' title='bbox 589 4158 651 4210; x_wconf 67' lang='lat' dir='ltr'>Cu.</span> <span class='ocrx_word' id='word_1_302' title='bbox 664 4157 695 4205; x_wconf 86' lang='lat' dir='ltr'>de</span> <span class='ocrx_word' id='word_1_303' title='bbox 709 4158 738 4205; x_wconf 88' lang='lat' dir='ltr'><strong>B.</strong></span> <span class='ocrx_word' id='word_1_304' title='bbox 748 4154 813 4208; x_wconf 81' lang='lat' dir='ltr'>Gall.</span> <span class='ocrx_word' id='word_1_305' title='bbox 826 4157 853 4218; x_wconf 88' lang='lat'>1,</span> <span class='ocrx_word' id='word_1_306' title='bbox 863 4155 887 4206; x_wconf 81' lang='lat'><strong>5.</strong></span> <span class='ocrx_word' id='word_1_307' title='bbox 900 4154 1001 4204; x_wconf 86' lang='lat' dir='ltr'>-Dio.</span> <span class='ocrx_word' id='word_1_308' title='bbox 1010 4179 1045 4197; x_wconf 81' lang='lat'><em>-</em></span> <span class='ocrx_word' id='word_1_309' title='bbox 1054 4151 1108 4202; x_wconf 89' lang='lat' dir='ltr'>Cic.</span> <span class='ocrx_word' id='word_1_310' title='bbox 1119 4151 1152 4202; x_wconf 79' lang='lat' dir='ltr'>sd</span> <span class='ocrx_word' id='word_1_311' title='bbox 1165 4149 1241 4200; x_wconf 78' lang='lat' dir='ltr'>Attio.</span> <span class='ocrx_word' id='word_1_312' title='bbox 1251 4147 1275 4204; x_wconf 87' lang='lat'>1,</span> <span class='ocrx_word' id='word_1_313' title='bbox 1287 4153 1320 4202; x_wconf 83' lang='grc'>19-</span> 
     </span>
    </p>
   </div>
   <div class='ocr_carea' id='block_1_4' title="bbox 0 0 1452 4900">
    <p class='ocr_par' dir='ltr' id='par_1_7' title="bbox 0 0 1452 4900">
     <span class='ocr_line' id='line_1_38' title="bbox 0 0 1452 4900; baseline 0 0"><span class='ocrx_word' id='word_1_314' title='bbox 0 0 1452 4900; x_wconf 95' lang='lat' dir='ltr'> </span> 
     </span>
    </p>
   </div>
  </div>
 </body>
</html>
