2875 4900
305 340 356 408 IN
387 338 502 406 LOC.
528 340 624 407 LIB.
651 340 701 406 Cl
732 340 945 407 LIVIANl.
1085 340 1156 422 403

110 460 241 523 consules
253 459 288 524 P.
297 458 477 523 Autronius
487 458 615 539 Portus,
632 458 667 521 P.
678 458 867 537 Cornelius,
882 458 994 521 Servio
1003 458 1091 522 Sulla
1109 460 1157 524 di·

110 560 224 624 ctatoris
234 561 330 624 fratre
341 560 490 650 genitus,
505 560 574 649 lege
584 559 759 647 Calpurnia
769 558 1029 647 postulareutur3
1041 558 1158 646 hisque

110 660 267 744 damnatis,
279 665 315 727 L.
326 663 451 742 Cottas,
467 662 503 724 L.
515 662 702 747 Torquato,
719 660 907 724 consulatus
922 657 1156 742 destinaretur,

110 782 173 825 uam
190 765 282 829 Cotta
294 764 509 843 Autronium,
526 763 712 850 Torquatus
730 761 852 825 Sullam
867 783 941 824 reos
957 778 1156 853 peregerant.

145 866 303 931 xx11.11i
325 866 442 955 igitur,
462 864 590 927 sociatis
609 886 684 928 cum
703 861 842 927 Catilina
860 862 1017 944 consiliis,
1035 886 1157 950 paucos

109 981 244 1049 praterea
260 967 431 1059 participes
451 964 684 1029 adhibuerunt.
705 964 755 1027 De
774 964 834 1027 Cu.
850 962 986 1043 Pisone,
1004 962 1107 1026 nobili
1125 980 1157 1028 et

108 1064 207 1131 audaci
224 1068 343 1148 juvene
352 1116 361 1149 ,
380 1090 447 1131 uon
465 1066 651 1146 dubitatur,
675 1087 818 1152 quocum
838 1064 964 1127 circiter
979 1086 1082 1129 nonas
1099 1064 1156 1129 de·

108 1168 237 1233 cembres
262 1194 333 1234 rem
356 1168 493 1234 Catilina
513 1181 546 1231 et
569 1168 751 1231 Autronius
775 1158 1071 1230 communicarunt.
1094 1165 1158 1231 Sed

108 1268 144 1331 Μ.
160 1272 286 1335 Crassus
304 1270 497 1349 consularis,
513 1284 545 1333 et
561 1268 747 1357 designatus
763 1266 863 1331 aedilis
878 1269 914 1331 G.
927 1268 1047 1348 Caesar,
1065 1289 1158 1331 reue·

106 1370 221 1433 mutin
240 1372 458 1461 suspicionem
475 1394 484 1451 ;
504 1370 631 1451 multis,
649 1386 804 1457 tunquam
820 1392 890 1432 rem
905 1368 993 1433 haud
1008 1368 1157 1459 dubiam,

107 1488 165 1529 nou
174 1484 299 1535 tantum
311 1458 535 1553 credentibus,
549 1468 605 1534 sed
619 1471 713 1533 etiam
726 1486 933 1557 posterorum
944 1468 1158 1557 prodentibus

107 1571 266 1637 nemoriae.
291 1573 319 1636 1i
340 1575 511 1637 conuenisse
534 1550 667 1651 dionis,
688 1586 725 1635 ut
738 1572 895 1658 priucioro
914 1574 996 1633 anui
1015 1586 1159 1635 senatum

105 1668 312 1754 adon'reutur;
335 1689 365 1737 et
388 1673 570 1754 trucidatis,
594 1695 673 1762 quos
688 1671 847 1761 phoitum
868 1684 960 1753 esset,
981 1674 1158 1738 consulibus

104 1784 169 1833 aute
181 1795 300 1855 omues,
314 1774 506 1839 dictaturam
523 1773 651 1839 Crassus
664 1774 840 1855 invaderet,
861 1774 969 1839 Caesor
979 1776 1021 1838 ab
1037 1798 1073 1838 eo
1085 1798 1155 1839 mu-

102 1870 187 1951 gz'sur
204 1877 341 1963 equitum
363 1876 539 1953 discretum
564 1877 794 1963 constitutoque
817 1874 865 1938 ad
880 1876 1042 1941 arbitrium
1065 1900 1155 1965 repu-

103 1968 193 2052 blica,
210 1976 311 2041 Sulloe
329 1992 360 2041 et
371 1979 528 2041 Autronio
542 1976 723 2040 consulatus
738 1979 957 2041 restitueretur.

140 2074 259 2143 XXlll.
276 2078 341 2142 Sed
354 2078 514 2141 emanavit
526 2077 683 2141 indicium
697 2079 760 2157 rei,
773 2094 988 2165 senatumque
999 2078 1157 2166 perpulit,

104 2188 133 2235 ut
147 2180 336 2243 consulibus
353 2179 575 2269 magistratum
592 2178 722 2242 inituris
734 2178 918 2265 praesidium
936 2177 1156 2244 decernerent.

101 2274 224 2342 Factum
236 2282 335 2344 etiam
347 2296 461 2345 contra
474 2280 659 2359 conjuratos
672 2280 988 2343 senatusconsultum
1002 2297 1086 2363 erat;
1099 2280 1156 2345 sed

101 2376 144 2456 ti,
164 2394 321 2469 tanquam
345 2402 381 2444 re
407 2379 555 2443 nondum
579 2380 654 2443 satis
676 2380 825 2468 cognita,
848 2380 998 2445 tribunus
1025 2382 1156 2470 quidam

100 2478 192 2562 plebis
219 2483 413 2546 intercessit.
439 2480 590 2546 Kalendis
615 2481 793 2561 januariis,
820 2504 923 2568 quum
948 2482 984 2546 L.
1004 2485 1156 2548 Aurelius

101 2575 138 2642 ll.
149 2581 183 2645 F.
196 2584 310 2665 Cotta,
327 2585 363 2647 L.
381 2583 520 2646 Manlius
536 2583 571 2646 L.
589 2582 625 2648 F.
636 2581 824 2669 Torquatus
837 2582 871 2644 in
889 2583 1082 2670 Capitolium
1099 2585 1155 2648 ad·

100 2681 311 2767 scendisseut,
339 2706 406 2772 quo
431 2682 483 2746 die
507 2684 646 2770 locoque
670 2684 827 2771 patraturi
851 2682 971 2746 (sedem
996 2685 1154 2763 conjurati

99 2781 232 2867 fuerant,
246 2801 461 2874 conspectum
474 2783 660 2872 proesidium
673 2783 841 2848 audaciam
849 2786 970 2852 emovit
982 2787 1155 2867 mentibus,

100 2881 291 2976 Crassusque
303 2887 506 2976 poeuitentia,
519 2909 560 2950 an
572 2901 673 2966 metu,
685 2886 861 2964 incertum,
876 2885 1023 2950 destituit
1034 2889 1156 2969 socios,

99 3005 193 3073 eoque
209 3013 252 3054 ne
274 2991 380 3054 Caesar
399 2988 532 3076 quidem
552 2990 699 3078 signum,
719 2985 810 3074 quod
831 2986 871 3048 ab
889 3009 928 3048 eo
945 2985 1013 3049 dari
1036 3010 1155 3051 conve·

99 3105 196 3172 uerat,
212 3089 315 3155 dedit.

134 3190 252 3256 XXIV.
277 3192 461 3258 Convenisse
480 3207 587 3255 autem
612 3192 648 3254 C.
664 3190 763 3252 Curio
786 3188 933 3276 poterin
955 3189 1156 3252 orationibus

97 3289 245 3380 scriptum
260 3293 411 3379 reliquit,
426 3307 462 3356 ut
471 3306 575 3380 togam
586 3292 628 3354 'de
641 3289 770 3354 lzumero
782 3290 935 3379 dejiceret.
947 3290 1072 3355 ldcirco
1085 3315 1157 3355 rur·

97 3409 144 3452 sus
159 3393 191 3456 in
205 3415 313 3458 nonas
330 3392 507 3456 februarias
522 3391 693 3456 consilium
711 3391 806 3456 caedis
822 3392 1076 3474 transtulerunt,
1091 3395 1157 3474 jam

98 3509 155 3554 non
172 3495 367 3560 consulibus
379 3493 496 3575 modo,
510 3493 568 3556 sed
583 3493 744 3582 plerisque
759 3493 980 3572 senatoribus,
997 3496 1094 3559 exitio
1107 3496 1159 3560 de·

97 3593 223 3661 stinatis.
241 3598 349 3660 Erant
367 3611 476 3661 autem
491 3596 586 3658 nouis
604 3617 641 3658 ex
660 3617 750 3656 morc
766 3593 875 3657 Patres
893 3595 925 3658 iu
943 3612 1056 3660 senatu
1074 3599 1157 3661 atiu-

126 3817 140 3880 S
156 3823 228 3870 111.
251 3821 353 3870 Sallust.
367 3821 466 3870 Catilio.
481 3835 534 3884 cap.
549 3819 588 3866 ιθ.
604 3845 638 3854 -
652 3821 744 3867 Aaron.
763 3846 797 3856 -
815 3821 872 3868 oto.
886 3849 921 3858 —
935 3821 952 3886 S
965 3824 1048 3870 xxti.
1062 3823 1115 3871 Cic.
1129 3825 1159 3872 de

96 3899 143 3948 liu.
157 3904 194 3962 11,
213 3905 341 3968 193idem
362 3919 410 3968 pro
428 3903 530 3953 Cornel.
549 3929 584 3938 -
602 3904 703 3950 sueton.
725 3904 752 3949 in
767 3904 828 3951 Caes.
848 3921 903 3969 rap.
919 3919 943 3966 9.
962 3932 997 3940 —
1015 3905 1111 3952 soluit.
1125 3935 1160 3942 -

96 3979 213 4044 sum.
231 3989 265 4036 U.
281 3989 311 4035 C.
327 3989 393 4048 6873
408 3989 438 4036 A.
448 3989 476 4036 C.
489 3987 532 4038 65.
550 4015 579 4022 -
594 3985 649 4034 nio.
663 4013 696 4022 -
710 3987 809 4036 Sallust.
829 4015 862 4024 --
880 3993 981 4036 Sueton.
997 4015 1030 4026 ν
1047 3989 1098 4036 Cic.
1113 4007 1161 4054 pru

97 4065 164 4116 salla.

927 4156 989 4224 26.
1071 4147 1077 4156 ⁴
