2875 4900
265 368 318 437 tu
348 368 462 437 noc.
493 368 586 435 ers.
613 366 745 435 cvm
776 338 991 438 nrvm'ur.
1091 368 1164 469 639

139 488 278 557 XXVII.
294 492 412 571 Surus,
428 488 558 555 virtutis
576 504 611 553 et
630 488 757 577 generis
774 488 861 553 lama
876 490 1015 573 nobilis,
1036 494 1094 581 qui
1109 517 1166 559 ³0·-
1195 544 1199 549 ,

92 594 145 659 lus
167 591 355 659 AEduorum
372 614 461 655 eruta
485 591 685 671 retinuerat,
706 590 740 655 in
759 592 900 655 Treviris
915 615 935 655 a
953 593 1098 661 Labieno
1112 618 1165 661 ca·

93 710 171 783 ptus
192 710 241 759 est
258 692 403 781 equestri
419 692 546 781 prelio,
562 712 629 779 quo
645 706 678 757 et
694 693 820 757 Treviri
834 710 868 758 et
880 694 1038 760 Germani
1050 699 1164 763 Trevi-

92 818 209 861 rorum
219 795 300 861 socii
312 794 455 882 superati
467 808 556 859 sunt.
565 795 647 859 Tota
659 793 761 859 Gallia
770 810 892 882 pacata,
901 819 1003 884 quum
1014 800 1164 865 nondum

92 896 304 984 Aquitaniam
322 895 441 961 adisset
457 896 583 976 Caesar,
603 892 661 959 sed
681 916 742 983 per
759 894 796 959 P.
819 896 971 961 Crassum
992 901 1165 965 nonnullae
1280 897 1292 911 ‘

93 998 241 1063 civitates
261 998 459 1085 subegisset,
479 1019 519 1061 eo
537 996 704 1085 proiectus
719 1010 789 1078 est,
808 998 1029 1088 omnibusque
1043 1000 1166 1091 legatos

93 1113 128 1162 et
140 1097 271 1163 obsides
285 1097 501 1178 mittentibus,
517 1096 690 1185 Aquitania
703 1096 855 1163 universa
867 1098 902 1161 in
915 1098 1011 1165 Iidem
1024 1120 1166 1190 accepta,

93 1200 286 1265 Narbonem
304 1197 415 1279 rediit,
433 1212 663 1285 conventuque
681 1196 728 1259 ibi
743 1196 876 1280 habito,
895 1199 930 1263 iu
946 1202 1057 1291 Belgas
1069 1203 1166 1285 abiit,

93 1318 135 1365 ut
147 1301 401 1375 Nemetocenna
417 1299 612 1363 hibernaret.

141 1402 295 1466 XXVIII.
311 1401 364 1465 lbi
385 1401 536 1465 lubenter
557 1399 729 1489 cognovit,
747 1422 790 1464 ne
812 1400 894 1488 quid
914 1401 1036 1469 deinde
1054 1406 1167 1471 trrrba.

94 1524 170 1565 rum
183 1501 219 1565 in
230 1500 331 1567 Gallia
345 1514 521 1581 metueret,
542 1500 638 1565 etiam
651 1500 804 1565 Ceruium
821 1504 1008 1569 Atrebatem
1019 1507 1054 1569 in
1070 1506 1167 1573 fidem
1224 1516 1228 1525 '

93 1603 233 1669 venisse.
252 1604 283 1667 la
298 1602 385 1667 enim
398 1618 473 1690 post
489 1602 588 1667 facus
605 1602 669 1667 sibi
683 1602 833 1685 insidias,
854 1602 896 1668 ad
908 1605 1067 1671 ultionem
1082 1632 1169 1675 sem·

97 1726 159 1792 per
180 1704 349 1785 intentus,
372 1704 542 1769 occasione
566 1703 697 1769 tandem
722 1720 866 1792 reperta,
890 1728 980 1770 arma
1004 1728 1168 1795 preerat,

98 1806 185 1869 Nam
198 1808 234 1869 C.
249 1806 436 1871 Volusenus
451 1804 636 1889 Quadratus
650 1804 799 1891 equitum
813 1804 983 1898 prefectus
997 1807 1039 1871 ad
1051 1809 1086 1872 id
1099 1814 1169 1875 ool-

98 1907 267 1995 loquium,
285 1930 344 1995 prr
369 1906 462 1985 cujrrs
479 1906 722 1971 simulationem
745 1906 851 1970 Comii
867 1928 957 1970 mors
979 1909 1168 1998 petebatur,

99 2008 219 2073 missus
239 2030 258 2070 a
279 2008 423 2073 Labieno
443 2009 558 2071 suerat.
578 2008 682 2097 Igitur
698 2030 803 2095 quum
817 2008 896 2073 hinc
910 2032 1066 2099 magnum
1082 2014 1169 2078 inter

99 2132 157 2175 eos
172 2108 286 2173 odium
304 2107 536 2190 intercederet,
548 2110 751 2190 Volusenus,
769 2109 875 2173 Comii
887 2132 971 2198 saepe
983 2112 1170 2201 interceptis

98 2210 283 2297 equitibus,
302 2227 468 2299 postremo
493 2208 640 2298 capiendi
661 2209 762 2297 ipsius
781 2209 975 2299 cupiditate,
994 2234 1071 2275 eum
1093 2234 1168 2277 mam

99 2310 213 2399 paucis
225 2309 506 2377 vehementissime
521 2325 571 2375 est
581 2310 786 2397 insequutus.

146 2414 270 2479 XXIX.
288 2412 338 2478 lbi
361 2411 512 2493 Comius,
535 2412 632 2501 longe
653 2433 672 2474 a
695 2411 762 2476 suis
778 2410 951 2500 abreptum
968 2411 1099 2495 videus,
1116 2438 1169 2486 re·

100 2531 200 2604 pente
219 2515 377 2580 comitum
397 2515 525 2578 invocat
546 2513 661 2593 fidem,
681 2535 905 2601 conversoque
924 2537 1011 2602 equo
1030 2515 1169 2584 Voluse·
1191 2505 1200 2526 ⁰

101 2639 184 2680 num
205 2616 303 2705 petit;
322 2614 428 2680 ceteri
447 2630 579 2678 strenue
594 2630 779 2701 sequuntur
797 2613 915 2678 ducem
933 2637 941 2678 τ
957 2617 1117 2701 Romani,
1133 2645 1169 2684 re

101 2718 275 2806 improvisa
293 2716 414 2796 territi,
433 2732 521 2804 terga
536 2731 677 2780 vertunt.
694 2716 829 2780 Comius
845 2717 1003 2798 Quadrati
1023 2720 1169 2784 medium

101 2819 210 2882 lemur
235 2820 342 2882 lancea
368 2818 484 2898 trajicit
509 2841 516 2882 :
545 2817 686 2906 praefecti
707 2818 827 2882 vulnus
852 2819 1017 2882 Romanoa
1043 2821 1171 2908 pudore

100 2919 195 2988 sistit.
216 2919 266 2983 Ab
290 2919 341 2982 his
357 2918 467 2982 denuo
487 2933 662 2984 vertuntur
675 2919 709 2981 in
724 2918 835 3006 fugam
848 2919 940 2984 Galli.
960 2921 1029 2984 Hac
1043 2945 1079 2984 re
1094 2945 1171 3010 per·

100 3037 243 3110 petrata,
266 3020 414 3094 eonius,
433 3019 500 3084 sire
519 3017 610 3108 quod
629 3020 750 3082 multos
767 3041 905 3084 suorum
918 3021 1091 3102 amiserat,
1104 3025 1171 3088 sire

102 3123 210 3187 dolori
233 3145 294 3188 suo
315 3121 513 3186 satisfactum
542 3119 691 3200 rebatur,
716 3119 837 3207 legatos
859 3117 900 3182 ad
919 3118 965 3184 M.
988 3122 1170 3186 Antonium

102 3223 211 3304 misit,
226 3224 380 3310 imperata
393 3221 556 3286 facturum
568 3220 731 3310 pollicitus
741 3267 750 3301 ,
762 3219 843 3282 dum
857 3241 899 3282 ue
911 3221 1049 3284 Romani
1061 3225 1171 3304 cujus-

102 3347 204 3411 quam
217 3323 251 3386 in
266 3338 477 3410 conspectum
491 3322 625 3386 veniret.
640 3321 822 3400 Antonius,
834 3319 875 3384 ab
887 3323 977 3401 justo
993 3339 1084 3388 metu
1099 3350 1174 3415 pro·

101 3423 202 3488 licisci
227 3423 388 3512 postulata
408 3423 513 3486 Comii
533 3437 644 3503 ratus,
671 3421 840 3486 obsidibus
861 3424 1020 3510 acceptis,
1042 3430 1171 3493 veniam

101 3541 249 3588 actorum
262 3523 431 3604 omnibus,
448 3522 594 3609 quicum
609 3545 649 3586 eo
660 3524 808 3601 fuerant,
822 3538 857 3587 et
868 3523 947 3610 ipsi,
961 3547 1059 3612 quam
1071 3532 1173 3616 petie·

102 3642 174 3706 rat,
188 3623 312 3688 vitandi
324 3626 489 3688 Romanos
503 3625 688 3688 facultatem
703 3625 874 3690 concessit.

147 3727 255 3790 XXX.
270 3726 378 3812 Atque
394 3723 448 3787 hic
463 3724 623 3788 bellorum
640 3747 755 3788 eorum
773 3724 848 3788 linis
864 3727 944 3807 fuit,
959 3728 1050 3790 omni
1068 3729 1170 3794 Gallia

102 3831 150 3894 cis
159 3828 330 3908 Rhenum,
342 3843 439 3914 atque
450 3826 535 3890 inter
548 3847 636 3890 mare
647 3826 937 3908 mediterraneum,
948 3843 981 3892 et
990 3829 1170 3913 Oceanum,

103 3931 165 3995 nisi
188 3953 251 4017 quu
272 3928 445 4018 paludibus
463 3929 548 3992 invia
569 3928 647 4004 fuit,
671 3928 863 4018 perdomita.
889 3931 976 3994 Dum
998 3929 1049 3994 his
1072 3932 1170 3997 rebus

102 4036 209 4096 Caesar
228 4047 423 4119 occupatur,
441 4031 485 4094 M.
501 4031 672 4095 Marcellus
691 4032 807 4094 consul
824 4029 966 4093 edictum
983 4035 1171 4118 proposuit,

102 4135 145 4198 de
157 4157 322 4204 scnemata
333 4130 493 4223 republica
503 4145 648 4196 acturum
656 4155 669 4209 ;
683 4132 899 4218 proximoque
913 4146 1027 4192 senatu
1041 4130 1082 4194 tle
1093 4136 1178 4198 mul··
