2875 4900
280 391 351 463 286
452 392 522 458 JO.
549 389 886 456 FREINSHEMII
918 387 1162 455 SUPPLEM.

277 537 334 603 gre
348 509 572 575 Nicomediam
587 523 786 595 perrexerat,
800 507 911 572 castris
925 506 966 570 ad
979 507 1168 571 vicesimum
1184 510 1252 572 fere
1264 509 1345 598 lapi-

277 614 352 676 dem
366 612 407 674 ab
420 609 543 698 oppido
555 609 782 688 communitis,
794 631 836 672 ne
846 630 990 696 pugnare
1002 625 1114 672 contm
1127 611 1343 674 commodum

278 729 459 801 cogeretur.
470 709 593 774 Eodem
607 710 790 772 etTn'arius
802 733 869 774 non
881 709 1034 774 invitatus
1046 713 1203 792 occurri13
1218 729 1252 776 et
1265 715 1345 800 quia

280 839 338 879 rex
352 815 438 877 intra
459 812 576 875 moenia
598 832 675 874 suos
698 809 886 891 reduxerat,
903 810 943 874 ab
960 826 1101 898 utroque
1116 813 1343 878 Romanorum

278 917 422 981 exercitu
444 913 541 1000 coepit
558 910 709 975 obsideri.
725 911 825 992 Quod
844 911 974 976 interim
992 911 1197 978 mediocriter
1213 915 1345 994 ferens,

279 1033 452 1104 postquam
472 1013 599 1102 gemina
625 1013 728 1076 navali
747 1035 857 1102 pugna
881 1014 1013 1078 classem
1036 1014 1184 1078 amissam
1210 1015 1346 1099 didicit,

278 1116 415 1180 Lucullo
441 1130 679 1202 superventuro
700 1135 735 1177 se
757 1131 846 1178 ratus
868 1117 1043 1203 imparem,
1065 1115 1207 1178 Pontum
1231 1133 1348 1203 petere

279 1216 434 1282 classibus
449 1214 602 1279 decrevit.
624 1216 661 1279 ln
685 1215 750 1277 hoc
769 1216 884 1279 itinere
904 1215 1013 1278 denuo
1033 1232 1096 1280 tam
1117 1215 1200 1280 foeda
1217 1233 1348 1306 tempe-

280 1334 361 1382 state
379 1315 582 1381 conflictatus
601 1331 666 1397 est,
686 1333 722 1379 ut
740 1317 857 1380 navalis
876 1316 975 1404 praelii
996 1317 1096 1380 instar
1111 1333 1211 1398 esset,
1233 1317 1348 1407 dupli-

281 1422 377 1508 cique
389 1419 451 1482 hac
465 1418 556 1483 clade
570 1417 774 1482 Mithridates
788 1419 877 1506 prius
891 1417 932 1483 ad
945 1419 1091 1499 Parium,
1106 1435 1138 1482 et
1152 1441 1242 1482 nunc
1255 1421 1348 1484 haud

281 1521 394 1610 procul
416 1521 587 1602 Heraclea,
609 1519 651 1583 ad
673 1518 786 1583 decem
809 1519 981 1582 hominum
1004 1519 1118 1600 millia,
1137 1536 1170 1582 et
1191 1537 1349 1586 rostratas

282 1621 460 1708 sexaginta,
477 1619 590 1684 llorem
610 1621 768 1684 exercitus
785 1621 835 1683 sui
852 1621 1025 1708 classisque
1042 1619 1242 1708 deperderet.

325 1723 445 1785 XXVI.
460 1721 540 1784 Fam
553 1721 765 1784 calamitatem
781 1721 822 1785 ad
835 1722 915 1785 iram
930 1723 1094 1811 Priapenae
1108 1722 1219 1786 Dianas
1235 1747 1350 1812 super·

282 1823 399 1886 stitiosi
416 1821 567 1884 homiues
590 1821 789 1902 retulerunt,
808 1822 900 1902 cujus
923 1823 1051 1911 aregiis
1071 1823 1242 1911 spoliatum
1262 1841 1349 1888 tern-

281 1926 391 2012 plum,
407 1923 643 2010 abreptumque
652 1923 860 1986 simulacrum
872 1925 987 1987 fuerat.
997 1924 1122 1987 Amissa
1132 1947 1248 2012 magna
1257 1943 1351 2012 parte

283 2026 409 2107 classis,
434 2047 509 2088 cum
526 2024 689 2111 plerisque
704 2025 838 2110 reliquis
857 2025 993 2088 navibus
1010 2025 1042 2088 in
1062 2025 1182 2088 ostium
1203 2023 1350 2090 fluminis

283 2126 399 2215 Hypii,
416 2123 507 2211 quod
522 2122 611 2187 haud
626 2125 741 2211 procul
758 2125 911 2188 Heraclea
923 2126 1031 2206 abest,
1048 2149 1105 2190 rex
1120 2149 1154 2190 se
1170 2129 1305 2215 recepit.
1320 2130 1350 2192 ls

284 2245 353 2291 tum
377 2242 478 2290 status
501 2225 661 2288 Heracleae
680 2241 766 2306 erat,
786 2242 824 2289 ut
843 2227 943 2314 magis
964 2228 1066 2290 aliena
1085 2250 1103 2290 a
1124 2229 1284 2292 Romanis
1308 2228 1351 2295 ob

283 2328 427 2391 sublatos
448 2325 655 2413 publicanos,
672 2349 770 2413 quam
787 2327 822 2390 in
837 2343 996 2414 potestate
1012 2329 1094 2417 regis
1111 2346 1204 2391 esset.
1225 2329 1351 2418 Igitur,

284 2426 365 2490 dum
378 2425 558 2491 necessario
570 2425 742 2490 stationem
756 2427 790 2491 in
804 2425 952 2509 flumine,
967 2427 1115 2493 nondum
1127 2427 1239 2494 sedato
1254 2432 1351 2511 mari,

285 2529 401 2602 habet,
418 2528 553 2591 sollicite
566 2527 740 2614 inquisito,
754 2530 952 2594 Lamachum
968 2530 1001 2592 in
1018 2553 1148 2595 summo
1162 2532 1353 2619 magistratu

285 2652 380 2720 agere
395 2629 575 2716 comperit3
596 2652 664 2716 quo
685 2630 803 2693 nuntio
822 2647 969 2711 erectus,
985 2630 1075 2718 quod
1093 2633 1193 2696 veteri
1211 2634 1353 2697 amicitia

285 2730 436 2820 cognitus
464 2730 509 2792 illi
536 2730 715 2794 Lamachus
742 2746 831 2813 erat,
858 2732 963 2796 missis
990 2732 1115 2797 idoneis
1141 2733 1353 2815 homiuibus,

286 2833 390 2897 multa
413 2830 581 2919 largiendo
602 2831 851 2920 pollicendoque
867 2834 1017 2921 perfecit,
1043 2850 1081 2898 ut
1103 2858 1234 2923 operam
1259 2858 1352 2901 suam

286 2934 465 2997 Lamachus
481 2933 663 3013 addiceret,
682 2955 749 3020 quo
767 2956 824 2996 rex
843 2935 876 2997 iu
894 2935 1009 2999 urbem
1027 2935 1233 3023 reciperetur.

330 3036 467 3099 XXVll.
492 3035 585 3099 Dicta
606 3034 677 3114 die,
699 3034 833 3097 solenne
851 3034 1042 3099 sacrificium
1061 3036 1239 3099 Lamachus
1259 3038 1355 3101 insti·

287 3137 350 3201 tuit
368 3152 455 3199 extra
470 3136 605 3216 urbem,
628 3153 743 3199 vocato
759 3136 901 3224 popule,
918 3160 960 3200 ne
978 3154 1077 3225 portae
1094 3153 1252 3229 consueto
1273 3154 1356 3203 tenr-

288 3260 367 3323 pore
385 3236 614 3300 clauderentur
632 3260 639 3298 :
657 3237 697 3300 ad
713 3260 822 3326 regern
847 3239 969 3302 interea
987 3262 1143 3328 myoparo
1158 3240 1286 3303 Seleuci
1304 3265 1357 3305 ar·

288 3338 449 3423 chipiratae
471 3338 628 3419 mittitur,
648 3360 746 3424 quem
769 3339 1021 3420 conscenderet,
1041 3340 1116 3427 quia
1134 3340 1221 3405 navis
1236 3364 1356 3405 onera·

289 3437 354 3517 ria,
372 3459 435 3522 qua
450 3453 517 3499 erat
532 3454 661 3518 vectus,
675 3439 720 3502 ob
736 3439 921 3504 violentiam
938 3458 1165 3529 tempestatum
1183 3442 1271 3507 utilis
1287 3464 1357 3507 esse

289 3537 437 3600 desierat.
453 3538 716 3603 Dchortabautur
727 3541 944 3629 maximopere
953 3542 1046 3606 amici
1057 3592 1066 3625 ,
1076 3566 1117 3606 ne
1126 3566 1245 3631 corpus
1257 3566 1357 3608 suum

289 3638 479 3701 hominibus
490 3640 662 3727 incognitae
673 3638 749 3703 fidei
761 3641 926 3707 crederet:
942 3666 1084 3731 quorum
1094 3644 1147 3707 ille
1161 3661 1286 3709 metum
1306 3644 1357 3709 tali

289 3760 440 3803 sermone
452 3738 633 3826 castigavit:
648 3770 661 3792 a
671 3740 741 3827 Ego
755 3764 831 3803 vero
844 3740 940 3805 fidem
957 3760 1112 3825 vestram,
1128 3766 1356 3833 amoremque,

289 3874 302 3896 ·
313 3840 424 3905 multis
437 3856 470 3903 et
486 3840 610 3927 magnis
624 3838 830 3905 documentis
848 3859 975 3930 experta
991 3844 1087 3927 novi,
1104 3862 1138 3908 et
1150 3846 1296 3927 aestim05
1313 3847 1357 3909 ni·

324 4052 452 4118 §XXVL
472 4051 524 4100 le.
545 4050 610 4116 Epir.
629 4077 663 4087 -
684 4054 793 4117 Appiam
812 4068 846 4091 ¹-
864 4054 927 4103 rtur.
945 4083 977 4093 -
995 4056 1092 4106 Sallust.
1107 4058 1171 4106 llltt.
1185 4058 1230 4115 tv,
1245 4058 1272 4105 iu
1285 4058 1354 4122 epist.

291 4136 404 4185 Mithrld.
418 4163 450 4173 —
466 4134 530 4182 ator.
541 4137 592 4193 ΙΙΙ,
605 4136 630 4184 5.
