2875 4900
273 386 327 459 IN
359 390 474 459 LOC.
502 390 596 459 LIB.
624 392 696 458 CII
728 390 948 458 lelaNt.
1072 390 1142 475 445

86 512 188 591 batur,
203 508 336 592 audito,
363 512 400 573 C.
420 510 591 573 Octavium
614 511 725 575 uxoris
745 532 811 575 sure
820 511 1025 598 puerperium
1045 534 1144 577 exeu-

86 635 162 694 sare,
175 610 263 700 quod
272 614 306 675 in
317 613 443 675 curium
454 611 577 677 tardius
585 613 738 689 venisset,
756 611 961 692 exclamavit,
974 613 1146 675 Dominum

87 715 163 777 rubis
179 714 321 803 genuisti.
341 714 389 777 Ea
411 712 517 801 Figuli
541 712 735 777 existimatio
759 712 871 775 Romae
896 728 982 794 erat,
1002 728 1040 775 ut
1058 712 1145 777 inter

87 814 277 879 doctissimos
292 813 488 877 haberetur:
507 812 810 889 mathematicorum
827 827 937 875 autem
954 834 1065 875 rerum
1082 833 1141 900 pe·

89 916 150 979 ritis
167 917 212 980 sie
228 914 420 995 excellebat,
439 930 477 977 ut
494 913 667 1002 prohibitis
680 913 805 977 artibus
819 911 1007 976 crederetur
1020 912 1081 975 uti.

125 1018 189 1081 XC.
202 1019 253 1081 Eo
271 1015 428 1095 majorem
444 1016 478 1077 in
500 1016 617 1079 animis
638 1016 772 1079 Petrum
790 1014 941 1079 timorem
958 1036 996 1077 ea
1006 1036 1069 1077 vox
1086 1036 1145 1101 pe·

89 1120 177 1203 perit,
197 1118 359 1207 praecipue
375 1106 588 1205 quia'paucos
604 1133 679 1181 ante
698 1138 827 1180 menses
845 1130 1033 1180 constanter
1043 1114 1143 1194 jacta·

89 1232 148 1279 tum
160 1218 271 1298 iuerat,
282 1232 433 1281 natrtmm
443 1240 548 1303 regem
558 1217 790 1281 orbiterrarum
796 1219 981 1304 parturire:
991 1216 1144 1303 idemque

88 1318 203 1406 Sibyllae
215 1318 413 1384 carminibus
426 1319 698 1406 comprehensum
713 1316 901 1381 dicebatur:
913 1332 1145 1404 praetcreapas·

90 1420 141 1482 sim
154 1422 267 1502 etiam,
280 1420 432 1484 extremis
446 1419 487 1482 ab
501 1420 585 1501 oris,
600 1418 634 1481 in
649 1439 725 1481 eum
739 1439 872 1481 sensum
884 1419 1016 1481 oracula
1028 1417 1144 1481 affere·

91 1518 203 1587 bantur.
221 1523 274 1586 Ob
291 1544 344 1585 eas
360 1543 488 1601 causas,
505 1519 644 1584 maxime
663 1517 755 1605 quod
774 1519 886 1580 Romae
904 1516 1000 1580 etiam
1021 1518 1143 1582 factum

90 1622 260 1711 prodigium
288 1638 388 1703 esset,
412 1636 562 1685 senatum
586 1619 776 1685 exterritum
802 1617 984 1699 censuisse,
1006 1641 1048 1681 ne
1070 1620 1143 1706 quis

91 1721 234 1788 illoanno
253 1724 442 1802 tolleretur;
463 1741 741 1810 suppressumque
762 1718 862 1781 fuisse
882 1718 1145 1782 senatusconsul-

55 1890 59 1899 ‚
92 1837 150 1886 tum
168 1846 224 1913 per
244 1846 319 1905 eos,
343 1824 401 1911 qui
420 1822 565 1913 gravidas
585 1843 704 1887 uxores
719 1819 900 1899 habebant,
917 1818 1020 1881 Julius
1036 1819 1143 1885 Mara·

92 1922 154 1987 thus
178 1925 321 2014 scripsit,
347 1924 486 2013 ,Augusti
506 1923 675 2001 libertus:
700 1944 776 1985 nam
798 1920 841 1984 ad
862 1922 1047 2007 Augustum
1075 1920 1144 1985 haec

92 2040 188 2107 postea
200 2042 303 2091 tracta
312 2041 403 2106 sunt,
417 2024 509 2105 cujus
519 2025 590 2106 ille,
605 2046 704 2112 quem
716 2022 875 2103 diximus,
889 2020 1003 2094 natalis
1012 2021 1144 2095 Mlsul·

92 2121 118 2183 lii
132 2128 331 2191 consulatum
346 2126 524 2191 illustrarit

126 2226 203 2291 XCI.
220 2226 285 2291 Sed
304 2243 375 2290 tum
396 2226 530 2314 quidem
551 2226 592 2291 ad
612 2227 766 2314 propiora
785 2225 929 2313 pericula
946 2239 1144 2312 praeverten-

92 2320 158 2387 dum
170 2328 296 2393 senatui
307 2327 380 2391 suit.
392 2327 550 2391 Lentulus
562 2342 595 2390 et
609 2327 714 2390 caeteri
727 2348 837 2407 enses,
849 2325 998 2413 sulphur,
1014 2340 1144 2413 stupam
1179 2395 1182 2401 ,

93 2422 120 2486 in
138 2425 267 2494 domum
291 2428 426 2517 Cethegi
450 2428 532 2493 clam
554 2428 751 2516 comportari
762 2428 926 2508 jusserant
942 2451 950 2492 :
967 2426 1090 2493 Urbem
1108 2428 1143 2493 in

43 2587 44 2592 ,
94 2543 209 2592 tentum
226 2530 462 2617 descripserant
483 2546 608 2618 partes,
626 2552 706 2617 quas
723 2529 861 2594 totidem
880 2529 1016 2619 perditis
1036 2530 1144 2594 bomi-

95 2625 176 2692 nibus
192 2629 392 2720 assignarent
409 2631 541 2711 sortito,
559 2647 598 2694 ut
615 2630 726 2694 multis
745 2631 843 2695 simul
857 2632 936 2696 locis
953 2631 1143 2696 incendere·

95 2737 155 2805 tur;
167 2732 333 2818 paratique
346 2745 448 2812 erant,
463 2731 521 2818 qui
534 2729 746 2818 aqueductus
757 2731 977 2812 obstruerent,
985 2748 1144 2819 etaquant

96 2842 223 2910 petentes
242 2830 467 2897 trucidarent:
485 2847 599 2896 caetera
613 2854 764 2920 quoque,
777 2848 817 2896 ut
835 2854 934 2920 supra
948 2847 997 2895 est
1015 2833 1143 2918 exposi-

95 2940 169 3011 tum,
186 2923 507 3014 administrarentur,
529 2949 561 2996 et
580 2932 637 2996 filii
656 2933 808 3014 familias,
830 2954 972 3021 quorum
995 2933 1089 2997 multi
1103 2955 1144 2998 ex

97 3029 244 3098 nobilitate
261 3034 349 3099 inter
366 3033 553 3113 conjuratos
570 3049 679 3114 erant,
693 3049 799 3121 patres
815 3055 910 3114 suos,
929 3031 1058 3096 semime
1075 3055 1144 3097 ma·

96 3126 162 3194 n'tos
175 3133 379 3198 occiderent:
392 3133 622 3198 tantummodo
637 3133 745 3198 liberis
757 3133 905 3220 Pompeii
918 3155 1049 3220 parcere
1061 3134 1145 3197 Len·

98 3230 170 3296 tulus
183 3233 381 3316 decreverat,
394 3257 477 3322 quos
493 3233 646 3302 adversus
661 3237 743 3302 iram
758 3235 900 3300 hominis
913 3235 1144 3322 potentissimi,

97 3331 142 3414 qui
158 3337 344 3424 paulopost
359 3336 522 3400 affuturus
543 3335 729 3419 dicebatur,
746 3336 880 3423 haberet
897 3335 1038 3402 obsides.
1055 3338 1146 3404 Inter

98 3425 173 3496 illum
189 3437 384 3518 tumultum,
403 3435 491 3500 caede
514 3453 545 3501 et
563 3437 716 3502 incendio
739 3437 898 3526 perculsis
914 3438 1086 3521 omnibus,
1102 3437 1145 3504 ad

98 3528 248 3600 Catilinam
264 3535 428 3602 debebant
444 3557 623 3625 erumpere.
1004 3613 1008 3621 ⁴

133 3632 225 3702 XCII.
248 3637 313 3702 Sed
335 3654 527 3704 ceterorum
548 3638 790 3704 cunctationem
807 3638 971 3728 Cethegus
988 3662 1073 3729 saepe
1092 3642 1145 3706 in·

126 3801 288 3882 imm.
300 3828 352 3878 Cic,
366 3829 392 3876 in
408 3828 546 3888 entitur,
560 3844 589 3888 ²3
607 3843 653 3893 pro
668 3832 741 3876 Font.
755 3844 777 3875 c.
796 3842 843 3889 1²3
860 3843 909 3893 pro
922 3830 1046 3888 Murena,
1063 3846 1085 3877 c.
1099 3838 1146 3889 tr,

99 3911 118 3947 ²¹
128 3920 169 3967 pso
182 3909 268 3972 domo,
281 3929 303 3961 c.
315 3913 357 3961 ⁵2.
368 3939 402 3980 -5
416 3911 514 3962 Sallust.
530 3938 564 3950 —
575 3911 655 3975 agell.
666 3912 725 3969 XV,
735 3927 760 3972 7.
771 3938 807 3946 -
815 3913 918 3960 Sueten.
929 3913 994 3976 Aug.
1004 3929 1027 3960 c.
1040 3913 1055 3959 5
1067 3924 1091 3960 ct
1103 3920 1145 3974 94.
1203 3937 1207 3949 ·

98 4007 127 4020 -
138 3988 284 4044 Constantio.
298 3997 393 4044 urnae
408 4023 443 4033 —
456 3995 519 4054 Dio,
530 3995 574 4044 lib.
587 3996 666 4043 xiv.
683 4023 718 4033 -
735 3994 751 4060 s
768 3993 822 4043 XC.
834 3995 935 4043 Saeton.
946 3995 1012 4059 Aug.
1025 4011 1048 4043 c.
1060 4009 1101 4058 79.
1111 4023 1147 4033 --

99 4063 142 4115 cte.
152 4071 179 4120 ‹lc
188 4075 269 4124 Dicin.
280 4080 317 4138 11,
328 4079 369 4135 54.
383 4107 418 4116 -
428 4077 498 4143 virg.
508 4078 594 4142 Eelog.
606 4079 651 4128 IV.
665 4106 700 4116 -
707 4077 773 4130 Veli.
784 4078 821 4137 ll,
833 4075 873 4124 36.
881 4103 919 4116 ·—
930 4076 1027 4143 §XCL
1037 4078 1102 4129 Plut.
1112 4107 1148 4117 —

100 4147 182 4202 Salus
194 4173 246 4224 esp.
257 4169 289 4216 aa
304 4171 328 4209 et
344 4163 385 4217 ns.
