2875 4900
313 380 365 447 IN
398 380 512 447 LOC.
538 380 633 447 LlB.
662 379 757 447 CIII
786 379 1007 448 LIVIANI.
1122 376 1194 473 473

115 498 197 577 dos,
214 520 298 587 quos
311 514 447 562 auctore
461 498 597 563 tribuno
612 498 757 585 quodam
770 498 874 586 plebis
888 498 1031 587 magistri
1046 498 1194 561 vicorum

115 600 236 665 lacami
252 614 361 679 erant,
377 600 522 687 privatus
537 598 646 664 adhuc
664 599 734 665 fieri
749 599 950 688 prohiberet.

160 702 246 765 LlV.
269 700 396 765 Eodem
419 723 507 765 anno
530 702 576 765 M.
593 700 746 768 AEmilius
762 701 923 783 Scaurus,
943 702 1000 788 qui
1023 700 1154 765 relictus
1177 723 1197 763 a

115 804 279 892 Pompeio
301 826 378 867 cum
398 802 582 891 legionibus
600 804 635 867 in
653 804 888 892 Syriafuerat,
905 803 1034 867 Petram
1050 802 1196 867 Arabum

115 905 349 970 Nabataeorum
364 904 560 991 metropolin
575 926 762 994 aggressus,
780 928 884 993 quum
900 904 1019 999 famem
1037 902 1196 967 exereitus

115 1024 285 1097 pateretur
307 1008 387 1071 loeis
412 1005 616 1088 difficilibus,
641 1007 858 1094 Antipatrum·
873 1004 914 1069 ad
933 1007 1065 1069 Aretam
1088 1005 1196 1085 misit,

118 1110 177 1197 qui
195 1107 397 1173 deditionem
414 1107 575 1173 suaderet.
594 1109 667 1171 lloc
684 1107 889 1171 internuntio
906 1122 1058 1194 pactum,
1083 1122 1118 1169 ut
1135 1120 1197 1169 tre·

116 1222 212 1274 centa
232 1210 355 1274 talenta
374 1210 521 1273 Romano
542 1209 722 1274 darentur:
745 1208 868 1273 bellum
892 1210 987 1273 Areta
1009 1209 1197 1296 Scauroque

116 1310 306 1375 volentibus
327 1308 529 1398 diremptum
549 1326 619 1391 est;
638 1309 738 1398 idque
761 1309 954 1389 adjumento
975 1311 1039 1374 fuit
1054 1310 1196 1390 Scauro,

117 1416 158 1474 ut
177 1410 372 1474 destinatam
393 1411 439 1474 M.
463 1411 815 1498 Pisonilprovinciam‚
837 1411 871 1473 in
892 1411 1030 1475 alterurn
1051 1434 1196 1493 annum,
1245 1452 1249 1461 ·

116 1511 289 1577 annitente
314 1511 492 1588 Cicerone,
516 1513 680 1577 retineret.
701 1513 738 1576 L.
761 1511 880 1577 deinde
902 1513 1055 1577 Afranius
1079 1517 1118 1578 A.
1141 1515 1196 1594 F.,

119 1613 162 1695 Q.
185 1612 334 1677 Caeeilius
363 1612 461 1694 Q.>F.
478 1612 630 1677 Metellus
659 1614 753 1678 Celer
776 1612 929 1677 consules
949 1613 1113 1696 inierunt,
1135 1636 1196 1702 pro

118 1714 262 1802 quibus,
286 1716 335 1779 uti
350 1713 620 1804 designarentur,
646 1715 795 1779 maximis
817 1714 1045 1804 largitionibus
1068 1737 1196 1805 pugna·

117 1817 203 1881 visse
220 1817 414 1905 Pompeium
432 1818 645 1882 narravimus.

163 1919 231 1982 LV.
255 1919 319 1983 Sed
334 1920 379 1983 illi
394 1919 467 2009 plus
482 1919 637 1983 molestiae
654 1935 687 1983 et
701 1918 946 2006 impedimenti,
966 1940 1084 2006 quam,
1106 1918 1196 2007 quod

117 2037 322 2106 speraverat,
336 2021 464 2100 auxilii,
483 2021 580 2085 tantis
596 2020 754 2108 impensis
771 2018 943 2107 quaesitum
960 2035 1030 2083 est:
1050 2040 1124 2082 nam
1139 2019 1198 2082 ho·

117 2143 194 2185 rum
211 2144 330 2210 opera,
349 2138 421 2186 tum
436 2122 517 2203 alia,
538 2145 610 2209 quse
626 2122 742 2202 vellet,
767 2137 1022 2207 assequuturum
1047 2119 1196 2195 rebatur,

118 2239 193 2286 tum
208 2224 259 2288 uti
273 2240 343 2288 acta
356 2246 413 2288 sua
430 2224 722 2304 confirmarentur3
740 2245 778 2287 eo
795 2223 914 2311 magis,
928 2220 1019 2311 quod
1035 2220 1130 2311 legati
1145 2221 1196 2285 sui

115 2322 161 2387 ad
178 2326 357 2389 exercitum
376 2348 514 2413 operum
539 2347 745 2389 summorum
765 2324 919 2413 precipui
937 2324 1077 2387 ministri
1097 2322 1196 2387 iidem

117 2424 166 2488 illi
181 2424 322 2491 fuerant.
337 2428 500 2491 Caeterum
515 2426 667 2492 Afranius
683 2424 839 2507 saltandi,
853 2449 952 2512 quam
970 2416 1197 2517 negotiorum,

116 2525 275 2613 peritior,
291 2528 374 2590 nihil
392 2529 422 2592 ei
444 2527 580 2616 profuit.
604 2529 756 2592 Metellus
779 2528 874 2592 etiam
895 2529 1002 2592 obluit
1022 2529 1063 2592 ab
1082 2528 1129 2592 ira
1145 2527 1197 2593 di·

117 2627 226 2690 missae
243 2629 381 2720 Muciae,
398 2652 498 2718 quarn
515 2652 662 2694 sororem
679 2629 819 2710 Metelli,
837 2653 941 2716 quum
957 2631 1092 2695 haberet
1106 2654 1145 2694 ex
1159 2654 1197 2694 ea

116 2728 258 2810 liberos,
279 2731 454 2819 Pompeius
472 2731 707 2820 repudiaverat.
728 2731 909 2797 Accedebat
926 2727 1110 2796 excellentis
1125 2731 1197 2820 glo·

117 2831 175 2895 riae
189 2848 347 2920 perpetua
365 2856 475 2898 comes
492 2833 631 2915 invidia3
643 2851 799 2922 praeterea
810 2834 990 2899 simultates
1006 2857 1082 2898 cum
1096 2835 1196 2898 maxi·

116 2934 182 2997 mis
197 2935 273 2997 vin's
288 2936 427 2999 Lucullo
440 2936 658 3023 Metelloque,
673 2959 787 3025 graves
803 2936 932 3023 potius,
948 2957 1045 3022 quam
1060 2934 1194 3022 iniquae,

114 3056 204 3122 quos
223 3034 313 3122 prior
328 3053 361 3100 et
378 3036 448 3100 sine
464 3059 560 3100 causa
576 3036 771 3102 offenderat.

161 3137 247 3200 LVI.
271 3138 376 3228 Igitur
398 3139 575 3219 Lucullus,
592 3138 649 3226 qui
673 3137 714 3202 de
738 3155 854 3202 caetero
873 3161 906 3202 se
922 3137 1053 3226 penitus
1072 3137 1141 3201 otio
1159 3160 1196 3204 ac

114 3236 340 3325 voluptatibus
357 3237 553 3319 tradiderat,
570 3256 688 3327 praeter
704 3239 833 3328 pristini
850 3238 972 3303 doloris
988 3238 1138 3304 stimulos
1155 3239 1196 3304 ab

115 3339 332 3428 optimatibus
354 3341 523 3405 nonnullis
544 3342 717 3423 incitatus,
741 3343 774 3404 in
800 3358 949 3405 senatum
971 3341 1077 3423 venit,
1096 3342 1197 3406 Pom·

113 3442 278 3530 peioque,
295 3458 371 3506 rata
386 3443 498 3507 haberi
511 3457 586 3506 acta
601 3467 661 3507 suo
678 3444 874 3531 postulanti,
892 3444 1048 3523 acerrime
1062 3444 1196 3526 restitit;

111 3564 245 3630 aequum
257 3566 320 3606 esse
326 3547 437 3631 prcus,
452 3558 489 3607 ut
497 3559 625 3608 senatus
635 3561 807 3632 cognoseat
815 3545 855 3609 de
864 3543 1011 3634 singulis,
1026 3543 1195 3610 dictitans:

110 3665 195 3706 nam
210 3658 246 3706 ut
252 3648 431 3731 promiscue
443 3647 552 3708 omnia
565 3648 706 3731 ignaris,
724 3647 836 3736 qualia
850 3670 985 3736 quaeque
997 3649 1077 3726 sint,
1094 3647 1198 3712 Patri·

112 3745 173 3807 bus
189 3743 411 3830 confimrondn
425 3746 616 3836 objiciantur
620 3797 631 3830 ,
649 3747 687 3811 id
700 3772 776 3812 vero
790 3749 911 3814 incivile
921 3771 1052 3838 prorsus
1060 3796 1070 3828 ‚
1091 3764 1123 3812 et
1136 3748 1196 3811 do·

149 3968 167 4032 5
180 3972 246 4018 tw.
259 3975 292 4020 U.
304 3975 334 4024 C.
344 3974 411 4036 ⁶9²³
425 3977 456 4022 A.
469 3975 499 4024 C.
517 3976 559 4023 oo.
578 4004 614 4014 -
627 3979 731 4043 Josepb.
750 3979 837 4044 Anth.
852 3981 924 4038 XIV,
935 3995 967 4042 9,
989 3990 1014 4026 et
1032 3977 1063 4025 de
1082 3978 1112 4024 B.
1132 3977 1193 4027 Jud.

113 4052 224 4111 1‚6·-
237 4056 371 4123 Hegesipp.
381 4062 406 4115 1,
422 4059 463 4107 rs.
475 4086 512 4095 -
521 4060 574 4108 Cic.
588 4060 620 4109 ad
630 4062 709 4110 Attio.
721 4065 749 4120 1,
767 4065 807 4111 16.
822 4061 838 4126 S
849 4064 899 4110 tv.
913 4062 980 4119 Dio,
997 4061 1042 4109 lib.
1056 4063 1192 4112 xxxvu.

112 4137 224 4186 -vett
234 4141 274 4198 lt,
289 4147 329 4196 ao.
338 4142 447 4191 —Flon
460 4145 506 4200 tv,
523 4159 547 4192 a.
