<?xml version="1.0" encoding="UTF-8"?>
<!DOCTYPE html PUBLIC "-//W3C//DTD XHTML 1.0 Transitional//EN"
    "http://www.w3.org/TR/xhtml1/DTD/xhtml1-transitional.dtd">
<html xmlns="http://www.w3.org/1999/xhtml" xml:lang="en" lang="en">
 <head>
  <title>
</title>
<meta http-equiv="Content-Type" content="text/html;charset=utf-8" />
  <meta name='ocr-system' content='tesseract 3.04.00' />
  <meta name='ocr-capabilities' content='ocr_page ocr_carea ocr_par ocr_line ocrx_word'/>
</head>
<body>
  <div class='ocr_page' id='page_1' title='image "bibliothecaclas116lemagoog_0490.png"; bbox 0 0 2875 4900; ppageno 0'>
   <div class='ocr_carea' id='block_1_1' title="bbox 185 368 1380 3932">
    <p class='ocr_par' dir='ltr' id='par_1_1' title="bbox 286 368 1183 452">
     <span class='ocr_line' id='line_1_1' title="bbox 286 368 1183 452; baseline 0.002 -15"><span class='ocrx_word' id='word_1_1' title='bbox 286 368 359 452; x_wconf 70' lang='lat'><strong>480</strong></span> <span class='ocrx_word' id='word_1_2' title='bbox 471 371 540 437; x_wconf 85' lang='lat' dir='ltr'><strong>JO.</strong></span> <span class='ocrx_word' id='word_1_3' title='bbox 565 372 593 437; x_wconf 88' lang='lat' dir='ltr'>F</span> <span class='ocrx_word' id='word_1_4' title='bbox 598 369 907 437; x_wconf 85' lang='lat' dir='ltr'><strong>REINSHEMII</strong></span> <span class='ocrx_word' id='word_1_5' title='bbox 937 371 1183 439; x_wconf 86' lang='lat' dir='ltr'><strong>SUPPLEM.</strong></span> 
     </span>
    </p>

    <p class='ocr_par' dir='ltr' id='par_1_2' title="bbox 185 489 1360 1288">
     <span class='ocr_line' id='line_1_2' title="bbox 285 489 1360 579; baseline 0.002 -26"><span class='ocrx_word' id='word_1_6' title='bbox 285 505 386 553; x_wconf 85' lang='lat' dir='ltr'><strong>tatem</strong></span> <span class='ocrx_word' id='word_1_7' title='bbox 405 490 503 553; x_wconf 85' lang='lat' dir='ltr'>Urbis</span> <span class='ocrx_word' id='word_1_8' title='bbox 522 489 675 579; x_wconf 78' lang='lat' dir='ltr'>deglutiit</span> <span class='ocrx_word' id='word_1_9' title='bbox 687 490 807 578; x_wconf 82' lang='lat' dir='ltr'><strong>triceps</strong></span> <span class='ocrx_word' id='word_1_10' title='bbox 828 490 1046 578; x_wconf 82' lang='lat' dir='ltr'><strong>conspirati03</strong></span> <span class='ocrx_word' id='word_1_11' title='bbox 1063 514 1162 579; x_wconf 88' lang='lat' dir='ltr'><strong>quam</strong></span> <span class='ocrx_word' id='word_1_12' title='bbox 1179 490 1295 555; x_wconf 77' lang='lat' dir='ltr'><strong>exinde</strong></span> <span class='ocrx_word' id='word_1_13' title='bbox 1311 514 1360 555; x_wconf 87' lang='lat' dir='ltr'><strong>ve·</strong></span> 
     </span>
     <span class='ocr_line' id='line_1_3' title="bbox 287 591 1358 672; baseline 0 -17"><span class='ocrx_word' id='word_1_14' title='bbox 287 592 337 655; x_wconf 85' lang='lat' dir='ltr'><strong>iut</strong></span> <span class='ocrx_word' id='word_1_15' title='bbox 348 592 506 656; x_wconf 77' lang='lat' dir='ltr'>infernale</span> <span class='ocrx_word' id='word_1_16' title='bbox 518 608 704 657; x_wconf 89' lang='lat' dir='ltr'><strong>monstrum</strong></span> <span class='ocrx_word' id='word_1_17' title='bbox 714 638 724 672; x_wconf 93' lang='lat'><strong>,</strong></span> <span class='ocrx_word' id='word_1_18' title='bbox 735 591 889 655; x_wconf 80' lang='lat' dir='ltr'><strong>cerbereo</strong></span> <span class='ocrx_word' id='word_1_19' title='bbox 901 592 987 655; x_wconf 86' lang='lat' dir='ltr'><strong>rictu</strong></span> <span class='ocrx_word' id='word_1_20' title='bbox 997 591 1226 655; x_wconf 75' lang='lat' dir='ltr'><strong>absorbentem</strong></span> <span class='ocrx_word' id='word_1_21' title='bbox 1238 592 1358 672; x_wconf 89' lang='lat' dir='ltr'><strong>omnia,</strong></span> 
     </span>
     <span class='ocr_line' id='line_1_4' title="bbox 285 692 1358 782; baseline 0 -25"><span class='ocrx_word' id='word_1_22' title='bbox 285 694 332 757; x_wconf 88' lang='grc' dir='ltr'><strong>Μ.</strong></span> <span class='ocrx_word' id='word_1_23' title='bbox 348 694 505 757; x_wconf 77' lang='lat' dir='ltr'><strong>Varronis</strong></span> <span class='ocrx_word' id='word_1_24' title='bbox 523 695 640 772; x_wconf 88' lang='lat' dir='ltr'><strong>satira,</strong></span> <span class='ocrx_word' id='word_1_25' title='bbox 663 693 726 756; x_wconf 89' lang='lat' dir='ltr'><strong>sub</strong></span> <span class='ocrx_word' id='word_1_26' title='bbox 747 694 844 757; x_wconf 89' lang='lat' dir='ltr'><strong>titulo</strong></span> <span class='ocrx_word' id='word_1_27' title='bbox 864 692 1050 774; x_wconf 89' lang='lat' dir='ltr'><strong>Tricareni,</strong></span> <span class='ocrx_word' id='word_1_28' title='bbox 1071 695 1281 782; x_wconf 80' lang='lat' dir='ltr'><strong>perstrinxit3</strong></span> <span class='ocrx_word' id='word_1_29' title='bbox 1307 695 1358 781; x_wconf 89' lang='lat' dir='ltr'><strong>qui</strong></span> 
     </span>
     <span class='ocr_line' id='line_1_5' title="bbox 286 794 1358 882; baseline 0 -23"><span class='ocrx_word' id='word_1_30' title='bbox 286 796 349 859; x_wconf 87' lang='lat' dir='ltr'><strong>sub</strong></span> <span class='ocrx_word' id='word_1_31' title='bbox 364 795 398 859; x_wconf 92' lang='lat' dir='ltr'><strong>id</strong></span> <span class='ocrx_word' id='word_1_32' title='bbox 417 794 573 882; x_wconf 83' lang='lat' dir='ltr'><strong>temporis</strong></span> <span class='ocrx_word' id='word_1_33' title='bbox 593 794 694 858; x_wconf 79' lang='lat' dir='ltr'><strong>aedilis</strong></span> <span class='ocrx_word' id='word_1_34' title='bbox 709 817 785 858; x_wconf 91' lang='lat' dir='ltr'><strong>cum</strong></span> <span class='ocrx_word' id='word_1_35' title='bbox 802 798 837 859; x_wconf 91' lang='lat' dir='ltr'><strong>C.</strong></span> <span class='ocrx_word' id='word_1_36' title='bbox 859 796 1006 858; x_wconf 85' lang='lat' dir='ltr'><strong>Muraena</strong></span> <span class='ocrx_word' id='word_1_37' title='bbox 1026 796 1260 859; x_wconf 77' lang='lat' dir='ltr'><strong>Lacedaemone</strong></span> <span class='ocrx_word' id='word_1_38' title='bbox 1280 797 1358 859; x_wconf 81' lang='lat' dir='ltr'><strong>erci-</strong></span> 
     </span>
     <span class='ocr_line' id='line_1_6' title="bbox 282 895 1359 991; baseline -0.001 -30"><span class='ocrx_word' id='word_1_39' title='bbox 282 920 358 991; x_wconf 27' lang='lat' dir='ltr'><strong>&#39;sum</strong></span> <span class='ocrx_word' id='word_1_40' title='bbox 377 896 525 959; x_wconf 86' lang='lat' dir='ltr'><strong>lateritiis</strong></span> <span class='ocrx_word' id='word_1_41' title='bbox 542 895 722 983; x_wconf 87' lang='lat' dir='ltr'><strong>parietibus</strong></span> <span class='ocrx_word' id='word_1_42' title='bbox 740 918 825 983; x_wconf 91' lang='lat' dir='ltr'><strong>opus</strong></span> <span class='ocrx_word' id='word_1_43' title='bbox 846 896 1037 978; x_wconf 89' lang='lat' dir='ltr'><strong>tectorium,</strong></span> <span class='ocrx_word' id='word_1_44' title='bbox 1056 914 1189 986; x_wconf 89' lang='lat' dir='ltr'><strong>propter</strong></span> <span class='ocrx_word' id='word_1_45' title='bbox 1209 898 1359 962; x_wconf 85' lang='lat' dir='ltr'><strong>excellen-</strong></span> 
     </span>
     <span class='ocr_line' id='line_1_7' title="bbox 185 994 1357 1086; baseline -0.002 -23"><span class='ocrx_word' id='word_1_46' title='bbox 185 994 192 1016; x_wconf 84' lang='lat'><strong><em>‘</em></strong></span> <span class='ocrx_word' id='word_1_47' title='bbox 286 999 365 1063; x_wconf 88' lang='lat' dir='ltr'><strong>tiam</strong></span> <span class='ocrx_word' id='word_1_48' title='bbox 385 999 520 1086; x_wconf 78' lang='lat' dir='ltr'><strong>picturae</strong></span> <span class='ocrx_word' id='word_1_49' title='bbox 540 997 655 1061; x_wconf 84' lang='lat' dir='ltr'><strong>formis</strong></span> <span class='ocrx_word' id='word_1_50' title='bbox 676 998 861 1078; x_wconf 87' lang='lat' dir='ltr'><strong>inclusum,</strong></span> <span class='ocrx_word' id='word_1_51' title='bbox 883 998 925 1061; x_wconf 87' lang='lat' dir='ltr'><strong>ad</strong></span> <span class='ocrx_word' id='word_1_52' title='bbox 948 1000 1119 1063; x_wconf 91' lang='lat' dir='ltr'><strong>comitium</strong></span> <span class='ocrx_word' id='word_1_53' title='bbox 1138 996 1357 1063; x_wconf 86' lang='lat' dir='ltr'><strong>exornandum</strong></span> 
     </span>
     <span class='ocr_line' id='line_1_8' title="bbox 287 1098 1357 1191; baseline -0.001 -27"><span class='ocrx_word' id='word_1_54' title='bbox 287 1100 488 1191; x_wconf 80' lang='lat' dir='ltr'><strong>deportarit:</strong></span> <span class='ocrx_word' id='word_1_55' title='bbox 507 1098 597 1185; x_wconf 91' lang='lat' dir='ltr'><strong>quod</strong></span> <span class='ocrx_word' id='word_1_56' title='bbox 611 1122 696 1186; x_wconf 89' lang='lat' dir='ltr'><strong>opus</strong></span> <span class='ocrx_word' id='word_1_57' title='bbox 709 1121 815 1187; x_wconf 87' lang='lat' dir='ltr'><strong>perse</strong></span> <span class='ocrx_word' id='word_1_58' title='bbox 829 1098 950 1162; x_wconf 92' lang='lat' dir='ltr'><strong>mirum</strong></span> <span class='ocrx_word' id='word_1_59' title='bbox 967 1099 1174 1179; x_wconf 86' lang='lat' dir='ltr'><strong>bominibus;</strong></span> <span class='ocrx_word' id='word_1_60' title='bbox 1192 1098 1252 1163; x_wconf 88' lang='lat' dir='ltr'><strong>sed</strong></span> <span class='ocrx_word' id='word_1_61' title='bbox 1266 1099 1357 1187; x_wconf 82' lang='lat' dir='ltr'><strong>magis</strong></span> 
     </span>
     <span class='ocr_line' id='line_1_9' title="bbox 286 1200 950 1288; baseline 0 -23"><span class='ocrx_word' id='word_1_62' title='bbox 286 1200 492 1266; x_wconf 80' lang='lat' dir='ltr'><strong>admirationi</strong></span> <span class='ocrx_word' id='word_1_63' title='bbox 511 1200 591 1281; x_wconf 89' lang='lat' dir='ltr'><strong>fuit,</strong></span> <span class='ocrx_word' id='word_1_64' title='bbox 610 1200 778 1264; x_wconf 84' lang='lat' dir='ltr'><strong>transferri</strong></span> <span class='ocrx_word' id='word_1_65' title='bbox 796 1200 950 1288; x_wconf 89' lang='lat' dir='ltr'><strong>potuisse.</strong></span> 
     </span>
    </p>

    <p class='ocr_par' dir='ltr' id='par_1_3' title="bbox 283 1296 1380 2508">
     <span class='ocr_line' id='line_1_10' title="bbox 331 1296 1380 1390; baseline -0.001 -23"><span class='ocrx_word' id='word_1_66' title='bbox 331 1303 464 1367; x_wconf 79' lang='lat' dir='ltr'><strong>LXXV.</strong></span> <span class='ocrx_word' id='word_1_67' title='bbox 487 1302 651 1365; x_wconf 68' lang='lat' dir='ltr'><strong>Caeterum</strong></span> <span class='ocrx_word' id='word_1_68' title='bbox 668 1318 733 1365; x_wconf 85' lang='lat' dir='ltr'><strong>tres</strong></span> <span class='ocrx_word' id='word_1_69' title='bbox 748 1302 793 1365; x_wconf 84' lang='lat' dir='ltr'><strong>illi</strong></span> <span class='ocrx_word' id='word_1_70' title='bbox 807 1302 990 1390; x_wconf 83' lang='lat' dir='ltr'><strong>principes,</strong></span> <span class='ocrx_word' id='word_1_71' title='bbox 1005 1302 1072 1366; x_wconf 86' lang='lat' dir='ltr'><strong>suis</strong></span> <span class='ocrx_word' id='word_1_72' title='bbox 1086 1296 1228 1389; x_wconf 83' lang='lat' dir='ltr'><strong>quisque</strong></span> <span class='ocrx_word' id='word_1_73' title='bbox 1244 1302 1354 1381; x_wconf 84' lang='lat' dir='ltr'><strong>causis,</strong></span> <span class='ocrx_word' id='word_1_74' title='bbox 1377 1298 1380 1307; x_wconf 78' lang='grc'><strong>’</strong></span> 
     </span>
     <span class='ocr_line' id='line_1_11' title="bbox 285 1401 1354 1492; baseline -0.003 -25"><span class='ocrx_word' id='word_1_75' title='bbox 285 1404 472 1468; x_wconf 87' lang='lat' dir='ltr'><strong>societatem</strong></span> <span class='ocrx_word' id='word_1_76' title='bbox 491 1403 652 1467; x_wconf 88' lang='lat' dir='ltr'><strong>inierant:</strong></span> <span class='ocrx_word' id='word_1_77' title='bbox 669 1403 865 1492; x_wconf 87' lang='lat' dir='ltr'><strong>Pompeius,</strong></span> <span class='ocrx_word' id='word_1_78' title='bbox 882 1419 920 1466; x_wconf 90' lang='lat' dir='ltr'><strong>ut</strong></span> <span class='ocrx_word' id='word_1_79' title='bbox 938 1402 1068 1467; x_wconf 87' lang='lat' dir='ltr'><strong>tandem</strong></span> <span class='ocrx_word' id='word_1_80' title='bbox 1084 1418 1152 1467; x_wconf 87' lang='lat' dir='ltr'><strong>acta</strong></span> <span class='ocrx_word' id='word_1_81' title='bbox 1167 1426 1228 1467; x_wconf 89' lang='lat' dir='ltr'><strong>sua</strong></span> <span class='ocrx_word' id='word_1_82' title='bbox 1244 1401 1354 1467; x_wconf 85' lang='lat' dir='ltr'><strong>confir·</strong></span> 
     </span>
     <span class='ocr_line' id='line_1_12' title="bbox 287 1503 1353 1585; baseline -0.001 -18"><span class='ocrx_word' id='word_1_83' title='bbox 287 1520 472 1569; x_wconf 87' lang='lat' dir='ltr'><strong>marentur:</strong></span> <span class='ocrx_word' id='word_1_84' title='bbox 486 1506 609 1585; x_wconf 84' lang='lat' dir='ltr'><strong>Caesar,</strong></span> <span class='ocrx_word' id='word_1_85' title='bbox 626 1503 777 1567; x_wconf 91' lang='lat' dir='ltr'><strong>nondum</strong></span> <span class='ocrx_word' id='word_1_86' title='bbox 792 1503 940 1567; x_wconf 87' lang='lat' dir='ltr'><strong>adultum</strong></span> <span class='ocrx_word' id='word_1_87' title='bbox 955 1504 1058 1568; x_wconf 89' lang='lat' dir='ltr'><strong>robur</strong></span> <span class='ocrx_word' id='word_1_88' title='bbox 1072 1506 1278 1569; x_wconf 87' lang='lat' dir='ltr'><strong>committere</strong></span> <span class='ocrx_word' id='word_1_89' title='bbox 1289 1525 1353 1567; x_wconf 87' lang='lat' dir='ltr'><strong>cum</strong></span> 
     </span>
     <span class='ocr_line' id='line_1_13' title="bbox 285 1604 1351 1695; baseline 0 -28"><span class='ocrx_word' id='word_1_90' title='bbox 285 1605 357 1670; x_wconf 78' lang='lat' dir='ltr'><strong>viro</strong></span> <span class='ocrx_word' id='word_1_91' title='bbox 370 1606 468 1670; x_wconf 89' lang='lat' dir='ltr'><strong>tantis</strong></span> <span class='ocrx_word' id='word_1_92' title='bbox 481 1604 645 1669; x_wconf 82' lang='lat' dir='ltr'><strong>radicibus</strong></span> <span class='ocrx_word' id='word_1_93' title='bbox 658 1606 871 1669; x_wconf 83' lang='lat' dir='ltr'><strong>immaturum</strong></span> <span class='ocrx_word' id='word_1_94' title='bbox 885 1621 991 1686; x_wconf 90' lang='lat' dir='ltr'><strong>ratus,</strong></span> <span class='ocrx_word' id='word_1_95' title='bbox 1006 1605 1107 1694; x_wconf 86' lang='lat' dir='ltr'><strong>ipsius</strong></span> <span class='ocrx_word' id='word_1_96' title='bbox 1121 1606 1209 1669; x_wconf 90' lang='lat' dir='ltr'><strong>illius</strong></span> <span class='ocrx_word' id='word_1_97' title='bbox 1226 1606 1351 1695; x_wconf 84' lang='lat' dir='ltr'><strong>opibus,</strong></span> 
     </span>
     <span class='ocr_line' id='line_1_14' title="bbox 286 1706 1354 1796; baseline -0.004 -24"><span class='ocrx_word' id='word_1_98' title='bbox 286 1724 324 1772; x_wconf 90' lang='lat' dir='ltr'><strong>ut</strong></span> <span class='ocrx_word' id='word_1_99' title='bbox 343 1730 378 1772; x_wconf 88' lang='lat' dir='ltr'><strong>se</strong></span> <span class='ocrx_word' id='word_1_100' title='bbox 402 1708 567 1788; x_wconf 91' lang='lat' dir='ltr'><strong>muniret,</strong></span> <span class='ocrx_word' id='word_1_101' title='bbox 586 1706 800 1787; x_wconf 85' lang='lat' dir='ltr'><strong>abutebatur,</strong></span> <span class='ocrx_word' id='word_1_102' title='bbox 822 1708 913 1771; x_wconf 90' lang='lat' dir='ltr'><strong>omni</strong></span> <span class='ocrx_word' id='word_1_103' title='bbox 935 1708 1066 1771; x_wconf 89' lang='lat' dir='ltr'><strong>interim</strong></span> <span class='ocrx_word' id='word_1_104' title='bbox 1087 1708 1131 1771; x_wconf 88' lang='lat' dir='ltr'><strong>illi</strong></span> <span class='ocrx_word' id='word_1_105' title='bbox 1151 1706 1297 1796; x_wconf 85' lang='lat' dir='ltr'><strong>delegata</strong></span> <span class='ocrx_word' id='word_1_106' title='bbox 1314 1708 1354 1769; x_wconf 92' lang='lat' dir='ltr'><strong>in·</strong></span> 
     </span>
     <span class='ocr_line' id='line_1_15' title="bbox 285 1806 1352 1898; baseline -0.006 -25"><span class='ocrx_word' id='word_1_107' title='bbox 285 1809 388 1890; x_wconf 81' lang='lat' dir='ltr'><strong>vidia;</strong></span> <span class='ocrx_word' id='word_1_108' title='bbox 402 1808 500 1873; x_wconf 85' lang='lat' dir='ltr'><strong>simui</strong></span> <span class='ocrx_word' id='word_1_109' title='bbox 521 1809 628 1873; x_wconf 90' lang='lat' dir='ltr'><strong>Crassi</strong></span> <span class='ocrx_word' id='word_1_110' title='bbox 649 1807 814 1872; x_wconf 89' lang='lat' dir='ltr'><strong>retinebat</strong></span> <span class='ocrx_word' id='word_1_111' title='bbox 828 1808 932 1872; x_wconf 86' lang='lat' dir='ltr'><strong>studia</strong></span> <span class='ocrx_word' id='word_1_112' title='bbox 950 1810 1088 1898; x_wconf 84' lang='lat' dir='ltr'><strong>graviter</strong></span> <span class='ocrx_word' id='word_1_113' title='bbox 1101 1809 1316 1885; x_wconf 86' lang='lat' dir='ltr'><strong>adversaturi,</strong></span> <span class='ocrx_word' id='word_1_114' title='bbox 1331 1806 1352 1869; x_wconf 89' lang='lat' dir='ltr'><strong>si</strong></span> 
     </span>
     <span class='ocr_line' id='line_1_16' title="bbox 284 1909 1351 1999; baseline -0.002 -24"><span class='ocrx_word' id='word_1_115' title='bbox 284 1910 554 1999; x_wconf 6' lang='lat' dir='ltr'><strong>Pompeiumtsibi</strong></span> <span class='ocrx_word' id='word_1_116' title='bbox 571 1911 792 1997; x_wconf 87' lang='lat' dir='ltr'><strong>antepositum</strong></span> <span class='ocrx_word' id='word_1_117' title='bbox 809 1932 828 1974; x_wconf 89' lang='lat' dir='ltr'><strong>a</strong></span> <span class='ocrx_word' id='word_1_118' title='bbox 843 1913 968 1975; x_wconf 82' lang='lat' dir='ltr'><strong>Caesare</strong></span> <span class='ocrx_word' id='word_1_119' title='bbox 982 1909 1133 1975; x_wconf 84' lang='lat' dir='ltr'><strong>vidisset:</strong></span> <span class='ocrx_word' id='word_1_120' title='bbox 1149 1910 1197 1975; x_wconf 88' lang='lat' dir='ltr'><strong>M.</strong></span> <span class='ocrx_word' id='word_1_121' title='bbox 1209 1914 1351 1987; x_wconf 85' lang='lat' dir='ltr'><strong>Crassus,</strong></span> 
     </span>
     <span class='ocr_line' id='line_1_17' title="bbox 283 2011 1351 2104; baseline -0.006 -25"><span class='ocrx_word' id='word_1_122' title='bbox 283 2014 423 2104; x_wconf 88' lang='lat' dir='ltr'><strong>cupidus</strong></span> <span class='ocrx_word' id='word_1_123' title='bbox 441 2013 538 2103; x_wconf 89' lang='lat' dir='ltr'><strong>primi</strong></span> <span class='ocrx_word' id='word_1_124' title='bbox 557 2012 639 2093; x_wconf 87' lang='lat' dir='ltr'><strong>loci,</strong></span> <span class='ocrx_word' id='word_1_125' title='bbox 656 2012 714 2077; x_wconf 88' lang='lat' dir='ltr'><strong>sed</strong></span> <span class='ocrx_word' id='word_1_126' title='bbox 730 2011 904 2077; x_wconf 90' lang='lat' dir='ltr'><strong>retinendo</strong></span> <span class='ocrx_word' id='word_1_127' title='bbox 922 2013 1043 2100; x_wconf 90' lang='lat' dir='ltr'><strong>impar,</strong></span> <span class='ocrx_word' id='word_1_128' title='bbox 1059 2012 1100 2077; x_wconf 89' lang='lat' dir='ltr'><strong>ad</strong></span> <span class='ocrx_word' id='word_1_129' title='bbox 1114 2035 1181 2077; x_wconf 87' lang='lat' dir='ltr'><strong>rem</strong></span> <span class='ocrx_word' id='word_1_130' title='bbox 1201 2014 1351 2101; x_wconf 86' lang='lat' dir='ltr'><strong>pertinere</strong></span> 
     </span>
     <span class='ocr_line' id='line_1_18' title="bbox 285 2113 1350 2200; baseline -0.008 -20"><span class='ocrx_word' id='word_1_131' title='bbox 285 2115 459 2195; x_wconf 82' lang='lat' dir='ltr'><strong>credebat,</strong></span> <span class='ocrx_word' id='word_1_132' title='bbox 481 2113 508 2177; x_wconf 91' lang='lat' dir='ltr'><strong>si</strong></span> <span class='ocrx_word' id='word_1_133' title='bbox 531 2113 675 2177; x_wconf 91' lang='lat' dir='ltr'><strong>duorum</strong></span> <span class='ocrx_word' id='word_1_134' title='bbox 693 2114 997 2200; x_wconf 89' lang='lat' dir='ltr'><strong>potentissimorum</strong></span> <span class='ocrx_word' id='word_1_135' title='bbox 1023 2113 1146 2178; x_wconf 84' lang='lat' dir='ltr'><strong>viribus</strong></span> <span class='ocrx_word' id='word_1_136' title='bbox 1169 2115 1350 2189; x_wconf 74' lang='lat' dir='ltr'><strong>fulciretur3</strong></span> 
     </span>
     <span class='ocr_line' id='line_1_19' title="bbox 285 2216 1349 2307; baseline -0.007 -25"><span class='ocrx_word' id='word_1_137' title='bbox 285 2218 498 2307; x_wconf 90' lang='lat' dir='ltr'><strong>sperabatque</strong></span> <span class='ocrx_word' id='word_1_138' title='bbox 523 2216 654 2279; x_wconf 74' lang='lat' dir='ltr'><strong>Caesaris</strong></span> <span class='ocrx_word' id='word_1_139' title='bbox 680 2231 879 2279; x_wconf 89' lang='lat' dir='ltr'><strong>crescentem</strong></span> <span class='ocrx_word' id='word_1_140' title='bbox 905 2216 1108 2304; x_wconf 86' lang='lat' dir='ltr'><strong>potentiam,</strong></span> <span class='ocrx_word' id='word_1_141' title='bbox 1132 2238 1210 2279; x_wconf 90' lang='lat' dir='ltr'><strong>cum</strong></span> <span class='ocrx_word' id='word_1_142' title='bbox 1238 2232 1349 2280; x_wconf 86' lang='lat' dir='ltr'><strong>matura</strong></span> 
     </span>
     <span class='ocr_line' id='line_1_20' title="bbox 283 2316 1349 2407; baseline -0.007 -23"><span class='ocrx_word' id='word_1_143' title='bbox 283 2318 431 2407; x_wconf 89' lang='lat' dir='ltr'><strong>Pompeii</strong></span> <span class='ocrx_word' id='word_1_144' title='bbox 454 2316 647 2380; x_wconf 89' lang='lat' dir='ltr'><strong>auctoritate</strong></span> <span class='ocrx_word' id='word_1_145' title='bbox 669 2316 714 2379; x_wconf 89' lang='lat' dir='ltr'><strong>ita</strong></span> <span class='ocrx_word' id='word_1_146' title='bbox 736 2316 1010 2398; x_wconf 90' lang='lat' dir='ltr'><strong>commissurum,</strong></span> <span class='ocrx_word' id='word_1_147' title='bbox 1029 2333 1089 2397; x_wconf 89' lang='lat' dir='ltr'><strong>ut,</strong></span> <span class='ocrx_word' id='word_1_148' title='bbox 1116 2316 1166 2380; x_wconf 90' lang='lat' dir='ltr'><strong>his</strong></span> <span class='ocrx_word' id='word_1_149' title='bbox 1186 2331 1349 2381; x_wconf 83' lang='lat' dir='ltr'><strong>mutuose</strong></span> 
     </span>
     <span class='ocr_line' id='line_1_21' title="bbox 283 2416 1136 2508; baseline -0.002 -24"><span class='ocrx_word' id='word_1_150' title='bbox 283 2420 517 2498; x_wconf 87' lang='lat' dir='ltr'><strong>atterentibus,</strong></span> <span class='ocrx_word' id='word_1_151' title='bbox 534 2416 672 2498; x_wconf 87' lang='lat' dir='ltr'><strong>majores</strong></span> <span class='ocrx_word' id='word_1_152' title='bbox 691 2417 760 2506; x_wconf 90' lang='lat' dir='ltr'><strong>ipse</strong></span> <span class='ocrx_word' id='word_1_153' title='bbox 777 2440 856 2508; x_wconf 85' lang='lat' dir='ltr'><strong>opes·</strong></span> <span class='ocrx_word' id='word_1_154' title='bbox 870 2434 1136 2507; x_wconf 87' lang='lat' dir='ltr'><strong>consequeretur.</strong></span> 
     </span>
    </p>

    <p class='ocr_par' dir='ltr' id='par_1_4' title="bbox 191 2519 1348 3932">
     <span class='ocr_line' id='line_1_22' title="bbox 329 2519 1348 2602; baseline -0.006 -16"><span class='ocrx_word' id='word_1_155' title='bbox 329 2523 474 2586; x_wconf 83' lang='lat' dir='ltr'><strong>LXXVI.</strong></span> <span class='ocrx_word' id='word_1_156' title='bbox 489 2522 573 2584; x_wconf 88' lang='lat' dir='ltr'><strong>Nam</strong></span> <span class='ocrx_word' id='word_1_157' title='bbox 592 2521 659 2584; x_wconf 89' lang='lat' dir='ltr'><strong>buc</strong></span> <span class='ocrx_word' id='word_1_158' title='bbox 675 2519 785 2583; x_wconf 89' lang='lat' dir='ltr'><strong>omnia</strong></span> <span class='ocrx_word' id='word_1_159' title='bbox 801 2543 859 2584; x_wconf 89' lang='lat' dir='ltr'><strong>sua</strong></span> <span class='ocrx_word' id='word_1_160' title='bbox 872 2521 1005 2584; x_wconf 88' lang='lat' dir='ltr'><strong>consilia</strong></span> <span class='ocrx_word' id='word_1_161' title='bbox 1019 2521 1097 2584; x_wconf 90' lang='lat' dir='ltr'><strong>olim</strong></span> <span class='ocrx_word' id='word_1_162' title='bbox 1112 2519 1286 2602; x_wconf 82' lang='lat' dir='ltr'><strong>retulerat3</strong></span> <span class='ocrx_word' id='word_1_163' title='bbox 1302 2541 1348 2581; x_wconf 85' lang='lat' dir='ltr'><strong>ne·</strong></span> 
     </span>
     <span class='ocr_line' id='line_1_23' title="bbox 283 2621 1348 2711; baseline -0.005 -24"><span class='ocrx_word' id='word_1_164' title='bbox 283 2646 349 2711; x_wconf 86' lang='lat' dir='ltr'><strong>que</strong></span> <span class='ocrx_word' id='word_1_165' title='bbox 361 2623 572 2711; x_wconf 81' lang='lat' dir='ltr'><strong>optimatibus</strong></span> <span class='ocrx_word' id='word_1_166' title='bbox 584 2643 718 2710; x_wconf 88' lang='lat' dir='ltr'><strong>prorsus</strong></span> <span class='ocrx_word' id='word_1_167' title='bbox 731 2621 897 2703; x_wconf 86' lang='lat' dir='ltr'><strong>addictus,</strong></span> <span class='ocrx_word' id='word_1_168' title='bbox 917 2644 1025 2709; x_wconf 89' lang='lat' dir='ltr'><strong>neque</strong></span> <span class='ocrx_word' id='word_1_169' title='bbox 1037 2621 1177 2686; x_wconf 81' lang='lat' dir='ltr'><strong>vicissim</strong></span> <span class='ocrx_word' id='word_1_170' title='bbox 1197 2621 1241 2686; x_wconf 83' lang='lat' dir='ltr'><strong>ita</strong></span> <span class='ocrx_word' id='word_1_171' title='bbox 1253 2643 1348 2710; x_wconf 91' lang='lat' dir='ltr'><strong>popu·</strong></span> 
     </span>
     <span class='ocr_line' id='line_1_24' title="bbox 284 2722 1346 2813; baseline -0.006 -25"><span class='ocrx_word' id='word_1_172' title='bbox 284 2725 378 2804; x_wconf 87' lang='lat' dir='ltr'><strong>laris,</strong></span> <span class='ocrx_word' id='word_1_173' title='bbox 400 2740 438 2788; x_wconf 88' lang='lat' dir='ltr'><strong>ut</strong></span> <span class='ocrx_word' id='word_1_174' title='bbox 458 2722 580 2786; x_wconf 86' lang='lat' dir='ltr'><strong>oblitus</strong></span> <span class='ocrx_word' id='word_1_175' title='bbox 603 2723 701 2785; x_wconf 72' lang='lat' dir='ltr'><strong>curia</strong></span> <span class='ocrx_word' id='word_1_176' title='bbox 725 2722 914 2786; x_wconf 86' lang='lat' dir='ltr'><strong>videretur:</strong></span> <span class='ocrx_word' id='word_1_177' title='bbox 935 2739 1063 2786; x_wconf 90' lang='lat' dir='ltr'><strong>tantum</strong></span> <span class='ocrx_word' id='word_1_178' title='bbox 1087 2723 1151 2786; x_wconf 89' lang='lat' dir='ltr'><strong>hoc</strong></span> <span class='ocrx_word' id='word_1_179' title='bbox 1173 2725 1303 2813; x_wconf 84' lang='lat' dir='ltr'><strong>agebat,</strong></span> <span class='ocrx_word' id='word_1_180' title='bbox 1318 2735 1346 2782; x_wconf 91' lang='lat' dir='ltr'><strong>ut</strong></span> 
     </span>
     <span class='ocr_line' id='line_1_25' title="bbox 282 2821 1346 2915; baseline -0.002 -25"><span class='ocrx_word' id='word_1_181' title='bbox 282 2825 445 2915; x_wconf 90' lang='lat' dir='ltr'><strong>quidquid</strong></span> <span class='ocrx_word' id='word_1_182' title='bbox 466 2824 627 2888; x_wconf 82' lang='lat' dir='ltr'><strong>utrisiibet</strong></span> <span class='ocrx_word' id='word_1_183' title='bbox 648 2840 778 2912; x_wconf 81' lang='lat' dir='ltr'><strong>gratum</strong></span> <span class='ocrx_word' id='word_1_184' title='bbox 796 2821 983 2905; x_wconf 86' lang='lat' dir='ltr'><strong>accidisset,</strong></span> <span class='ocrx_word' id='word_1_185' title='bbox 1007 2823 1042 2887; x_wconf 91' lang='lat' dir='ltr'><strong>id</strong></span> <span class='ocrx_word' id='word_1_186' title='bbox 1062 2845 1097 2887; x_wconf 86' lang='lat' dir='ltr'><strong>se</strong></span> <span class='ocrx_word' id='word_1_187' title='bbox 1119 2839 1270 2907; x_wconf 88' lang='lat' dir='ltr'><strong>auctore;</strong></span> <span class='ocrx_word' id='word_1_188' title='bbox 1286 2843 1346 2910; x_wconf 71' lang='lat' dir='ltr'><strong>qur</strong></span> 
     </span>
     <span class='ocr_line' id='line_1_26' title="bbox 282 2921 1345 3014; baseline -0.004 -25"><span class='ocrx_word' id='word_1_189' title='bbox 282 2943 396 2991; x_wconf 85' lang='lat' dir='ltr'><strong>contra</strong></span> <span class='ocrx_word' id='word_1_190' title='bbox 417 2943 543 3007; x_wconf 85' lang='lat' dir='ltr'><strong>essent,</strong></span> <span class='ocrx_word' id='word_1_191' title='bbox 568 2924 669 2987; x_wconf 87' lang='lat' dir='ltr'><strong>invito</strong></span> <span class='ocrx_word' id='word_1_192' title='bbox 689 2941 723 2988; x_wconf 88' lang='lat' dir='ltr'><strong>at</strong></span> <span class='ocrx_word' id='word_1_193' title='bbox 743 2925 876 3014; x_wconf 84' lang='lat' dir='ltr'><strong>ignaro,</strong></span> <span class='ocrx_word' id='word_1_194' title='bbox 902 2926 985 2989; x_wconf 84' lang='lat' dir='ltr'><strong>facta</strong></span> <span class='ocrx_word' id='word_1_195' title='bbox 1010 2941 1234 2991; x_wconf 86' lang='lat' dir='ltr'><strong>censerentur.</strong></span> <span class='ocrx_word' id='word_1_196' title='bbox 1259 2921 1345 3011; x_wconf 85' lang='lat' dir='ltr'><strong>Atqui</strong></span> 
     </span>
     <span class='ocr_line' id='line_1_27' title="bbox 281 3025 1345 3117; baseline -0.006 -24"><span class='ocrx_word' id='word_1_197' title='bbox 281 3029 482 3117; x_wconf 87' lang='lat' dir='ltr'><strong>reliquorum</strong></span> <span class='ocrx_word' id='word_1_198' title='bbox 501 3029 597 3092; x_wconf 88' lang='lat' dir='ltr'><strong>etiam</strong></span> <span class='ocrx_word' id='word_1_199' title='bbox 617 3026 804 3116; x_wconf 91' lang='lat' dir='ltr'><strong>principum</strong></span> <span class='ocrx_word' id='word_1_200' title='bbox 823 3050 922 3091; x_wconf 89' lang='lat' dir='ltr'><strong>nemo</strong></span> <span class='ocrx_word' id='word_1_201' title='bbox 936 3027 1099 3092; x_wconf 91' lang='lat' dir='ltr'><strong>sincerum</strong></span> <span class='ocrx_word' id='word_1_202' title='bbox 1116 3027 1159 3092; x_wconf 89' lang='lat' dir='ltr'><strong>ad</strong></span> <span class='ocrx_word' id='word_1_203' title='bbox 1175 3025 1345 3116; x_wconf 89' lang='lat' dir='ltr'><strong>rempubli-</strong></span> 
     </span>
     <span class='ocr_line' id='line_1_28' title="bbox 191 3126 1344 3210; baseline -0.006 -15"><span class='ocrx_word' id='word_1_204' title='bbox 191 3189 196 3195; x_wconf 89' lang='lat'><strong>.</strong></span> <span class='ocrx_word' id='word_1_205' title='bbox 281 3155 352 3194; x_wconf 89' lang='lat' dir='ltr'><strong>cam</strong></span> <span class='ocrx_word' id='word_1_206' title='bbox 368 3130 536 3210; x_wconf 85' lang='lat' dir='ltr'><strong>studium,</strong></span> <span class='ocrx_word' id='word_1_207' title='bbox 554 3129 652 3192; x_wconf 83' lang='lat' dir='ltr'><strong>nuilis</strong></span> <span class='ocrx_word' id='word_1_208' title='bbox 673 3126 824 3193; x_wconf 86' lang='lat' dir='ltr'><strong>admixtis</strong></span> <span class='ocrx_word' id='word_1_209' title='bbox 843 3129 1030 3193; x_wconf 88' lang='lat' dir='ltr'><strong>ambitionis</strong></span> <span class='ocrx_word' id='word_1_210' title='bbox 1052 3129 1232 3194; x_wconf 83' lang='lat' dir='ltr'><strong>avaritiaeve</strong></span> <span class='ocrx_word' id='word_1_211' title='bbox 1251 3126 1344 3194; x_wconf 84' lang='lat' dir='ltr'><strong>sordi·</strong></span> 
     </span>
     <span class='ocr_line' id='line_1_29' title="bbox 280 3229 1344 3318; baseline -0.007 -21"><span class='ocrx_word' id='word_1_212' title='bbox 280 3233 362 3314; x_wconf 91' lang='lat' dir='ltr'><strong>bus,</strong></span> <span class='ocrx_word' id='word_1_213' title='bbox 378 3231 554 3311; x_wconf 80' lang='lat' dir='ltr'><strong>afferebat3</strong></span> <span class='ocrx_word' id='word_1_214' title='bbox 578 3253 647 3294; x_wconf 89' lang='lat' dir='ltr'><strong>uno</strong></span> <span class='ocrx_word' id='word_1_215' title='bbox 665 3246 801 3318; x_wconf 86' lang='lat' dir='ltr'><strong>excepto</strong></span> <span class='ocrx_word' id='word_1_216' title='bbox 824 3232 964 3314; x_wconf 89' lang='lat' dir='ltr'><strong>Catone,</strong></span> <span class='ocrx_word' id='word_1_217' title='bbox 989 3231 1082 3312; x_wconf 85' lang='lat' dir='ltr'><strong>cujus</strong></span> <span class='ocrx_word' id='word_1_218' title='bbox 1104 3231 1224 3295; x_wconf 85' lang='lat' dir='ltr'><strong>invicta</strong></span> <span class='ocrx_word' id='word_1_219' title='bbox 1240 3229 1281 3295; x_wconf 88' lang='lat' dir='ltr'><strong>ad</strong></span> <span class='ocrx_word' id='word_1_220' title='bbox 1297 3251 1344 3291; x_wconf 85' lang='lat' dir='ltr'><strong>er·</strong></span> 
     </span>
     <span class='ocr_line' id='line_1_30' title="bbox 281 3331 1343 3422; baseline -0.006 -24"><span class='ocrx_word' id='word_1_221' title='bbox 281 3353 422 3398; x_wconf 92' lang='lat' dir='ltr'><strong>tremum</strong></span> <span class='ocrx_word' id='word_1_222' title='bbox 442 3331 641 3413; x_wconf 86' lang='lat' dir='ltr'><strong>constantia,</strong></span> <span class='ocrx_word' id='word_1_223' title='bbox 658 3355 847 3420; x_wconf 88' lang='lat' dir='ltr'><strong>quanquam</strong></span> <span class='ocrx_word' id='word_1_224' title='bbox 865 3333 987 3397; x_wconf 89' lang='lat' dir='ltr'><strong>nudata</strong></span> <span class='ocrx_word' id='word_1_225' title='bbox 1004 3333 1160 3422; x_wconf 73' lang='lat' dir='ltr'><strong>praesidiis</strong></span> <span class='ocrx_word' id='word_1_226' title='bbox 1178 3333 1343 3408; x_wconf 84' lang='lat' dir='ltr'><strong>omnibus,</strong></span> 
     </span>
     <span class='ocr_line' id='line_1_31' title="bbox 279 3431 1343 3522; baseline -0.004 -22"><span class='ocrx_word' id='word_1_227' title='bbox 279 3437 313 3500; x_wconf 92' lang='lat' dir='ltr'><strong>in</strong></span> <span class='ocrx_word' id='word_1_228' title='bbox 330 3433 453 3499; x_wconf 89' lang='lat' dir='ltr'><strong>tuenda</strong></span> <span class='ocrx_word' id='word_1_229' title='bbox 468 3434 632 3522; x_wconf 90' lang='lat' dir='ltr'><strong>republica</strong></span> <span class='ocrx_word' id='word_1_230' title='bbox 643 3435 792 3521; x_wconf 85' lang='lat' dir='ltr'><strong>perstitit.</strong></span> <span class='ocrx_word' id='word_1_231' title='bbox 811 3435 992 3516; x_wconf 73' lang='lat' dir='ltr'><strong>Caeterum,</strong></span> <span class='ocrx_word' id='word_1_232' title='bbox 1008 3458 1075 3522; x_wconf 92' lang='lat' dir='ltr'><strong>quo</strong></span> <span class='ocrx_word' id='word_1_233' title='bbox 1090 3435 1228 3516; x_wconf 88' lang='lat' dir='ltr'><strong>majores</strong></span> <span class='ocrx_word' id='word_1_234' title='bbox 1242 3431 1343 3520; x_wconf 84' lang='lat' dir='ltr'><strong>acqui·</strong></span> 
     </span>
     <span class='ocr_line' id='line_1_32' title="bbox 279 3532 1343 3625; baseline -0.006 -23"><span class='ocrx_word' id='word_1_235' title='bbox 279 3554 365 3602; x_wconf 90' lang='lat' dir='ltr'><strong>reret</strong></span> <span class='ocrx_word' id='word_1_236' title='bbox 380 3537 465 3601; x_wconf 86' lang='lat' dir='ltr'><strong>vires</strong></span> <span class='ocrx_word' id='word_1_237' title='bbox 487 3536 610 3600; x_wconf 83' lang='lat' dir='ltr'><strong>tardius</strong></span> <span class='ocrx_word' id='word_1_238' title='bbox 626 3535 848 3600; x_wconf 78' lang='lat' dir='ltr'><strong>animadversa</strong></span> <span class='ocrx_word' id='word_1_239' title='bbox 865 3537 1080 3625; x_wconf 86' lang='lat' dir='ltr'><strong>conspiratio,</strong></span> <span class='ocrx_word' id='word_1_240' title='bbox 1099 3537 1263 3602; x_wconf 89' lang='lat' dir='ltr'><strong>dederunt</strong></span> <span class='ocrx_word' id='word_1_241' title='bbox 1281 3532 1343 3598; x_wconf 86' lang='lat' dir='ltr'><strong>diii·</strong></span> 
     </span>
     <span class='ocr_line' id='line_1_33' title="bbox 279 3638 1343 3730; baseline -0.003 -26"><span class='ocrx_word' id='word_1_242' title='bbox 279 3654 409 3730; x_wconf 83' lang='lat' dir='ltr'><strong>gentem</strong></span> <span class='ocrx_word' id='word_1_243' title='bbox 426 3660 576 3726; x_wconf 90' lang='lat' dir='ltr'><strong>operam,</strong></span> <span class='ocrx_word' id='word_1_244' title='bbox 595 3655 633 3702; x_wconf 91' lang='lat' dir='ltr'><strong>ut</strong></span> <span class='ocrx_word' id='word_1_245' title='bbox 649 3654 796 3728; x_wconf 83' lang='lat' dir='ltr'><strong>tegerent</strong></span> <span class='ocrx_word' id='word_1_246' title='bbox 815 3662 886 3702; x_wconf 87' lang='lat' dir='ltr'><strong>eam</strong></span> <span class='ocrx_word' id='word_1_247' title='bbox 906 3638 1233 3728; x_wconf 86' lang='lat' dir='ltr'><strong>dissimularentque:</strong></span> <span class='ocrx_word' id='word_1_248' title='bbox 1248 3655 1343 3724; x_wconf 81' lang='lat' dir='ltr'><strong>neque</strong></span> 
     </span>
     <span class='ocr_line' id='line_1_34' title="bbox 278 3739 1341 3831; baseline -0.007 -25"><span class='ocrx_word' id='word_1_249' title='bbox 278 3765 318 3807; x_wconf 90' lang='lat' dir='ltr'><strong>eo</strong></span> <span class='ocrx_word' id='word_1_250' title='bbox 333 3741 437 3805; x_wconf 91' lang='lat' dir='ltr'><strong>secius</strong></span> <span class='ocrx_word' id='word_1_251' title='bbox 453 3739 741 3804; x_wconf 87' lang='lat' dir='ltr'><strong>communicabant</strong></span> <span class='ocrx_word' id='word_1_252' title='bbox 758 3741 911 3823; x_wconf 79' lang='lat' dir='ltr'><strong>consilia,</strong></span> <span class='ocrx_word' id='word_1_253' title='bbox 932 3757 966 3806; x_wconf 93' lang='lat' dir='ltr'><strong>et</strong></span> <span class='ocrx_word' id='word_1_254' title='bbox 988 3741 1151 3831; x_wconf 92' lang='lat' dir='ltr'><strong>quidquid</strong></span> <span class='ocrx_word' id='word_1_255' title='bbox 1169 3740 1341 3806; x_wconf 83' lang='lat' dir='ltr'><strong>conducere</strong></span> 
     </span>
     <span class='ocr_line' id='line_1_35' title="bbox 277 3841 1338 3932; baseline -0.009 -22"><span class='ocrx_word' id='word_1_256' title='bbox 277 3845 345 3910; x_wconf 87' lang='lat' dir='ltr'><strong>suis</strong></span> <span class='ocrx_word' id='word_1_257' title='bbox 355 3842 536 3907; x_wconf 88' lang='lat' dir='ltr'><strong>rationibus</strong></span> <span class='ocrx_word' id='word_1_258' title='bbox 546 3841 651 3905; x_wconf 83' lang='lat' dir='ltr'><strong>visum</strong></span> <span class='ocrx_word' id='word_1_259' title='bbox 661 3842 941 3922; x_wconf 83' lang='lat' dir='ltr'><strong>erat,conjunctis</strong></span> <span class='ocrx_word' id='word_1_260' title='bbox 952 3842 1070 3932; x_wconf 88' lang='lat' dir='ltr'><strong>opibus</strong></span> <span class='ocrx_word' id='word_1_261' title='bbox 1080 3841 1338 3930; x_wconf 84' lang='lat' dir='ltr'><strong>exsequebantur.</strong></span> 
     </span>
    </p>
   </div>
   <div class='ocr_carea' id='block_1_2' title="bbox 275 4045 1336 4197">
    <p class='ocr_par' dir='ltr' id='par_1_5' title="bbox 275 4045 1336 4197">
     <span class='ocr_line' id='line_1_36' title="bbox 313 4045 1336 4114; baseline -0.011 -17"><span class='ocrx_word' id='word_1_262' title='bbox 313 4047 330 4114; x_wconf 71' lang='lat' dir='ltr'>S</span> <span class='ocrx_word' id='word_1_263' title='bbox 345 4048 462 4097; x_wconf 79' lang='lat' dir='ltr'><strong>mlv.</strong></span> <span class='ocrx_word' id='word_1_264' title='bbox 475 4047 528 4096; x_wconf 82' lang='lat' dir='ltr'><strong>Cic.</strong></span> <span class='ocrx_word' id='word_1_265' title='bbox 543 4045 570 4094; x_wconf 84' lang='lat' dir='ltr'><strong>in</strong></span> <span class='ocrx_word' id='word_1_266' title='bbox 583 4045 647 4095; x_wconf 78' lang='lat' dir='ltr'><strong>Phil.</strong></span> <span class='ocrx_word' id='word_1_267' title='bbox 660 4049 698 4106; x_wconf 87' lang='lat' dir='ltr'><strong>tt,</strong></span> <span class='ocrx_word' id='word_1_268' title='bbox 713 4061 754 4095; x_wconf 87' lang='lat' dir='ltr'><strong>ro.</strong></span> <span class='ocrx_word' id='word_1_269' title='bbox 770 4073 806 4086; x_wconf 93' lang='lat'>-</span> <span class='ocrx_word' id='word_1_270' title='bbox 821 4047 879 4097; x_wconf 86' lang='lat' dir='ltr'><strong>Dio.</strong></span> <span class='ocrx_word' id='word_1_271' title='bbox 894 4075 930 4086; x_wconf 91' lang='lat'>—</span> <span class='ocrx_word' id='word_1_272' title='bbox 942 4047 1289 4113; x_wconf 74' lang='lat' dir='ltr'><strong>Appian.-—Plin.1xxv,</strong></span> <span class='ocrx_word' id='word_1_273' title='bbox 1303 4049 1336 4096; x_wconf 81' lang='lat' dir='ltr'><strong>rt.</strong></span> 
     </span>
     <span class='ocr_line' id='line_1_37' title="bbox 275 4129 1219 4197; baseline 0 -18"><span class='ocrx_word' id='word_1_274' title='bbox 275 4159 311 4169; x_wconf 93' lang='lat'><em>-</em></span> <span class='ocrx_word' id='word_1_275' title='bbox 324 4130 340 4196; x_wconf 70' lang='lat' dir='ltr'>s</span> <span class='ocrx_word' id='word_1_276' title='bbox 356 4132 459 4179; x_wconf 77' lang='lat' dir='ltr'><strong>tm.</strong></span> <span class='ocrx_word' id='word_1_277' title='bbox 467 4130 532 4178; x_wconf 68' lang='lat' dir='ltr'><strong>vett.</strong></span> <span class='ocrx_word' id='word_1_278' title='bbox 544 4131 580 4185; x_wconf 89' lang='lat'><strong>11,</strong></span> <span class='ocrx_word' id='word_1_279' title='bbox 594 4137 636 4186; x_wconf 71' lang='lat' dir='ltr'><strong>tt.</strong></span> <span class='ocrx_word' id='word_1_280' title='bbox 646 4158 681 4168; x_wconf 97' lang='lat'><em>-</em></span> <span class='ocrx_word' id='word_1_281' title='bbox 690 4130 749 4180; x_wconf 78' lang='lat' dir='ltr'><strong>nto.</strong></span> <span class='ocrx_word' id='word_1_282' title='bbox 760 4158 789 4168; x_wconf 92' lang='lat'><em>-</em></span> <span class='ocrx_word' id='word_1_283' title='bbox 806 4129 871 4178; x_wconf 82' lang='lat' dir='ltr'><strong>Plut.</strong></span> <span class='ocrx_word' id='word_1_284' title='bbox 882 4131 909 4180; x_wconf 90' lang='lat' dir='ltr'><strong>in</strong></span> <span class='ocrx_word' id='word_1_285' title='bbox 921 4133 1009 4197; x_wconf 85' lang='lat' dir='ltr'><strong>Pomp.</strong></span> <span class='ocrx_word' id='word_1_286' title='bbox 1018 4131 1081 4183; x_wconf 72' lang='lat' dir='ltr'><strong>Cn.</strong></span> <span class='ocrx_word' id='word_1_287' title='bbox 1091 4143 1115 4181; x_wconf 89' lang='lat' dir='ltr'><strong>et</strong></span> <span class='ocrx_word' id='word_1_288' title='bbox 1125 4133 1219 4182; x_wconf 76' lang='lat' dir='ltr'><strong>Crasso.</strong></span> 
     </span>
    </p>
   </div>
   <div class='ocr_carea' id='block_1_3' title="bbox 0 0 1442 4900">
    <p class='ocr_par' dir='ltr' id='par_1_6' title="bbox 0 0 1442 4900">
     <span class='ocr_line' id='line_1_38' title="bbox 0 0 1442 4900; baseline 0 3"><span class='ocrx_word' id='word_1_289' title='bbox 0 0 1442 4900; x_wconf 95' lang='lat' dir='ltr'><strong> </strong></span> 
     </span>
    </p>
   </div>
  </div>
 </body>
</html>
