2875 4900
708 220 722 259 s

300 375 372 457 [qao
472 371 490 436 J
497 370 539 436 Ο.
569 368 907 437 FREINSIIEMII
939 370 1182 441 SUPPLEM.

300 493 411 559 tiocho
425 492 667 579 Commagene,
682 489 781 553 Dario
794 488 910 553 Mediae
924 490 1072 579 regibus,
1085 492 1348 581 quinquagesima,

301 616 398 684 quarn
416 615 455 656 ex
474 591 581 655 Ponto
599 591 764 677 profectus
787 608 875 672 erat,
897 592 968 674 die,
987 594 1149 658 Ecbatana
1166 613 1349 682 pervenerat.

300 695 449 785 Duplicia
471 694 604 756 luerunt
626 691 791 755 Ecbatana
816 692 936 781 dispari
959 694 1126 759 nobilitate
1145 720 1153 761 ι
1176 720 1250 761 nam
1267 698 1350 760 altera

299 801 488 875 Persarum,
499 791 617 857 deinde
628 792 825 857 Parthorum
840 816 955 883 regum
967 795 1083 859 testinis
1097 797 1262 861 notissima
1270 812 1350 874 sunt;

300 902 444 989 Syriaca,
461 910 578 985 praeter
592 892 849 958 mediocritatem
862 918 985 983 opum,
1003 919 1124 961 nomen
1141 920 1272 986 quoque
1288 920 1349 961 mu·

300 1019 402 1068 tatum
427 994 629 1075 obscuravit,
648 1010 822 1083 postquam
842 1020 861 1059 a
882 1014 1014 1078 monte,
1035 998 1071 1061 in
1091 1021 1159 1086 quo
1177 1000 1276 1064 situm
1294 1015 1350 1063 erat

299 1101 477 1193 oppidum,
500 1096 679 1163 camelum
696 1097 856 1185 appellare
873 1117 1053 1187 coeperunt.

342 1201 497 1267 XXVIII.
510 1198 560 1263 Ad
573 1198 658 1261 hanc
667 1198 767 1287 igitur
776 1199 875 1287 Syriae
888 1200 1005 1265 urbem
1016 1200 1142 1267 venisse
1153 1202 1349 1291 Pompeium,

299 1329 366 1369 non
386 1303 427 1367 ad
447 1300 626 1381 Medicam,
640 1300 798 1381 orbitani-3
816 1323 1003 1387 quanquam
1019 1302 1110 1365 aliter
1126 1318 1175 1367 est
1192 1304 1235 1367 ab
1250 1302 1350 1365 Orosio

298 1404 465 1470 traditum.
486 1402 555 1467 Nee
579 1400 670 1481 ideo,
689 1401 766 1487 quia
786 1423 863 1465 cum
885 1401 1059 1467 Medorum
1080 1425 1154 1491 rege
1174 1404 1293 1475 bellum
1309 1403 1351 1465 ha·

298 1506 390 1581 buit,
413 1503 454 1568 ad
472 1502 637 1567 Ecbatana
657 1502 843 1589 pervenisse
864 1502 1045 1567 credendus
1069 1521 1141 1585 est3
1163 1526 1239 1568 narn
1255 1505 1348 1583 illum,

298 1608 453 1673 auxilium
479 1603 643 1669 Antiocho
664 1603 843 1684 terentem,
866 1605 973 1693 coegit
998 1604 1112 1693 fugere
1129 1628 1138 1669 ε
1158 1629 1266 1694 neque
1287 1626 1350 1668 vero

297 1709 437 1774 Parthus
457 1704 648 1794 quievisset,
665 1704 838 1770 accedente
856 1708 1007 1771 Romano
1019 1708 1061 1771 ad
1076 1708 1169 1797 regni
1185 1710 1238 1773 sui
1253 1725 1348 1797 caput,

298 1805 575 1900 quemadmodum
596 1806 636 1870 ab
654 1805 771 1869 eodem
788 1807 907 1873 Orosio
924 1810 1123 1873 nominatur.
1143 1810 1295 1876 Praeterea
1306 1832 1351 1873 no
1380 1818 1384 1827 '

298 1928 368 1975 tum
388 1924 454 1989 est,
471 1907 614 1996 parthica
633 1906 716 1971 bella
736 1907 911 1972 declinasse
926 1910 1137 1999 Pompeium,
1150 1912 1251 2000 Syriae
1260 1930 1349 2001 partes

297 2035 410 2077 omnes
420 2008 634 2099 percurrisse,
648 2025 686 2073 ut
697 2008 760 2073 sub
770 2010 944 2096 imperium
955 2028 1094 2099 cogeret.
1106 2011 1272 2103 Quidquid
1278 2014 1348 2079 enirn

298 2114 353 2177 suh
374 2107 630 2199 Tigranefin‘sset
635 2156 646 2191 ‚
661 2108 719 2173 illo
731 2109 903 2191 debellato,
911 2111 1025 2200 populi
1034 2118 1164 2179 romani
1161 2114 1295 2203 sactum
1302 2136 1350 2179 este

297 2213 503 2291 autumabat,
515 2211 644 2297 hocque
654 2208 821 2277 factitabat
831 2212 1015 2295 lubentius,
1028 2230 1065 2278 ut
1075 2232 1144 2280 acta
1154 2217 1279 2282 Luculli
1288 2239 1349 2281 con·

296 2315 500 2377 vellerentur.

341 2416 463 2480 XXIII.
487 2415 569 2478 Nam
588 2414 762 2496 Lucullus,
779 2416 865 2482 victo
886 2418 1042 2508 Tigrane,
1061 2442 1229 2484 reversum
1251 2421 1282 2484 in
1300 2419 1348 2506 Sy·

296 2519 392 2598 riam,
405 2533 637 2604 receptumque
648 2517 761 2596 asuis,
774 2518 973 2583 Antiochum
985 2522 1135 2608 Cyziceni
1147 2521 1269 2603 lilium,
1279 2521 1349 2585 avito

296 2641 397 2708 regno
417 2616 482 2680 frui
497 2639 626 2704 passus,
641 2619 756 2705 Regem
774 2620 997 2707 appellaverat.
1009 2621 1073 2686 Sed
1085 2623 1209 2689 ademit
1217 2619 1348 2714 praesenti

295 2719 484 2806 videntique
502 2740 640 2805 regnum
657 2719 852 2808 Pompeius,
870 2744 1056 2810 quanquam
1071 2746 1241 2813 nunquam
1253 2725 1348 2812 depo·

296 2821 376 2908 pulo
393 2841 529 2883 romano
548 2819 631 2882 male
649 2821 837 2902 meruisset,
850 2846 953 2910 quurn
968 2825 1096 2889 hostem
1110 2827 1181 2906 ejus
1194 2829 1347 2917 Tigranen

296 2943 430 3010 regnare
442 2935 615 3007 pateretur.
635 2921 704 2984 Nec
721 2921 865 3008 speciosa
881 2921 972 2986 dictu
982 2923 1117 2988 deerant
1129 2947 1137 2988 :
1150 2947 1289 2990 recusant
1300 2922 1348 3006 Sy·

295 3045 346 3086 ros
365 3021 543 3098 hominem,
563 3044 586 3082 α
608 3043 669 3109 quo
687 3032 736 3084 tot
743 3043 804 3109 per
816 3045 917 3086 annos
932 3024 1064 3104 deserti,
1083 3025 1272 3113 alt‘ensgenoe
1284 3022 1348 3109 regit

284 3124 406 3212 jugum
426 3121 592 3186 tulissent:
614 3143 712 3209 neque
735 3145 810 3186 vero
829 3145 956 3211 aequum
979 3147 1041 3188 esse
1052 3149 1188 3241 ,quum
1208 3120 1351 3191 sustani

295 3226 494 3313 nequivisset,
516 3223 616 3286 alr'eni
635 3221 751 3286 laboris
767 3245 838 3287 eum
855 3223 969 3288 habere
977 3228 1125 3312 praemiis.
1149 3227 1232 3292 Paci
1244 3242 1348 3315 quoque

295 3326 395 3408 Syriae
419 3325 664 3402 consulendam,
690 3346 729 3386 ne
750 3347 855 3389 rursus
876 3324 1062 3392 Judoeorum
1085 3321 1347 3416 Ambunrquela·

295 3422 508 3510 trocr'nir'sfiat
526 3439 712 3514 opportuna.

342 3526 447 3589 XXX.
465 3525 517 3589 Sic
536 3525 648 3590 velut
637 3541 729 3606 Justo
744 3549 820 3615 rege
834 3549 967 3609 vacans,
984 3529 1018 3591 in
1034 3529 1209 3616 provincias
1225 3531 1346 3594 formant

296 3624 388 3713 Syria
396 3623 523 3687 redacta
536 3641 594 3706 est,
605 3625 914 3714 Seleucidarumque
926 3576 1099 3716 iniperium
1112 3627 1346 3714 finenr'aoeepit:

298 3743 413 3816 praeter
430 3723 595 3790 modicum
610 3728 837 3816 Commagenes
854 3752 1011 3817 regnum,
1028 3731 1117 3818 quod
1138 3731 1184 3795 illi
1202 3725 1346 3794 Antiocho

299 3851 367 3892 non
382 3827 482 3892 modo
495 3827 625 3914 reliquit
639 3827 832 3916 Pompeius,
851 3829 908 3893 sed
923 3831 1020 3894 etiem
1036 3831 1141 3912 auxit,
1155 3832 1275 3912 adjecta
1286 3826 1345 3890 ble-

334 4025 350 4090 S
363 4029 470 4077 XXVII.
481 4025 537 4075 Dio.
557 4055 587 4064 -
600 4027 708 4092 Appian.
724 4055 755 4062 —
766 4027 830 4076 Vell.
844 4031 886 4088 11,
904 4037 944 4086 4ο.
961 4057 995 4066 -
1011 4033 1141 4091 θωοΝῙ,
1155 4041 1179 4089 t.
1193 4059 1227 4069 —
1240 4023 1343 4079 l'lin.VI›

300 4125 339 4172 iq.
352 4139 385 4147 —
400 4111 416 4176 s
430 4111 528 4158 XXIX.
544 4111 600 4160 DIo.
614 4137 648 4147 -
662 4108 771 4176 Appirn.
786 4111 881 4178 Syriae.
891 4141 926 4151 -
936 4114 1027 4164 Justin.
1040 4117 1098 4174 XL,
1111 4133 1136 4165 a.
