2875 4900
235 345 289 414 IN
318 343 436 413 LOC.
462 343 560 413 LIB.
587 345 797 415 LXXVIII
829 348 1048 420 lelaul.
1134 349 1177 420 31

115 479 272 552 quotquot
295 463 437 529 habebat
457 461 668 530 Rhodiorum
689 467 854 555 captivos,
875 491 938 558 pro
954 491 1025 534 uno
1043 493 1182 562 corpore

116 565 257 632 reddidit.
273 565 402 630 Deinde
413 562 589 632 obfirmato
597 565 640 632 ad
649 570 928 659 expugnationem
941 572 1070 656 animo,
1083 576 1180 638 simul

114 673 152 738 ad
166 673 275 738 navale
290 671 381 737 aliud
399 672 565 762 proelium,
585 672 682 738 sbunl
695 672 739 738 ad
753 673 909 740 tentanda
925 675 1045 740 moenia
1060 676 1182 766 cogita-

116 775 212 838 tiones
230 772 384 840 intendit.

154 878 271 942 XXIV.
281 879 380 942 Forte
389 874 576 965 proditores
586 875 720 964 quidam
730 876 851 942 olivum
860 877 891 940 ei
904 893 1182 960 monstraverant,

113 979 194 1058 juxta
205 979 292 1045 Joris
301 978 449 1068 Atabyrii
464 977 657 1057 delubrum,
677 1001 743 1066 qua
759 993 853 1066 parte
867 979 926 1067 qui
942 979 1042 1068 primi
1057 997 1183 1045 exstru-

115 1098 220 1146 xerant
241 1081 380 1161 nroeuia,
399 1078 490 1168 quod
506 1077 673 1146 altitudini
690 1079 773 1146 situs
791 1079 1011 1164 confiderent,
1034 1081 1184 1147 breviore

115 1185 252 1248 contenti
263 1203 361 1246 muro
376 1180 518 1246 fuerant.
530 1180 596 1246 Sed
613 1181 735 1246 clivum
754 1180 915 1248 adscensu
930 1205 999 1248 oon
1013 1182 1181 1249 difficilem

116 1305 178 1347 esse
195 1283 373 1374 transfuga
392 1281 640 1348 confirmabant.
656 1283 762 1373 Igitur
778 1300 883 1350 noctu
902 1285 1005 1374 copiis
1026 1284 1061 1349 in
1084 1308 1182 1351 nares

116 1383 267 1474 impositis
278 1432 288 1468 ,
300 1383 431 1448 silentio
446 1381 621 1448 admovere
636 1406 733 1449 nares
740 1384 853 1469 jussit,
863 1385 970 1452 donec
985 1387 1019 1452 iu
1026 1388 1183 1477 Atabyrio

116 1503 220 1552 moute
233 1487 289 1552 fax
304 1486 487 1569 tolleretur3
512 1483 649 1568 deiude,
669 1501 795 1574 quanto
809 1488 936 1576 possint
952 1511 1030 1554 cum
1042 1491 1185 1556 clamore

113 1609 148 1651 ac
161 1587 356 1679 impetu‚ad
372 1588 482 1654 locum
497 1588 618 1676 cuique
632 1588 833 1678 assignatum
846 1589 1031 1657 decurrere.
1045 1593 1130 1658 Nam
1139 1593 1184 1659 ita

116 1692 242 1776 partitus
260 1707 330 1756 erat
343 1712 476 1780 operas,
493 1707 548 1773 nt,
564 1690 671 1756 donec
680 1712 756 1778 pars
771 1692 932 1758 exercitus
945 1716 1022 1758 oum
1036 1695 1129 1759 stalis
1141 1693 1184 1760 ad

115 1793 224 1858 nroenia
238 1792 309 1858 rim
328 1807 449 1873 tentat,
462 1791 515 1856 alii
532 1790 573 1856 ad
589 1807 724 1880 portum
737 1807 896 1857 terrorem
914 1793 1068 1860 facerent.

152 1895 256 1960 XXV.
276 1893 341 1960 Sed
357 1891 392 1956 id
409 1891 544 1981 quidem
560 1893 752 1975 consilium,
765 1909 804 1957 nt
819 1894 923 1960 multa
935 1893 997 1958 alia
1012 1894 1180 1979 ejusdcm,

114 2017 198 2060 ossus
208 1996 319 2062 elusit.
330 1995 485 2060 Excttbiae
493 1993 719 2076 Rhodiorum,
730 2017 836 2082 quum
851 1993 1083 2060 fortesmtlum
1096 2011 1182 2062 stre-

114 2099 211 2185 pitum
233 2096 459 2180 audivissent,
479 2097 591 2186 ignem
616 2097 833 2162 extulerunt:
856 2096 891 2162 id
917 2118 1022 2185 prope
1044 2099 1181 2187 Atabyri

115 2199 229 2264 lactum
240 2198 457 2266 Mithridatici
469 2215 638 2287 putantes,
654 2199 853 2288 signumque
864 2221 962 2264 suum
972 2199 1183 2282 arbitrati,ex

28 2377 29 2382 γ
115 2301 265 2368 altissimo
278 2300 410 2366 silentio
421 2301 520 2364 simul
527 2316 662 2388 repente
671 2323 789 2365 omnes
801 2301 994 2369 horribilem
1004 2303 1179 2368 clamorem

115 2402 296 2471 ediderunt.
314 2401 435 2467 Rhodii
449 2417 583 2485 matra,
594 2401 743 2468 alacriter
755 2403 897 2469 clamore
909 2401 1056 2489 reddito,
1074 2427 1179 2495 quum

28 2518 29 2523 ’
115 2504 152 2569 ad
166 2508 283 2571 moenia
299 2506 472 2571 confertim
486 2520 674 2588 currerent,
693 2506 818 2595 regios,
835 2528 878 2571 ne
894 2524 1100 2595 pernoctem
1121 2508 1180 2573 ali·

114 2607 186 2694 quid
200 2607 385 2690 auderent,
400 2607 667 2689 absterruerunt,
684 2607 758 2671 luce
774 2606 961 2689 dein-orta,
977 2624 1015 2672 ut
1027 2608 1179 2673 homines

114 2730 176 2773 non
187 2708 228 2773 ad
238 2709 408 2799 praelium,
419 2706 477 2773 sed
490 2706 665 2773 adfiutum
679 2708 784 2773 noctis
794 2731 952 2798 egressos,
963 2708 1053 2776 baud
1064 2732 1181 2799 magna

113 2812 193 2875 mole
205 2810 456 2876 submoverunt.

150 2912 270 2977 XXVI.
303 2910 354 2977 Ad
382 2910 476 2976 Isidis
499 2927 607 2976 tamen
631 2910 746 2977 fanum
768 2911 857 2977 haud
882 2912 1055 2977 mediocris
1072 2913 1178 2977 illatus

112 3028 288 3096 terrorest,
303 3014 360 3077 ubi
371 3011 559 3077 sambucam
569 3011 701 3077 duobus
716 3012 851 3102 navigiis
857 3013 981 3094 junctis
991 3012 1178 3102 impositam

111 3112 309 3179 Mithridates
321 3114 539 3204 applicuerat,
552 3127 585 3178 et
600 3114 641 3179 ab
654 3114 782 3203 ingenti
795 3112 962 3196 machina,
978 3115 1119 3203 plurima
1132 3116 1178 3181 si-

111 3214 173 3277 mul
191 3216 251 3281 tola
269 3216 444 3304 hastasque
459 3216 523 3281 late
541 3215 731 3305 spargebat,
746 3231 780 3280 et
797 3215 931 3280 arietem
949 3215 1028 3282 inde
1045 3218 1087 3282 ad
1102 3221 1179 3307 pul-

28 3372 29 3411 ,
111 3316 202 3383 sanda
218 3318 338 3382 moenia
354 3316 557 3383 admovebat.
573 3319 668 3383 Juxta
680 3316 836 3406 frequens
851 3338 968 3381 manus
979 3341 1055 3383 cum
1069 3321 1180 3387 multis

28 3432 30 3451 ’
110 3419 230 3507 scaphis
250 3418 383 3499 aderat,
408 3420 506 3483 scalas
527 3420 654 3501 l'erens,
671 3434 705 3483 et
726 3419 964 3509 oppugnationi
977 3438 1098 3510 parata.
1111 3426 1180 3488 ate-

112 3520 260 3587 sistebant
275 3538 386 3585 tamen
404 3522 532 3612 egregie
545 3520 687 3603 Rhodii,
709 3544 816 3610 neque
829 3520 999 3589 laboribus
1018 3540 1078 3588 aut
1092 3527 1180 3613 peri·

112 3622 180 3685 culo
199 3623 438 3713 fatigabantur,
458 3622 566 3689 donec
591 3621 815 3689 Mithridatem
837 3622 941 3703 major
961 3624 1010 3687 uis
1033 3626 1177 3691 amovit:

111 3742 180 3787 nam
203 3740 237 3788 et
252 3724 408 3789 sambuca
426 3746 493 3813 prae
509 3722 655 3813 pondere
674 3722 842 3807 subsedit,
862 3740 896 3789 et
911 3723 1009 3789 Isidis
1029 3727 1180 3813 apparuit

110 3824 241 3908 species,
257 3826 430 3914 copiosum
447 3826 577 3914 ignem,
593 3824 741 3889 fulminis
757 3824 792 3888 in
812 3823 968 3905 modum,
985 3823 1091 3890 eidem
1111 3848 1180 3891 ma·

109 3922 207 3988 ohinae
228 3925 419 3991 immittens.

139 4100 154 4165 ς
168 4103 264 4152 XXlll.
272 4104 327 4153 va.
338 4104 409 4152 Max.
418 4104 454 4163 V,
470 4120 495 4153 a.
509 4132 543 4143 -
554 4105 663 4171 Appian.
676 4130 712 4142 -
723 4102 740 4169 s
752 4104 850 4155 xxvt.
861 4101 912 4152 Jnl.
922 4102 1013 4167 Obseq.
