2875 4900
248 368 301 437 IN
331 365 447 440 LQC.
474 365 569 434 Llll.
597 365 769 436 XCVIII
798 371 1010 444 LIVIANI.
1096 377 1166 474 339

102 487 218 574 impetu
230 485 381 551 ferociter
394 483 624 550 invehentium
640 509 675 550 se
690 487 838 554 bostium
859 487 1014 558 dimicare
1029 511 1079 560 est
1091 519 1167 564 coa-

102 603 185 652 ctus:
202 611 312 677 pugna
323 609 480 676 prospera
492 587 649 652 Romanis
661 587 736 654 fnit.
750 589 1030 660 Mithrobarzanes
1044 598 1079 662 in
1090 623 1169 689 pree·

101 689 139 752 lio
153 689 285 772 cecidit;
301 689 433 754 Barbari
448 689 597 778 plerique
610 691 772 780 fugientes
789 695 880 778 caesi,
891 698 986 785 pauci
1000 698 1042 764 ad
1057 722 1167 790 regem
1244 707 1249 714 '

100 790 256 858 mdierunt
271 793 465 857 incolumes.
488 791 521 854 Is
543 792 608 856 boc
629 793 749 858 nuntio
765 795 915 878 territus,
930 807 1039 888 neque
1057 803 1167 869 minus

101 917 181 960 nunc
201 895 244 960 ad
268 896 422 961 timorem
439 917 603 984 praeceps,
618 918 718 983 quam
735 898 832 986 paulo
849 916 926 966 ante
942 903 1096 991 superbia
1113 922 1167 970 tu-

101 996 197 1062 midus
208 1000 330 1081 fluerat,
344 999 577 1088 Tigranocerta
593 997 730 1062 Mancoei
745 997 820 1064 fidei
833 1003 1029 1070 committit:
1043 1006 1113 1094 ipse
1125 1006 1168 1072 ad

100 1100 236 1166 Taurum
257 1115 403 1166 montem
421 1122 456 1166 se
473 1099 621 1181 confert,
644 1123 760 1166 omnes
781 1102 910 1191 imperii
927 1105 1012 1172 vires
1030 1130 1070 1174 eo
1086 1132 1167 1174 con-

97 1218 269 1285 nacturus,
284 1201 474 1268 Mithridate
488 1224 626 1290 quoque
638 1219 801 1268 revocato.
816 1204 971 1270 Lucullus
982 1207 1105 1272 interea
1115 1233 1169 1274 ur·

96 1303 185 1386 bem,
200 1306 236 1369 in
255 1327 322 1393 qua
337 1303 539 1368 concubinas
556 1303 642 1391 regis
659 1304 815 1368 asservari
833 1305 1019 1388 audiverat,
1036 1309 1167 1375 obside-

95 1401 156 1486 bat,
164 1405 297 1470 Sextilio
303 1402 346 1470 ad
352 1406 586 1494 Tigranocerta
596 1402 792 1487 claudenda,
801 1405 869 1470 aliis
882 1431 1016 1498 quoque
1025 1409 1166 1478 ducibus

95 1507 212 1572 circum
225 1507 406 1596 insigniora
417 1505 546 1570 castella
560 1503 713 1570 dimissis.

134 1609 304 1674 XXXVII.
326 1609 492 1673 Mancaeus
509 1607 678 1672 Sextilium
694 1630 804 1672 arcere
816 1609 1023 1676 instituerat:
1041 1613 1099 1678 sed
1114 1638 1167 1678 re·

94 1709 201 1797 pulsas
222 1711 311 1776 intra
333 1710 473 1792 moenia,
495 1709 718 1774 suburbanam
743 1710 865 1800 regiam
883 1709 1002 1800 diripi,
1019 1735 1119 1802 seque
1135 1733 1169 1781 et

93 1812 203 1878 urbem
218 1812 473 1893 circumvallari,
484 1809 605 1876 adduci
618 1811 804 1888 machinas,
819 1811 921 1877 effodi
935 1815 1105 1881 cuniculos
1118 1832 1170 1882 tu-

93 1914 137 1978 lit.
151 1918 282 1981 Interea
295 1939 352 1981 sex
367 1915 518 2003 equitum
534 1913 634 1978 millia
641 1913 736 1995 jussu
752 1915 900 2004 Tigranis
913 1913 955 1979 ad
967 1917 1168 1984 concubinas

91 2016 270 2104 eripiendas
278 2018 444 2105 profecta,
460 2038 520 2104 per
531 2014 655 2080 medias
668 2018 896 2080 Rornanorum
913 2016 1042 2105 copias,
1061 2041 1165 2107 quum

35 2184 36 2192 .
94 2116 192 2184 imbre
206 2120 401 2208 sagittarum
420 2117 612 2185 clausissent
629 2116 668 2180 iis
686 2117 828 2196 exitum,
848 2114 1033 2183 eduxerunt
1048 2122 1167 2188 mulie-

91 2241 156 2301 res,
170 2219 467 2309 praemisemntque
484 2241 543 2306 per
559 2232 713 2282 noctem:
731 2216 789 2284 sed
805 2233 875 2282 orta
891 2220 982 2302 luce,
999 2221 1169 2288 Romanis·

90 2343 153 2409 que
177 2337 211 2386 et
241 2321 407 2385 Thracum
436 2319 563 2382 auxiliis
590 2320 746 2383 acerrime
773 2320 1016 2408 praeliantibus,
1050 2347 1166 2414 magna

88 2421 266 2489 multitudo
281 2420 514 2488 Armeniorum
537 2441 618 2483 caesa
642 2435 818 2509 captaque3
838 2422 1040 2511 praemissum
1057 2441 1164 2492 tamen

87 2548 225 2617 agmen,
243 2524 399 2614 quiajam
416 2523 621 2611 aliquantum
637 2520 697 2585 vite
711 2540 929 2613 praeeperat,
949 2524 983 2588 in
1006 2527 1077 2591 loca
1098 2544 1167 2593 tuta

87 2628 246 2714 pervenit.

127 2728 320 2795 xxxvffl.
338 2730 383 2791 At
397 2727 572 2807 Lucullus,
586 2748 628 2790 ne
643 2726 787 2814 spatium
803 2727 872 2815 regi
891 2748 950 2815 per
962 2728 1067 2793 otium
1084 2753 1165 2795 con·

86 2830 321 2897 trahendarum
338 2828 459 2893 virium
478 2826 691 2917 concederet,
707 2828 888 2891 Mur-aenam
907 2827 948 2892 ad
964 2830 1166 2918 carpendos,

87 2934 142 3021 qui
157 2933 202 2998 ad
218 2932 314 2997 illum
332 2929 571 3011 accelerabant,
589 2930 700 2993 misit:
718 2929 787 3017 ipse
811 2951 915 3017 quum
933 2930 1165 3021 Tigranocerta

85 3035 247 3114 venisset,
265 3030 436 3097 Sextilium
454 3052 627 3095 occurrere
642 3030 789 3095 Arabum
807 3032 961 3097 exercitui
976 3033 1091 3117 jussit,
1109 3040 1166 3124 qui

85 3136 288 3222 conjungere
299 3156 334 3199 se
348 3133 482 3223 Tigrani
492 3132 655 3221 cupiebat.
667 3133 710 3197 Et
724 3133 844 3199 borum
858 3134 1005 3222 plerique
1020 3140 1165 3225 oppressi

84 3256 194 3305 sunta
209 3236 359 3318 Sextilio,
373 3258 479 3323 quum
488 3234 575 3299 sorte
585 3252 689 3300 castra
698 3234 900 3323 ponentibus
914 3240 1163 3327 supervenisset.

83 3339 236 3405 Itlnraena
248 3339 283 3403 in
296 3354 386 3403 arcta
397 3336 540 3425 quadam
558 3353 592 3401 et
606 3338 799 3427 confragosa
816 3336 897 3401 valle
917 3337 1092 3427 Tigranem
1107 3364 1164 3405 na·

84 3459 177 3519 ctus,
194 3443 271 3506 loco
287 3440 456 3505 audaciam
474 3439 590 3519 dante,
604 3440 773 3505 conseruit
791 3462 906 3503 manus
922 3462 930 3504 t
949 3463 1057 3531 neque
1073 3467 1165 3534 sper.

83 3542 197 3609 nenda
210 3542 346 3607 victoria
358 3542 503 3630 potitus,
516 3539 759 3628 impedimentis
774 3541 929 3605 omnibus
942 3565 1052 3632 regern
1065 3549 1165 3614 exuit.

83 3645 148 3710 Sed
164 3645 342 3727 Lucullus,
359 3661 398 3708 ut
411 3643 452 3708 ad
467 3665 613 3732 pugnam
627 3665 704 3707 eum
718 3644 864 3726 eliceret,
879 3644 995 3709 acriter
1008 3646 1167 3735 Tigrano·
1217 3704 1228 3725 ,

85 3764 174 3813 certa
186 3746 373 3837 premebat,
387 3767 456 3810 non
465 3746 536 3809 sine
549 3744 696 3833 periculo
706 3745 868 3829 militum,
882 3746 916 3811 in
929 3768 1012 3835 quos
1026 3747 1166 3829 obsessi,

119 3966 136 4031 S
162 3966 290 4015 xxxvt.
314 3966 423 4031 Appian.
445 3964 559 4015 Mithrid.
587 3990 622 4000 —
646 3964 772 4015 Plutarch.
795 3966 822 4013 in
844 3964 963 4025 Lucullo,
986 3982 1040 4031 cap.
1065 3968 1106 4016 53.
1132 3998 1165 4007 -

86 4051 220 4099 memnon.
236 4048 301 4115 —5
316 4051 454 4099 xxxvtt.
471 4050 603 4099 Memnon.
617 4075 651 4083 —
664 4048 773 4113 Appian.
792 4075 825 4087 -
847 4044 863 4111 S
879 4049 1027 4097 xxxvltt.
1045 4050 1165 4115 xiphian

88 4132 263 4182 —Plntareb
537 4126 541 4142 '

926 4250 988 4295 22.
