<?xml version="1.0" encoding="UTF-8"?>
<!DOCTYPE html PUBLIC "-//W3C//DTD XHTML 1.0 Transitional//EN"
    "http://www.w3.org/TR/xhtml1/DTD/xhtml1-transitional.dtd">
<html xmlns="http://www.w3.org/1999/xhtml" xml:lang="en" lang="en">
 <head>
  <title>
</title>
<meta http-equiv="Content-Type" content="text/html;charset=utf-8" />
  <meta name='ocr-system' content='tesseract 3.04.00' />
  <meta name='ocr-capabilities' content='ocr_page ocr_carea ocr_par ocr_line ocrx_word'/>
</head>
<body>
  <div class='ocr_page' id='page_1' title='image "bibliothecaclas116lemagoog_0116.png"; bbox 0 0 2875 4900; ppageno 0'>
   <div class='ocr_carea' id='block_1_1' title="bbox 281 309 1170 396">
    <p class='ocr_par' dir='ltr' id='par_1_1' title="bbox 281 309 1170 396">
     <span class='ocr_line' id='line_1_1' title="bbox 281 309 1170 396; baseline -0.006 -15"><span class='ocrx_word' id='word_1_1' title='bbox 281 313 348 396; x_wconf 65' lang='grc' dir='ltr'><strong>ποί,</strong></span> <span class='ocrx_word' id='word_1_2' title='bbox 451 312 520 378; x_wconf 87' lang='lat' dir='ltr'><strong>JO.</strong></span> <span class='ocrx_word' id='word_1_3' title='bbox 546 309 891 382; x_wconf 85' lang='lat' dir='ltr'><strong>FREINSHEMII</strong></span> <span class='ocrx_word' id='word_1_4' title='bbox 921 310 1170 381; x_wconf 84' lang='lat' dir='ltr'><strong>SUPPLEM.</strong></span> 
     </span>
    </p>
   </div>
   <div class='ocr_carea' id='block_1_2' title="bbox 270 429 1343 3772">
    <p class='ocr_par' dir='ltr' id='par_1_2' title="bbox 274 429 1339 1231">
     <span class='ocr_line' id='line_1_2' title="bbox 276 429 1338 520; baseline 0 -23"><span class='ocrx_word' id='word_1_5' title='bbox 276 454 334 497; x_wconf 90' lang='lat' dir='ltr'><strong>nas</strong></span> <span class='ocrx_word' id='word_1_6' title='bbox 349 432 389 497; x_wconf 88' lang='lat' dir='ltr'><strong>de</strong></span> <span class='ocrx_word' id='word_1_7' title='bbox 404 429 599 495; x_wconf 80' lang='lat' dir='ltr'><strong>nocentibus</strong></span> <span class='ocrx_word' id='word_1_8' title='bbox 613 446 767 495; x_wconf 83' lang='lat' dir='ltr'><strong>sumeret.</strong></span> <span class='ocrx_word' id='word_1_9' title='bbox 784 430 922 498; x_wconf 86' lang='lat' dir='ltr'><strong>Foedntn</strong></span> <span class='ocrx_word' id='word_1_10' title='bbox 936 432 1073 498; x_wconf 89' lang='lat' dir='ltr'><strong>omnino</strong></span> <span class='ocrx_word' id='word_1_11' title='bbox 1088 432 1338 520; x_wconf 80' lang='lat' dir='ltr'><strong>pestiferumque</strong></span> 
     </span>
     <span class='ocr_line' id='line_1_3' title="bbox 277 528 1338 623; baseline -0.001 -27"><span class='ocrx_word' id='word_1_12' title='bbox 277 550 453 623; x_wconf 80' lang='lat' dir='ltr'><strong>tyrannum</strong></span> <span class='ocrx_word' id='word_1_13' title='bbox 464 530 610 597; x_wconf 86' lang='lat' dir='ltr'><strong>Aristion</strong></span> <span class='ocrx_word' id='word_1_14' title='bbox 627 547 753 621; x_wconf 81' lang='lat' dir='ltr'><strong>egerat,</strong></span> <span class='ocrx_word' id='word_1_15' title='bbox 770 547 804 597; x_wconf 87' lang='lat' dir='ltr'><strong>et</strong></span> <span class='ocrx_word' id='word_1_16' title='bbox 818 528 860 595; x_wconf 93' lang='lat' dir='ltr'><strong>ad</strong></span> <span class='ocrx_word' id='word_1_17' title='bbox 869 531 1030 597; x_wconf 91' lang='lat' dir='ltr'><strong>luendum</strong></span> <span class='ocrx_word' id='word_1_18' title='bbox 1042 531 1252 620; x_wconf 89' lang='lat' dir='ltr'><strong>supplicium,</strong></span> <span class='ocrx_word' id='word_1_19' title='bbox 1264 532 1338 597; x_wconf 82' lang='lat' dir='ltr'><strong>divi-</strong></span> 
     </span>
     <span class='ocr_line' id='line_1_4' title="bbox 277 633 1337 722; baseline -0.002 -23"><span class='ocrx_word' id='word_1_20' title='bbox 277 634 365 699; x_wconf 87' lang='lat' dir='ltr'><strong>nitus</strong></span> <span class='ocrx_word' id='word_1_21' title='bbox 382 634 417 697; x_wconf 93' lang='lat' dir='ltr'><strong>in</strong></span> <span class='ocrx_word' id='word_1_22' title='bbox 435 649 629 722; x_wconf 88' lang='lat' dir='ltr'><strong>potestatem</strong></span> <span class='ocrx_word' id='word_1_23' title='bbox 643 634 870 699; x_wconf 84' lang='lat' dir='ltr'><strong>Romanorum</strong></span> <span class='ocrx_word' id='word_1_24' title='bbox 885 633 1023 701; x_wconf 87' lang='lat' dir='ltr'><strong>traditus</strong></span> <span class='ocrx_word' id='word_1_25' title='bbox 1036 634 1215 699; x_wconf 79' lang='lat' dir='ltr'><strong>videbatur.</strong></span> <span class='ocrx_word' id='word_1_26' title='bbox 1231 635 1337 716; x_wconf 88' lang='lat' dir='ltr'><strong>Quum</strong></span> 
     </span>
     <span class='ocr_line' id='line_1_5' title="bbox 277 734 1337 818; baseline -0.004 -17"><span class='ocrx_word' id='word_1_27' title='bbox 277 738 364 803; x_wconf 90' lang='lat' dir='ltr'><strong>enim</strong></span> <span class='ocrx_word' id='word_1_28' title='bbox 378 735 503 801; x_wconf 82' lang='lat' dir='ltr'>obsessi</span> <span class='ocrx_word' id='word_1_29' title='bbox 516 734 722 801; x_wconf 89' lang='lat' dir='ltr'><strong>munimento</strong></span> <span class='ocrx_word' id='word_1_30' title='bbox 738 735 803 801; x_wconf 91' lang='lat' dir='ltr'><strong>loci</strong></span> <span class='ocrx_word' id='word_1_31' title='bbox 817 757 853 799; x_wconf 91' lang='lat' dir='ltr'><strong>sc</strong></span> <span class='ocrx_word' id='word_1_32' title='bbox 868 735 927 799; x_wconf 93' lang='lat' dir='ltr'><strong>diu</strong></span> <span class='ocrx_word' id='word_1_33' title='bbox 940 734 1180 818; x_wconf 79' lang='lat' dir='ltr'><strong>defendissent,</strong></span> <span class='ocrx_word' id='word_1_34' title='bbox 1194 734 1337 800; x_wconf 87' lang='lat' dir='ltr'><strong>tandem-</strong></span> 
     </span>
     <span class='ocr_line' id='line_1_6' title="bbox 277 836 1339 927; baseline -0.004 -24"><span class='ocrx_word' id='word_1_35' title='bbox 277 862 343 927; x_wconf 87' lang='lat' dir='ltr'><strong>que</strong></span> <span class='ocrx_word' id='word_1_36' title='bbox 361 838 500 927; x_wconf 90' lang='lat' dir='ltr'><strong>penuria</strong></span> <span class='ocrx_word' id='word_1_37' title='bbox 515 861 607 925; x_wconf 84' lang='lat' dir='ltr'><strong>aquae</strong></span> <span class='ocrx_word' id='word_1_38' title='bbox 621 836 824 903; x_wconf 86' lang='lat' dir='ltr'><strong>deditionem</strong></span> <span class='ocrx_word' id='word_1_39' title='bbox 839 838 944 902; x_wconf 88' lang='lat' dir='ltr'><strong>coacti</strong></span> <span class='ocrx_word' id='word_1_40' title='bbox 960 854 1069 903; x_wconf 78' lang='lat' dir='ltr'><strong>essent</strong></span> <span class='ocrx_word' id='word_1_41' title='bbox 1085 838 1205 919; x_wconf 82' lang='lat' dir='ltr'><strong>facere,</strong></span> <span class='ocrx_word' id='word_1_42' title='bbox 1220 860 1256 901; x_wconf 89' lang='lat' dir='ltr'><strong>ea</strong></span> <span class='ocrx_word' id='word_1_43' title='bbox 1273 837 1339 925; x_wconf 88' lang='lat' dir='ltr'><strong>ipsa</strong></span> 
     </span>
     <span class='ocr_line' id='line_1_7' title="bbox 276 938 1339 1027; baseline -0.004 -22"><span class='ocrx_word' id='word_1_44' title='bbox 276 940 329 1005; x_wconf 93' lang='lat' dir='ltr'><strong>die</strong></span> <span class='ocrx_word' id='word_1_45' title='bbox 346 939 513 1027; x_wconf 87' lang='lat' dir='ltr'>horaque,</span> <span class='ocrx_word' id='word_1_46' title='bbox 539 961 644 1027; x_wconf 92' lang='lat' dir='ltr'><strong>quum</strong></span> <span class='ocrx_word' id='word_1_47' title='bbox 664 962 721 1003; x_wconf 82' lang='lat' dir='ltr'><strong>arx</strong></span> <span class='ocrx_word' id='word_1_48' title='bbox 741 938 877 1003; x_wconf 86' lang='lat' dir='ltr'><strong>Curioni</strong></span> <span class='ocrx_word' id='word_1_49' title='bbox 897 955 946 1003; x_wconf 91' lang='lat' dir='ltr'><strong>est</strong></span> <span class='ocrx_word' id='word_1_50' title='bbox 967 938 1105 1020; x_wconf 90' lang='lat' dir='ltr'><strong>tradita,</strong></span> <span class='ocrx_word' id='word_1_51' title='bbox 1131 961 1247 1004; x_wconf 88' lang='lat' dir='ltr'><strong>sereno</strong></span> <span class='ocrx_word' id='word_1_52' title='bbox 1265 939 1339 1002; x_wconf 79' lang='lat' dir='ltr'><strong>caelo</strong></span> 
     </span>
     <span class='ocr_line' id='line_1_8' title="bbox 274 1040 1336 1131; baseline -0.003 -25"><span class='ocrx_word' id='word_1_53' title='bbox 274 1058 407 1131; x_wconf 87' lang='lat' dir='ltr'><strong>repente</strong></span> <span class='ocrx_word' id='word_1_54' title='bbox 429 1042 534 1107; x_wconf 88' lang='lat' dir='ltr'><strong>nubes</strong></span> <span class='ocrx_word' id='word_1_55' title='bbox 553 1040 810 1130; x_wconf 81' lang='lat' dir='ltr'><strong>conglomeratae</strong></span> <span class='ocrx_word' id='word_1_56' title='bbox 834 1062 923 1122; x_wconf 90' lang='lat' dir='ltr'><strong>esse,</strong></span> <span class='ocrx_word' id='word_1_57' title='bbox 943 1042 1182 1130; x_wconf 88' lang='lat' dir='ltr'><strong>copiosumque</strong></span> <span class='ocrx_word' id='word_1_58' title='bbox 1201 1041 1336 1105; x_wconf 85' lang='lat' dir='ltr'><strong>imbrem</strong></span> 
     </span>
     <span class='ocr_line' id='line_1_9' title="bbox 274 1142 802 1231; baseline -0.004 -22"><span class='ocrx_word' id='word_1_59' title='bbox 274 1144 440 1227; x_wconf 88' lang='lat' dir='ltr'><strong>cecidisse,</strong></span> <span class='ocrx_word' id='word_1_60' title='bbox 455 1143 623 1209; x_wconf 73' lang='lat' dir='ltr'><strong>,memorias</strong></span> <span class='ocrx_word' id='word_1_61' title='bbox 639 1142 802 1231; x_wconf 78' lang='lat' dir='ltr'><strong>proditur.</strong></span> 
     </span>
    </p>

    <p class='ocr_par' dir='ltr' id='par_1_3' title="bbox 272 1243 1340 2347">
     <span class='ocr_line' id='line_1_10' title="bbox 318 1243 1338 1331; baseline -0.006 -20"><span class='ocrx_word' id='word_1_62' title='bbox 318 1247 409 1311; x_wconf 78' lang='lat' dir='ltr'><strong>xxl.</strong></span> <span class='ocrx_word' id='word_1_63' title='bbox 429 1245 516 1309; x_wconf 90' lang='lat' dir='ltr'><strong>Sulla</strong></span> <span class='ocrx_word' id='word_1_64' title='bbox 530 1244 731 1309; x_wconf 83' lang='lat' dir='ltr'><strong>Aristionem</strong></span> <span class='ocrx_word' id='word_1_65' title='bbox 747 1243 871 1331; x_wconf 86' lang='lat' dir='ltr'><strong>templo</strong></span> <span class='ocrx_word' id='word_1_66' title='bbox 888 1258 1069 1307; x_wconf 80' lang='lat' dir='ltr'><strong>extracmm</strong></span> <span class='ocrx_word' id='word_1_67' title='bbox 1085 1264 1249 1307; x_wconf 85' lang='lat' dir='ltr'><strong>venenum</strong></span> <span class='ocrx_word' id='word_1_68' title='bbox 1266 1264 1338 1306; x_wconf 90' lang='lat' dir='ltr'><strong>coe-</strong></span> 
     </span>
     <span class='ocr_line' id='line_1_11' title="bbox 275 1343 1338 1437; baseline -0.002 -27"><span class='ocrx_word' id='word_1_69' title='bbox 275 1348 322 1437; x_wconf 86' lang='lat' dir='ltr'><strong>git</strong></span> <span class='ocrx_word' id='word_1_70' title='bbox 339 1346 472 1427; x_wconf 81' lang='lat' dir='ltr'><strong>bibere3</strong></span> <span class='ocrx_word' id='word_1_71' title='bbox 493 1360 625 1409; x_wconf 70' lang='lat' dir='ltr'><strong>ceteros</strong></span> <span class='ocrx_word' id='word_1_72' title='bbox 648 1344 717 1424; x_wconf 87' lang='lat' dir='ltr'><strong>ejus</strong></span> <span class='ocrx_word' id='word_1_73' title='bbox 739 1345 908 1428; x_wconf 82' lang='lat' dir='ltr'><strong>satellites,</strong></span> <span class='ocrx_word' id='word_1_74' title='bbox 924 1345 1022 1433; x_wconf 85' lang='lat' dir='ltr'><strong>quive</strong></span> <span class='ocrx_word' id='word_1_75' title='bbox 1042 1345 1265 1434; x_wconf 88' lang='lat' dir='ltr'><strong>magistratum</strong></span> <span class='ocrx_word' id='word_1_76' title='bbox 1280 1343 1338 1408; x_wconf 89' lang='lat' dir='ltr'><strong>sub</strong></span> 
     </span>
     <span class='ocr_line' id='line_1_12' title="bbox 274 1446 1338 1538; baseline -0.004 -27"><span class='ocrx_word' id='word_1_77' title='bbox 274 1450 345 1536; x_wconf 90' lang='lat' dir='ltr'><strong>ipso</strong></span> <span class='ocrx_word' id='word_1_78' title='bbox 359 1463 537 1538; x_wconf 80' lang='lat' dir='ltr'><strong>gesserant,</strong></span> <span class='ocrx_word' id='word_1_79' title='bbox 555 1446 653 1534; x_wconf 85' lang='lat' dir='ltr'><strong>quive</strong></span> <span class='ocrx_word' id='word_1_80' title='bbox 670 1446 786 1533; x_wconf 88' lang='lat' dir='ltr'><strong>quovis</strong></span> <span class='ocrx_word' id='word_1_81' title='bbox 802 1446 902 1510; x_wconf 86' lang='lat' dir='ltr'><strong>ruodo</strong></span> <span class='ocrx_word' id='word_1_82' title='bbox 917 1446 980 1510; x_wconf 91' lang='lat' dir='ltr'><strong>sibi</strong></span> <span class='ocrx_word' id='word_1_83' title='bbox 993 1463 1052 1510; x_wconf 89' lang='lat' dir='ltr'><strong>aut</strong></span> <span class='ocrx_word' id='word_1_84' title='bbox 1065 1447 1190 1535; x_wconf 91' lang='lat' dir='ltr'><strong>populo</strong></span> <span class='ocrx_word' id='word_1_85' title='bbox 1205 1466 1338 1509; x_wconf 92' lang='lat' dir='ltr'><strong>romano</strong></span> 
     </span>
     <span class='ocr_line' id='line_1_13' title="bbox 274 1547 1339 1631; baseline -0.002 -18"><span class='ocrx_word' id='word_1_86' title='bbox 274 1550 404 1613; x_wconf 87' lang='lat' dir='ltr'><strong>fuerant</strong></span> <span class='ocrx_word' id='word_1_87' title='bbox 417 1547 590 1631; x_wconf 74' lang='lat' dir='ltr'><strong>adversati,</strong></span> <span class='ocrx_word' id='word_1_88' title='bbox 607 1548 642 1612; x_wconf 90' lang='lat' dir='ltr'><strong>in</strong></span> <span class='ocrx_word' id='word_1_89' title='bbox 657 1548 865 1613; x_wconf 88' lang='lat' dir='ltr'><strong>Ceramicum</strong></span> <span class='ocrx_word' id='word_1_90' title='bbox 878 1549 1066 1630; x_wconf 87' lang='lat' dir='ltr'><strong>conclusos,</strong></span> <span class='ocrx_word' id='word_1_91' title='bbox 1078 1563 1166 1613; x_wconf 85' lang='lat' dir='ltr'><strong>sorte</strong></span> <span class='ocrx_word' id='word_1_92' title='bbox 1180 1548 1339 1613; x_wconf 88' lang='lat' dir='ltr'><strong>decimum</strong></span> 
     </span>
     <span class='ocr_line' id='line_1_14' title="bbox 273 1649 1339 1740; baseline -0.003 -24"><span class='ocrx_word' id='word_1_93' title='bbox 273 1672 439 1740; x_wconf 87' lang='lat' dir='ltr'><strong>quemque</strong></span> <span class='ocrx_word' id='word_1_94' title='bbox 456 1649 499 1714; x_wconf 92' lang='lat' dir='ltr'><strong>ad</strong></span> <span class='ocrx_word' id='word_1_95' title='bbox 517 1650 652 1738; x_wconf 91' lang='lat' dir='ltr'><strong>capitale</strong></span> <span class='ocrx_word' id='word_1_96' title='bbox 674 1649 872 1737; x_wconf 86' lang='lat' dir='ltr'><strong>supplicium</strong></span> <span class='ocrx_word' id='word_1_97' title='bbox 896 1650 1017 1716; x_wconf 85' lang='lat' dir='ltr'><strong>eduxit.</strong></span> <span class='ocrx_word' id='word_1_98' title='bbox 1036 1652 1189 1716; x_wconf 74' lang='lat' dir='ltr'><strong>Pecuniae</strong></span> <span class='ocrx_word' id='word_1_99' title='bbox 1208 1673 1249 1715; x_wconf 81' lang='lat' dir='ltr'><strong>ex</strong></span> <span class='ocrx_word' id='word_1_100' title='bbox 1270 1671 1339 1713; x_wconf 91' lang='lat' dir='ltr'><strong>arce</strong></span> 
     </span>
     <span class='ocr_line' id='line_1_15' title="bbox 274 1748 1338 1841; baseline -0.005 -23"><span class='ocrx_word' id='word_1_101' title='bbox 274 1775 341 1819; x_wconf 90' lang='lat' dir='ltr'><strong>non</strong></span> <span class='ocrx_word' id='word_1_102' title='bbox 353 1750 536 1839; x_wconf 87' lang='lat' dir='ltr'><strong>spernenda</strong></span> <span class='ocrx_word' id='word_1_103' title='bbox 546 1750 595 1815; x_wconf 78' lang='lat' dir='ltr'><strong>vis</strong></span> <span class='ocrx_word' id='word_1_104' title='bbox 607 1767 734 1841; x_wconf 88' lang='lat' dir='ltr'><strong>egesta:</strong></span> <span class='ocrx_word' id='word_1_105' title='bbox 745 1750 958 1840; x_wconf 82' lang='lat' dir='ltr'><strong>quadraginta</strong></span> <span class='ocrx_word' id='word_1_106' title='bbox 974 1752 1112 1815; x_wconf 83' lang='lat' dir='ltr'><strong>maxime</strong></span> <span class='ocrx_word' id='word_1_107' title='bbox 1128 1748 1242 1841; x_wconf 92' lang='lat' dir='ltr'><strong>pondo</strong></span> <span class='ocrx_word' id='word_1_108' title='bbox 1257 1749 1338 1830; x_wconf 89' lang='lat' dir='ltr'><strong>auri,</strong></span> 
     </span>
     <span class='ocr_line' id='line_1_16' title="bbox 274 1852 1338 1941; baseline -0.004 -23"><span class='ocrx_word' id='word_1_109' title='bbox 274 1868 424 1918; x_wconf 75' lang='lat' dir='ltr'><strong>sexcenta</strong></span> <span class='ocrx_word' id='word_1_110' title='bbox 444 1852 584 1941; x_wconf 76' lang='lat' dir='ltr'><strong>argenti,</strong></span> <span class='ocrx_word' id='word_1_111' title='bbox 605 1867 735 1939; x_wconf 88' lang='lat' dir='ltr'><strong>reperta</strong></span> <span class='ocrx_word' id='word_1_112' title='bbox 752 1852 853 1917; x_wconf 76' lang='lat' dir='ltr'><strong>fuitse</strong></span> <span class='ocrx_word' id='word_1_113' title='bbox 875 1869 1110 1918; x_wconf 84' lang='lat' dir='ltr'><strong>memorantur.</strong></span> <span class='ocrx_word' id='word_1_114' title='bbox 1126 1856 1288 1918; x_wconf 70' lang='lat' dir='ltr'><strong>Caeterum</strong></span> <span class='ocrx_word' id='word_1_115' title='bbox 1306 1852 1338 1915; x_wconf 92' lang='lat' dir='ltr'><strong>in</strong></span> 
     </span>
     <span class='ocr_line' id='line_1_17' title="bbox 275 1952 1339 2041; baseline -0.002 -22"><span class='ocrx_word' id='word_1_116' title='bbox 275 1954 325 2019; x_wconf 87' lang='lat' dir='ltr'><strong>his</strong></span> <span class='ocrx_word' id='word_1_117' title='bbox 340 1952 419 2018; x_wconf 89' lang='lat' dir='ltr'><strong>dum</strong></span> <span class='ocrx_word' id='word_1_118' title='bbox 436 1968 617 2041; x_wconf 86' lang='lat' dir='ltr'><strong>occupatur</strong></span> <span class='ocrx_word' id='word_1_119' title='bbox 632 1952 737 2036; x_wconf 87' lang='lat' dir='ltr'><strong>Sulla,</strong></span> <span class='ocrx_word' id='word_1_120' title='bbox 753 1953 789 2017; x_wconf 94' lang='lat' dir='ltr'><strong>L.</strong></span> <span class='ocrx_word' id='word_1_121' title='bbox 797 1953 917 2018; x_wconf 86' lang='lat' dir='ltr'><strong>Valerii</strong></span> <span class='ocrx_word' id='word_1_122' title='bbox 935 1955 1040 2019; x_wconf 82' lang='lat' dir='ltr'><strong>Flacci</strong></span> <span class='ocrx_word' id='word_1_123' title='bbox 1054 1953 1200 2020; x_wconf 87' lang='lat' dir='ltr'><strong>adventu</strong></span> <span class='ocrx_word' id='word_1_124' title='bbox 1214 1953 1339 2033; x_wconf 89' lang='lat' dir='ltr'><strong>audito,</strong></span> 
     </span>
     <span class='ocr_line' id='line_1_18' title="bbox 275 2054 1340 2143; baseline -0.004 -22"><span class='ocrx_word' id='word_1_125' title='bbox 275 2073 313 2121; x_wconf 88' lang='lat' dir='ltr'><strong>ut</strong></span> <span class='ocrx_word' id='word_1_126' title='bbox 327 2055 484 2121; x_wconf 73' lang='lat' dir='ltr'><strong>Graeciam</strong></span> <span class='ocrx_word' id='word_1_127' title='bbox 498 2055 622 2143; x_wconf 89' lang='lat' dir='ltr'><strong>petenti</strong></span> <span class='ocrx_word' id='word_1_128' title='bbox 637 2072 842 2138; x_wconf 88' lang='lat' dir='ltr'><strong>occurreret,</strong></span> <span class='ocrx_word' id='word_1_129' title='bbox 862 2056 897 2118; x_wconf 92' lang='lat' dir='ltr'><strong>in</strong></span> <span class='ocrx_word' id='word_1_130' title='bbox 913 2056 1111 2121; x_wconf 81' lang='lat' dir='ltr'><strong>Thessaliam</strong></span> <span class='ocrx_word' id='word_1_131' title='bbox 1133 2057 1247 2121; x_wconf 86' lang='lat' dir='ltr'><strong>movit.</strong></span> <span class='ocrx_word' id='word_1_132' title='bbox 1266 2054 1340 2134; x_wconf 80' lang='lat' dir='ltr'><strong>Ejus</strong></span> 
     </span>
     <span class='ocr_line' id='line_1_19' title="bbox 274 2153 1340 2247; baseline -0.003 -25"><span class='ocrx_word' id='word_1_133' title='bbox 274 2156 308 2223; x_wconf 89' lang='lat' dir='ltr'><strong>L.</strong></span> <span class='ocrx_word' id='word_1_134' title='bbox 323 2157 428 2222; x_wconf 84' lang='lat' dir='ltr'><strong>Flacci</strong></span> <span class='ocrx_word' id='word_1_135' title='bbox 451 2155 584 2221; x_wconf 90' lang='lat' dir='ltr'><strong>mentio·</strong></span> <span class='ocrx_word' id='word_1_136' title='bbox 598 2155 703 2244; x_wconf 89' lang='lat' dir='ltr'><strong>cogit,</strong></span> <span class='ocrx_word' id='word_1_137' title='bbox 727 2170 767 2220; x_wconf 89' lang='lat' dir='ltr'><strong>nt</strong></span> <span class='ocrx_word' id='word_1_138' title='bbox 788 2154 830 2221; x_wconf 90' lang='lat' dir='ltr'><strong>ad</strong></span> <span class='ocrx_word' id='word_1_139' title='bbox 850 2156 976 2221; x_wconf 86' lang='lat' dir='ltr'><strong>urbana</strong></span> <span class='ocrx_word' id='word_1_140' title='bbox 995 2157 1127 2247; x_wconf 85' lang='lat' dir='ltr'><strong>negotia</strong></span> <span class='ocrx_word' id='word_1_141' title='bbox 1151 2153 1340 2246; x_wconf 86' lang='lat' dir='ltr'><strong>exponenda</strong></span> 
     </span>
     <span class='ocr_line' id='line_1_20' title="bbox 272 2274 1196 2347; baseline -0.004 -24"><span class='ocrx_word' id='word_1_142' title='bbox 272 2274 473 2347; x_wconf 81' lang='lat' dir='ltr'><strong>praevertam.</strong></span> <span class='ocrx_word' id='word_1_143' title='bbox 1192 2297 1196 2307; x_wconf 86' lang='lat'><strong>.</strong></span> 
     </span>
    </p>

    <p class='ocr_par' dir='ltr' id='par_1_4' title="bbox 270 2352 1341 3568">
     <span class='ocr_line' id='line_1_21' title="bbox 318 2352 1339 2449; baseline -0.005 -24"><span class='ocrx_word' id='word_1_144' title='bbox 318 2360 426 2425; x_wconf 82' lang='lat' dir='ltr'><strong>XXII.</strong></span> <span class='ocrx_word' id='word_1_145' title='bbox 439 2355 564 2421; x_wconf 87' lang='lat' dir='ltr'><strong>Consul</strong></span> <span class='ocrx_word' id='word_1_146' title='bbox 577 2357 697 2441; x_wconf 88' lang='lat' dir='ltr'><strong>Cinna,</strong></span> <span class='ocrx_word' id='word_1_147' title='bbox 712 2352 750 2422; x_wconf 92' lang='lat' dir='ltr'><strong>C.</strong></span> <span class='ocrx_word' id='word_1_148' title='bbox 759 2358 865 2423; x_wconf 85' lang='lat' dir='ltr'><strong>Mario</strong></span> <span class='ocrx_word' id='word_1_149' title='bbox 881 2358 1004 2449; x_wconf 85' lang='lat' dir='ltr'><strong>collega</strong></span> <span class='ocrx_word' id='word_1_150' title='bbox 1015 2374 1166 2441; x_wconf 88' lang='lat' dir='ltr'><strong>mortuo,</strong></span> <span class='ocrx_word' id='word_1_151' title='bbox 1180 2359 1215 2423; x_wconf 88' lang='lat' dir='ltr'><strong>in</strong></span> <span class='ocrx_word' id='word_1_152' title='bbox 1234 2360 1339 2423; x_wconf 85' lang='lat' dir='ltr'><strong>locum</strong></span> 
     </span>
     <span class='ocr_line' id='line_1_22' title="bbox 274 2458 1339 2548; baseline -0.003 -21"><span class='ocrx_word' id='word_1_153' title='bbox 274 2462 344 2543; x_wconf 86' lang='lat' dir='ltr'><strong>ejus</strong></span> <span class='ocrx_word' id='word_1_154' title='bbox 355 2462 507 2526; x_wconf 86' lang='lat' dir='ltr'><strong>Flaccum</strong></span> <span class='ocrx_word' id='word_1_155' title='bbox 523 2458 711 2526; x_wconf 76' lang='lat' dir='ltr'><strong>adsciverat.</strong></span> <span class='ocrx_word' id='word_1_156' title='bbox 721 2462 822 2526; x_wconf 90' lang='lat' dir='ltr'><strong>Domi</strong></span> <span class='ocrx_word' id='word_1_157' title='bbox 835 2461 981 2548; x_wconf 81' lang='lat' dir='ltr'><strong>lorisque</strong></span> <span class='ocrx_word' id='word_1_158' title='bbox 995 2461 1079 2526; x_wconf 91' lang='lat' dir='ltr'><strong>nihil</strong></span> <span class='ocrx_word' id='word_1_159' title='bbox 1090 2462 1339 2540; x_wconf 90' lang='lat' dir='ltr'><strong>inconcussum,</strong></span> 
     </span>
     <span class='ocr_line' id='line_1_23' title="bbox 273 2561 1340 2645; baseline -0.003 -16"><span class='ocrx_word' id='word_1_160' title='bbox 273 2580 330 2630; x_wconf 90' lang='lat' dir='ltr'><strong>aut</strong></span> <span class='ocrx_word' id='word_1_161' title='bbox 352 2563 450 2628; x_wconf 86' lang='lat' dir='ltr'><strong>etiarn</strong></span> <span class='ocrx_word' id='word_1_162' title='bbox 472 2561 680 2640; x_wconf 84' lang='lat' dir='ltr'><strong>mediocriter</strong></span> <span class='ocrx_word' id='word_1_163' title='bbox 702 2564 872 2632; x_wconf 85' lang='lat' dir='ltr'><strong>turbatum</strong></span> <span class='ocrx_word' id='word_1_164' title='bbox 892 2579 971 2628; x_wconf 77' lang='lat' dir='ltr'><strong>erat.</strong></span> <span class='ocrx_word' id='word_1_165' title='bbox 987 2565 1087 2627; x_wconf 78' lang='lat' dir='ltr'><strong>Arma</strong></span> <span class='ocrx_word' id='word_1_166' title='bbox 1104 2563 1172 2645; x_wconf 86' lang='lat' dir='ltr'><strong>jam</strong></span> <span class='ocrx_word' id='word_1_167' title='bbox 1189 2564 1231 2627; x_wconf 78' lang='lat' dir='ltr'><strong>in</strong></span> <span class='ocrx_word' id='word_1_168' title='bbox 1254 2563 1340 2627; x_wconf 89' lang='lat' dir='ltr'><strong>Urbe</strong></span> 
     </span>
     <span class='ocr_line' id='line_1_24' title="bbox 274 2663 1340 2753; baseline -0.006 -21"><span class='ocrx_word' id='word_1_169' title='bbox 274 2666 460 2746; x_wconf 77' lang='lat' dir='ltr'><strong>cessabant,</strong></span> <span class='ocrx_word' id='word_1_170' title='bbox 480 2663 538 2730; x_wconf 89' lang='lat' dir='ltr'><strong>sed</strong></span> <span class='ocrx_word' id='word_1_171' title='bbox 556 2679 668 2730; x_wconf 84' lang='lat' dir='ltr'><strong>moesta</strong></span> <span class='ocrx_word' id='word_1_172' title='bbox 689 2665 801 2736; x_wconf 89' lang='lat' dir='ltr'><strong>omnia</strong></span> <span class='ocrx_word' id='word_1_173' title='bbox 818 2682 1052 2753; x_wconf 86' lang='lat' dir='ltr'><strong>suspectaque,</strong></span> <span class='ocrx_word' id='word_1_174' title='bbox 1073 2666 1173 2729; x_wconf 89' lang='lat' dir='ltr'><strong>tantis</strong></span> <span class='ocrx_word' id='word_1_175' title='bbox 1193 2665 1340 2753; x_wconf 90' lang='lat' dir='ltr'><strong>undique</strong></span> 
     </span>
     <span class='ocr_line' id='line_1_25' title="bbox 273 2766 1340 2854; baseline -0.003 -21"><span class='ocrx_word' id='word_1_176' title='bbox 273 2771 395 2854; x_wconf 87' lang='lat' dir='ltr'><strong>irarum</strong></span> <span class='ocrx_word' id='word_1_177' title='bbox 418 2766 638 2854; x_wconf 88' lang='lat' dir='ltr'><strong>odiorumque</strong></span> <span class='ocrx_word' id='word_1_178' title='bbox 659 2767 782 2849; x_wconf 89' lang='lat' dir='ltr'><strong>causis,</strong></span> <span class='ocrx_word' id='word_1_179' title='bbox 805 2783 839 2832; x_wconf 89' lang='lat' dir='ltr'><strong>et</strong></span> <span class='ocrx_word' id='word_1_180' title='bbox 854 2766 971 2830; x_wconf 92' lang='lat' dir='ltr'><strong>animis</strong></span> <span class='ocrx_word' id='word_1_181' title='bbox 992 2782 1027 2831; x_wconf 89' lang='lat' dir='ltr'><strong>et</strong></span> <span class='ocrx_word' id='word_1_182' title='bbox 1047 2767 1151 2832; x_wconf 90' lang='lat' dir='ltr'><strong>oculis</strong></span> <span class='ocrx_word' id='word_1_183' title='bbox 1168 2766 1340 2831; x_wconf 89' lang='lat' dir='ltr'><strong>hominum</strong></span> 
     </span>
     <span class='ocr_line' id='line_1_26' title="bbox 270 2865 1340 2936; baseline -0.004 0"><span class='ocrx_word' id='word_1_184' title='bbox 270 2869 495 2936; x_wconf 89' lang='lat' dir='ltr'><strong>occurrebant.</strong></span> <span class='ocrx_word' id='word_1_185' title='bbox 509 2865 601 2932; x_wconf 85' lang='lat' dir='ltr'><strong>Inter</strong></span> <span class='ocrx_word' id='word_1_186' title='bbox 613 2869 673 2934; x_wconf 91' lang='lat' dir='ltr'><strong>alia</strong></span> <span class='ocrx_word' id='word_1_187' title='bbox 684 2890 753 2933; x_wconf 91' lang='lat' dir='ltr'><strong>non</strong></span> <span class='ocrx_word' id='word_1_188' title='bbox 767 2869 882 2933; x_wconf 85' lang='lat' dir='ltr'><strong>leviter</strong></span> <span class='ocrx_word' id='word_1_189' title='bbox 894 2869 1031 2935; x_wconf 86' lang='lat' dir='ltr'><strong>civitatis</strong></span> <span class='ocrx_word' id='word_1_190' title='bbox 1045 2869 1258 2934; x_wconf 88' lang='lat' dir='ltr'><strong>concordiam</strong></span> <span class='ocrx_word' id='word_1_191' title='bbox 1274 2891 1340 2932; x_wconf 91' lang='lat' dir='ltr'><strong>ma·</strong></span> 
     </span>
     <span class='ocr_line' id='line_1_27' title="bbox 273 2969 1340 3064; baseline -0.005 -27"><span class='ocrx_word' id='word_1_192' title='bbox 273 2971 413 3063; x_wconf 90' lang='lat' dir='ltr'><strong>gnitudo</strong></span> <span class='ocrx_word' id='word_1_193' title='bbox 427 2971 499 3036; x_wconf 81' lang='lat' dir='ltr'><strong>seris</strong></span> <span class='ocrx_word' id='word_1_194' title='bbox 515 2971 628 3052; x_wconf 87' lang='lat' dir='ltr'><strong>alieni,</strong></span> <span class='ocrx_word' id='word_1_195' title='bbox 646 2987 678 3036; x_wconf 87' lang='lat' dir='ltr'><strong>et</strong></span> <span class='ocrx_word' id='word_1_196' title='bbox 693 2969 847 3064; x_wconf 64' lang='lat' dir='ltr'><strong>labelacm</strong></span> <span class='ocrx_word' id='word_1_197' title='bbox 864 2969 944 3035; x_wconf 89' lang='lat' dir='ltr'><strong>fides</strong></span> <span class='ocrx_word' id='word_1_198' title='bbox 962 2987 1181 3036; x_wconf 86' lang='lat' dir='ltr'><strong>concusserat.</strong></span> <span class='ocrx_word' id='word_1_199' title='bbox 1196 2973 1237 3036; x_wconf 87' lang='lat' dir='ltr'><strong>Ei</strong></span> <span class='ocrx_word' id='word_1_200' title='bbox 1258 2970 1340 3034; x_wconf 86' lang='lat' dir='ltr'><strong>malo</strong></span> 
     </span>
     <span class='ocr_line' id='line_1_28' title="bbox 272 3070 1341 3163; baseline -0.005 -25"><span class='ocrx_word' id='word_1_201' title='bbox 272 3090 312 3138; x_wconf 91' lang='lat' dir='ltr'><strong>ut</strong></span> <span class='ocrx_word' id='word_1_202' title='bbox 321 3071 503 3138; x_wconf 88' lang='lat' dir='ltr'><strong>remedium</strong></span> <span class='ocrx_word' id='word_1_203' title='bbox 515 3073 664 3156; x_wconf 85' lang='lat' dir='ltr'><strong>afferret,</strong></span> <span class='ocrx_word' id='word_1_204' title='bbox 679 3073 900 3162; x_wconf 85' lang='lat' dir='ltr'><strong>turpissimam</strong></span> <span class='ocrx_word' id='word_1_205' title='bbox 916 3074 1020 3163; x_wconf 87' lang='lat' dir='ltr'><strong>legem</strong></span> <span class='ocrx_word' id='word_1_206' title='bbox 1035 3074 1071 3138; x_wconf 91' lang='lat' dir='ltr'><strong>L.</strong></span> <span class='ocrx_word' id='word_1_207' title='bbox 1082 3074 1219 3138; x_wconf 86' lang='lat' dir='ltr'><strong>Flaccus</strong></span> <span class='ocrx_word' id='word_1_208' title='bbox 1229 3070 1341 3138; x_wconf 88' lang='lat' dir='ltr'><strong>consul</strong></span> 
     </span>
     <span class='ocr_line' id='line_1_29' title="bbox 272 3173 1341 3263; baseline -0.003 -22"><span class='ocrx_word' id='word_1_209' title='bbox 272 3177 362 3257; x_wconf 88' lang='lat' dir='ltr'><strong>tulit,</strong></span> <span class='ocrx_word' id='word_1_210' title='bbox 388 3174 569 3263; x_wconf 86' lang='lat' dir='ltr'><strong>quadrante</strong></span> <span class='ocrx_word' id='word_1_211' title='bbox 594 3173 811 3241; x_wconf 89' lang='lat' dir='ltr'><strong>creditoribus</strong></span> <span class='ocrx_word' id='word_1_212' title='bbox 833 3177 915 3240; x_wconf 80' lang='lat' dir='ltr'><strong>solvi</strong></span> <span class='ocrx_word' id='word_1_213' title='bbox 936 3176 1048 3258; x_wconf 85' lang='lat' dir='ltr'><strong>jusso,</strong></span> <span class='ocrx_word' id='word_1_214' title='bbox 1071 3191 1111 3239; x_wconf 84' lang='lat' dir='ltr'><strong>nt</strong></span> <span class='ocrx_word' id='word_1_215' title='bbox 1125 3175 1193 3255; x_wconf 89' lang='lat' dir='ltr'><strong>jam</strong></span> <span class='ocrx_word' id='word_1_216' title='bbox 1216 3175 1341 3255; x_wconf 77' lang='lat' dir='ltr'><strong>injurie</strong></span> 
     </span>
     <span class='ocr_line' id='line_1_30' title="bbox 271 3274 1340 3366; baseline -0.003 -25"><span class='ocrx_word' id='word_1_217' title='bbox 271 3277 477 3366; x_wconf 84' lang='lat' dir='ltr'><strong>perlidiaeque</strong></span> <span class='ocrx_word' id='word_1_218' title='bbox 491 3277 642 3364; x_wconf 91' lang='lat' dir='ltr'><strong>publicus</strong></span> <span class='ocrx_word' id='word_1_219' title='bbox 655 3293 789 3360; x_wconf 92' lang='lat' dir='ltr'><strong>auctor,</strong></span> <span class='ocrx_word' id='word_1_220' title='bbox 803 3299 871 3341; x_wconf 91' lang='lat' dir='ltr'><strong>non</strong></span> <span class='ocrx_word' id='word_1_221' title='bbox 887 3277 1064 3357; x_wconf 87' lang='lat' dir='ltr'><strong>immeritas</strong></span> <span class='ocrx_word' id='word_1_222' title='bbox 1074 3298 1202 3364; x_wconf 87' lang='lat' dir='ltr'><strong>poenas,</strong></span> <span class='ocrx_word' id='word_1_223' title='bbox 1216 3274 1340 3341; x_wconf 84' lang='lat' dir='ltr'><strong>violatis</strong></span> 
     </span>
     <span class='ocr_line' id='line_1_31' title="bbox 272 3377 1340 3460; baseline -0.004 -18"><span class='ocrx_word' id='word_1_224' title='bbox 272 3377 432 3442; x_wconf 89' lang='lat' dir='ltr'><strong>societatis</strong></span> <span class='ocrx_word' id='word_1_225' title='bbox 448 3377 600 3442; x_wconf 70' lang='lat' dir='ltr'><strong>humane</strong></span> <span class='ocrx_word' id='word_1_226' title='bbox 612 3378 768 3460; x_wconf 82' lang='lat' dir='ltr'><strong>vinculis,</strong></span> <span class='ocrx_word' id='word_1_227' title='bbox 787 3377 914 3443; x_wconf 87' lang='lat' dir='ltr'><strong>dedisse</strong></span> <span class='ocrx_word' id='word_1_228' title='bbox 930 3377 1096 3460; x_wconf 80' lang='lat' dir='ltr'><strong>videatur,</strong></span> <span class='ocrx_word' id='word_1_229' title='bbox 1113 3378 1218 3443; x_wconf 87' lang='lat' dir='ltr'><strong>altero</strong></span> <span class='ocrx_word' id='word_1_230' title='bbox 1234 3377 1340 3442; x_wconf 88' lang='lat' dir='ltr'><strong>statim</strong></span> 
     </span>
     <span class='ocr_line' id='line_1_32' title="bbox 272 3478 1340 3568; baseline -0.003 -25"><span class='ocrx_word' id='word_1_231' title='bbox 272 3501 360 3544; x_wconf 89' lang='lat' dir='ltr'><strong>anno</strong></span> <span class='ocrx_word' id='word_1_232' title='bbox 369 3501 388 3542; x_wconf 90' lang='lat' dir='ltr'><strong>a</strong></span> <span class='ocrx_word' id='word_1_233' title='bbox 397 3478 593 3562; x_wconf 88' lang='lat' dir='ltr'><strong>C.Fimb1ia,</strong></span> <span class='ocrx_word' id='word_1_234' title='bbox 602 3478 708 3568; x_wconf 84' lang='lat' dir='ltr'><strong>legato</strong></span> <span class='ocrx_word' id='word_1_235' title='bbox 722 3501 795 3563; x_wconf 92' lang='lat' dir='ltr'><strong>suo,</strong></span> <span class='ocrx_word' id='word_1_236' title='bbox 804 3495 918 3558; x_wconf 78' lang='lat' dir='ltr'><strong>contra</strong></span> <span class='ocrx_word' id='word_1_237' title='bbox 925 3479 979 3560; x_wconf 88' lang='lat' dir='ltr'><strong>jus</strong></span> <span class='ocrx_word' id='word_1_238' title='bbox 990 3479 1104 3568; x_wconf 79' lang='lat' dir='ltr'><strong>fasque</strong></span> <span class='ocrx_word' id='word_1_239' title='bbox 1112 3479 1340 3567; x_wconf 87' lang='lat' dir='ltr'><strong>interemptus.</strong></span> 
     </span>
    </p>

    <p class='ocr_par' dir='ltr' id='par_1_5' title="bbox 272 3577 1343 3772">
     <span class='ocr_line' id='line_1_33' title="bbox 315 3577 1340 3670; baseline -0.001 -26"><span class='ocrx_word' id='word_1_240' title='bbox 315 3581 437 3646; x_wconf 82' lang='lat' dir='ltr'><strong>XXIII.</strong></span> <span class='ocrx_word' id='word_1_241' title='bbox 457 3581 548 3646; x_wconf 90' lang='lat' dir='ltr'><strong>Inter</strong></span> <span class='ocrx_word' id='word_1_242' title='bbox 566 3582 648 3658; x_wconf 87' lang='lat' dir='ltr'><strong>mala</strong></span> <span class='ocrx_word' id='word_1_243' title='bbox 665 3580 802 3645; x_wconf 84' lang='lat' dir='ltr'><strong>civitatis</strong></span> <span class='ocrx_word' id='word_1_244' title='bbox 820 3582 917 3646; x_wconf 87' lang='lat' dir='ltr'><strong>etiarn</strong></span> <span class='ocrx_word' id='word_1_245' title='bbox 933 3598 1073 3646; x_wconf 80' lang='lat' dir='ltr'><strong>monetae</strong></span> <span class='ocrx_word' id='word_1_246' title='bbox 1089 3581 1223 3646; x_wconf 81' lang='lat' dir='ltr'><strong>fraudes</strong></span> <span class='ocrx_word' id='word_1_247' title='bbox 1241 3577 1340 3670; x_wconf 86' lang='lat' dir='ltr'><strong>patri·</strong></span> 
     </span>
     <span class='ocr_line' id='line_1_34' title="bbox 272 3680 1343 3772; baseline -0.004 -24"><span class='ocrx_word' id='word_1_248' title='bbox 272 3683 382 3748; x_wconf 87' lang='lat' dir='ltr'><strong>monia</strong></span> <span class='ocrx_word' id='word_1_249' title='bbox 397 3682 598 3772; x_wconf 85' lang='lat' dir='ltr'><strong>privatorum</strong></span> <span class='ocrx_word' id='word_1_250' title='bbox 610 3680 800 3768; x_wconf 81' lang='lat' dir='ltr'><strong>afflixerant.</strong></span> <span class='ocrx_word' id='word_1_251' title='bbox 815 3683 859 3748; x_wconf 90' lang='lat' dir='ltr'><strong>Iis</strong></span> <span class='ocrx_word' id='word_1_252' title='bbox 875 3699 913 3747; x_wconf 93' lang='lat' dir='ltr'><strong>ut</strong></span> <span class='ocrx_word' id='word_1_253' title='bbox 929 3683 1060 3748; x_wconf 81' lang='lat' dir='ltr'><strong>obviam</strong></span> <span class='ocrx_word' id='word_1_254' title='bbox 1075 3683 1197 3764; x_wconf 90' lang='lat' dir='ltr'><strong>iretur,</strong></span> <span class='ocrx_word' id='word_1_255' title='bbox 1215 3681 1259 3746; x_wconf 91' lang='lat' dir='ltr'><strong>de</strong></span> <span class='ocrx_word' id='word_1_256' title='bbox 1271 3701 1343 3770; x_wconf 85' lang='lat' dir='ltr'><strong>pro·</strong></span> 
     </span>
    </p>
   </div>
   <div class='ocr_carea' id='block_1_3' title="bbox 269 3907 1340 4148">
    <p class='ocr_par' dir='ltr' id='par_1_6' title="bbox 269 3907 1340 4148">
     <span class='ocr_line' id='line_1_35' title="bbox 304 3907 1339 3980; baseline -0.005 -18"><span class='ocrx_word' id='word_1_257' title='bbox 304 3915 320 3980; x_wconf 73' lang='lat' dir='ltr'>S</span> <span class='ocrx_word' id='word_1_258' title='bbox 335 3915 394 3962; x_wconf 79' lang='lat' dir='ltr'><strong>xx.</strong></span> <span class='ocrx_word' id='word_1_259' title='bbox 407 3911 529 3962; x_wconf 83' lang='lat' dir='ltr'><strong>Plutarch.</strong></span> <span class='ocrx_word' id='word_1_260' title='bbox 538 3939 573 3950; x_wconf 90' lang='lat'>-</span> <span class='ocrx_word' id='word_1_261' title='bbox 583 3911 691 3978; x_wconf 78' lang='lat' dir='ltr'><strong>Appiam.</strong></span> <span class='ocrx_word' id='word_1_262' title='bbox 701 3915 848 3965; x_wconf 78' lang='lat' dir='ltr'><strong>-Pausam</strong></span> <span class='ocrx_word' id='word_1_263' title='bbox 855 3914 900 3962; x_wconf 86' lang='lat' dir='ltr'><strong>lih.</strong></span> <span class='ocrx_word' id='word_1_264' title='bbox 910 3918 931 3962; x_wconf 92' lang='grc' dir='ltr'><strong>Ι.</strong></span> <span class='ocrx_word' id='word_1_265' title='bbox 939 3913 1000 3980; x_wconf 71' lang='lat' dir='ltr'><strong>-s</strong></span> <span class='ocrx_word' id='word_1_266' title='bbox 1010 3917 1096 3965; x_wconf 81' lang='lat' dir='ltr'><strong>xxu.</strong></span> <span class='ocrx_word' id='word_1_267' title='bbox 1107 3914 1232 3964; x_wconf 74' lang='lat' dir='ltr'><strong>rtunmu.</strong></span> <span class='ocrx_word' id='word_1_268' title='bbox 1242 3938 1278 3950; x_wconf 88' lang='lat'><strong>·-</strong></span> <span class='ocrx_word' id='word_1_269' title='bbox 1286 3907 1339 3961; x_wconf 87' lang='lat' dir='ltr'><strong>Cic.</strong></span> 
     </span>
     <span class='ocr_line' id='line_1_36' title="bbox 269 3993 1340 4069; baseline 0.001 -22"><span class='ocrx_word' id='word_1_270' title='bbox 269 4001 297 4047; x_wconf 81' lang='lat' dir='ltr'><strong>ln</strong></span> <span class='ocrx_word' id='word_1_271' title='bbox 308 3999 398 4056; x_wconf 82' lang='lat' dir='ltr'><strong>Bruto,</strong></span> <span class='ocrx_word' id='word_1_272' title='bbox 413 4013 467 4062; x_wconf 80' lang='lat' dir='ltr'><strong>cap.</strong></span> <span class='ocrx_word' id='word_1_273' title='bbox 481 4011 530 4061; x_wconf 74' lang='lat'><strong>9⁰3</strong></span> <span class='ocrx_word' id='word_1_274' title='bbox 545 3995 577 4044; x_wconf 87' lang='lat' dir='ltr'><strong>dc</strong></span> <span class='ocrx_word' id='word_1_275' title='bbox 590 3993 664 4044; x_wconf 81' lang='lat' dir='ltr'><strong>offic.</strong></span> <span class='ocrx_word' id='word_1_276' title='bbox 677 3999 730 4058; x_wconf 89' lang='lat' dir='ltr'><strong>lll,</strong></span> <span class='ocrx_word' id='word_1_277' title='bbox 743 4013 786 4047; x_wconf 86' lang='lat' dir='ltr'><strong>ao.</strong></span> <span class='ocrx_word' id='word_1_278' title='bbox 801 4027 836 4068; x_wconf 44' lang='lat' dir='ltr'><strong>f</strong></span> <span class='ocrx_word' id='word_1_279' title='bbox 848 3999 913 4048; x_wconf 73' lang='lat' dir='ltr'><strong>vell.</strong></span> <span class='ocrx_word' id='word_1_280' title='bbox 925 4001 963 4060; x_wconf 88' lang='lat'><strong>11,</strong></span> <span class='ocrx_word' id='word_1_281' title='bbox 976 4001 1018 4069; x_wconf 73' lang='lat'><strong>23.</strong></span> <span class='ocrx_word' id='word_1_282' title='bbox 1036 4027 1072 4037; x_wconf 90' lang='lat'><em>-</em></span> <span class='ocrx_word' id='word_1_283' title='bbox 1090 3999 1154 4048; x_wconf 79' lang='lat' dir='ltr'><strong>Plio.</strong></span> <span class='ocrx_word' id='word_1_284' title='bbox 1170 3997 1303 4055; x_wconf 82' lang='lat' dir='ltr'><strong>xxxtu,</strong></span> <span class='ocrx_word' id='word_1_285' title='bbox 1316 4009 1340 4056; x_wconf 82' lang='lat'><strong>9·</strong></span> 
     </span>
     <span class='ocr_line' id='line_1_37' title="bbox 270 4070 903 4148; baseline -0.003 -18"><span class='ocrx_word' id='word_1_286' title='bbox 270 4109 306 4118; x_wconf 98' lang='lat'><em>-</em></span> <span class='ocrx_word' id='word_1_287' title='bbox 320 4079 377 4130; x_wconf 81' lang='lat' dir='ltr'><strong>sul.</strong></span> <span class='ocrx_word' id='word_1_288' title='bbox 388 4079 461 4130; x_wconf 77' lang='lat' dir='ltr'><strong>Catil.</strong></span> <span class='ocrx_word' id='word_1_289' title='bbox 471 4096 527 4148; x_wconf 83' lang='lat' dir='ltr'><strong>cap.</strong></span> <span class='ocrx_word' id='word_1_290' title='bbox 540 4081 581 4131; x_wconf 77' lang='lat'><strong>33.</strong></span> <span class='ocrx_word' id='word_1_291' title='bbox 682 4073 685 4078; x_wconf 67' lang='grc'>’</span> <span class='ocrx_word' id='word_1_292' title='bbox 780 4071 784 4080; x_wconf 73' lang='grc'>’</span> <span class='ocrx_word' id='word_1_293' title='bbox 859 4070 863 4077; x_wconf 69' lang='grc'><strong>’</strong></span> <span class='ocrx_word' id='word_1_294' title='bbox 900 4072 903 4076; x_wconf 59' lang='grc'><strong>’</strong></span> 
     </span>
    </p>
   </div>
   <div class='ocr_carea' id='block_1_4' title="bbox 0 0 1442 4900">
    <p class='ocr_par' dir='ltr' id='par_1_7' title="bbox 0 0 1442 4900">
     <span class='ocr_line' id='line_1_38' title="bbox 0 0 1442 4900; baseline 0 0"><span class='ocrx_word' id='word_1_295' title='bbox 0 0 1442 4900; x_wconf 95' lang='lat' dir='ltr'><strong> </strong></span> 
     </span>
    </p>
   </div>
  </div>
 </body>
</html>
