2875 4900
306 374 378 461 454
484 380 551 446 JO.
579 376 926 445 FREINSHEMll
957 372 1200 440 SUPPLEM.

305 499 456 562 culorum
475 519 628 585 oppressa
645 497 761 577 majori
775 512 867 583 parte
886 495 1004 574 tutior,
1021 492 1066 555 ita
1082 491 1207 578 reliquo
1221 488 1354 552 adversus

305 600 476 663 Catilinam
493 599 599 681 bello,
615 614 648 663 et
664 598 875 689 gliscentibus
890 598 925 660 in
939 596 1029 659 Urbe
1044 593 1230 673 discordiis,
1243 594 1353 656 futuro·

303 722 447 787 rumque
460 700 699 788 exspectatione
715 698 806 763 haud
816 700 926 763 minus
942 698 1125 761 laboriosus
1137 712 1169 760 et
1183 697 1294 759 minax.
1306 695 1356 756 lla·

305 799 411 865 lendis
433 799 605 881 januariis,
629 822 733 887 quum
757 816 908 863 senatum
931 800 1009 862 novi
1030 799 1181 862 consules
1202 817 1355 860 convocas·

278 938 283 947 ·
306 916 399 981 sent,
431 900 471 983 Q.
487 900 637 963 Metellus
661 900 816 965 tn'bunus
844 900 967 989 plebis,
989 902 1182 964 Ciceronem
1206 899 1356 975 vellicans,

304 1000 446 1065 vicissim
464 1002 581 1065 acriter
600 1018 649 1065 est
667 1001 707 1065 ab
726 1004 782 1066 illo
803 1003 1032 1091 reprehensus.
1048 1003 1091 1066 Et
1105 1004 1140 1065 C.
1151 1004 1256 1065 Caesar
1267 1000 1356 1087 primo

305 1119 452 1192 praeturas
469 1102 522 1168 die
540 1102 581 1184 Q.
592 1104 746 1168 Catulum
760 1104 802 1168 de
815 1105 993 1169 refectione
1006 1103 1156 1192 Capitolii
1173 1102 1216 1167 ad
1230 1101 1358 1188 disquisi-

306 1204 431 1268 tionem
445 1206 560 1292 populi
573 1207 719 1287 vocarit,
736 1208 942 1297 promulgata
964 1208 1153 1297 rogatione,
1169 1230 1235 1295 qua
1253 1204 1357 1269 curatio

306 1328 344 1369 ea
360 1307 394 1369 in
410 1306 509 1369 alium
527 1307 773 1389 transferretur,
790 1325 828 1373 ut
846 1310 998 1373 Catulum
1018 1308 1147 1371 bonore
1168 1303 1357 1371 dedicationis

307 1405 493 1495 depelleret.
838 1403 846 1431 ¹

350 1511 394 1573 ll.
412 1509 485 1573 Sive
498 1510 586 1573 enim
599 1511 748 1598 quaedam
761 1512 887 1596 adhuc,
906 1530 943 1576 ut
958 1535 998 1575 ex
1013 1529 1106 1576 tanto
1124 1534 1242 1599 opere,
1257 1511 1357 1595 imper·

307 1610 390 1676 fecta
406 1610 587 1693 restabant,
609 1629 643 1676 et
657 1613 816 1702 depressae
834 1615 897 1679 sub
917 1636 990 1677 area
1010 1614 1096 1677 cellae
1112 1613 1224 1701 plures
1243 1609 1358 1702 gradus,

306 1733 485 1799 paremque
498 1712 627 1802 fastigio
637 1732 828 1803 suggestum
840 1715 910 1780 lien‘
923 1738 993 1778 non
1005 1730 1097 1779 erant
1107 1738 1225 1804 passae,
1239 1714 1300 1777 sive
1311 1712 1359 1773 hoc

307 1810 452 1902 fingebat
467 1816 590 1895 Caesar3
609 1814 644 1878 id
664 1834 752 1881 certe
775 1819 948 1908 agebatur,
968 1834 1024 1899 ut,
1044 1817 1214 1905 peculatus
1234 1810 1358 1904 praesui·

307 1915 420 2003 ptioue
435 1932 562 1980 remoto
577 1919 710 2000 Catulo,
728 1920 877 2008 Pompeii
892 1941 1014 1984 nomen
1028 1919 1119 2006 operi
1133 1917 1284 1982 absoluto
1298 1936 1360 2002 pra·

308 2017 515 2103 scriberetur.
534 2019 575 2082 In
595 2042 632 2083 ea
652 2022 865 2085 contentione
885 2037 953 2085 tam
976 2019 1216 2084 contumeliose
1238 2013 1361 2081 tractarit

307 2118 501 2206 primarium
513 2118 640 2202 virum,
657 2137 695 2186 ut
712 2146 852 2212 purgare
864 2146 899 2187 se
911 2124 1075 2187 volentem
1088 2144 1129 2185 ex
1140 2120 1293 2184 inferiore
1305 2118 1360 2178 tow

306 2219 437 2299 juberet
462 2219 580 2285 dicere.
601 2219 665 2285 Sed
682 2223 873 2310 optimates,
891 2225 1005 2288 relicto
1025 2244 1191 2286 novorum
1210 2217 1359 2285 consulum

309 2318 437 2404 officio,
453 2321 641 2410 frequentes
657 2326 837 2390 accurrisse
851 2326 966 2390 videns
983 2324 1025 2388 ad
1045 2323 1280 2402 resistendum,
1295 2320 1361 2381 hau

311 2422 444 2513 quidem
452 2424 614 2488 actionem
627 2424 780 2514 deposuit
789 2451 797 2492 ε
806 2428 930 2493 Metelli
937 2426 1234 2492 turbulentissimas
1241 2423 1361 2490 actiones

309 2524 517 2612 pertinaciter
537 2527 634 2614 coepit
652 2526 845 2610 defendere,
862 2529 982 2594 infime
997 2529 1083 2618 plebi
1100 2545 1211 2592 totum
1231 2550 1265 2592 se
1282 2520 1361 2612 appii

310 2647 404 2706 cans,
425 2647 498 2712 quae
519 2649 569 2690 res
591 2650 711 2693 novare
732 2631 942 2719 cupientibus
960 2632 995 2694 in
1014 2631 1106 2696 omni
1123 2653 1243 2722 magna
1256 2629 1362 2693 civitate

310 2726 510 2817 paratissima
523 2751 652 2816 semper
667 2733 816 2796 materies
833 2732 907 2797 fuit.

355 2830 415 2895 111.
430 2831 535 2918 Igitur
548 2831 593 2894 M.
605 2831 741 2896 Porcius
753 2836 849 2916 Cato,
868 2835 1003 2898 minime
1016 2834 1093 2897 alias
1105 2833 1259 2924 largitor,
1272 2847 1306 2894 ut
1317 2826 1364 2890 eri·

310 2947 403 3020 peret
416 2931 544 2995 homini
556 2931 735 3019 populum,
749 2951 865 2998 auctor
875 2935 1026 2999 Patribus
1038 2933 1205 2999 dividendi
1217 2936 1251 2998 in
1265 2948 1363 3022 egenos

310 3033 395 3095 cives
417 3032 574 3096 frumenti
590 3033 662 3098 fuit.
678 3035 725 3098 Ea
741 3058 792 3100 res
805 3037 882 3100 licet
899 3051 1063 3100 constaret
1080 3037 1254 3100 trecenties
1267 3049 1363 3099 sester-

311 3135 394 3199 tium
407 3136 510 3199 annui
525 3151 695 3224 sumptus,
713 3152 821 3202 tamen
839 3138 982 3225 quietam
995 3162 1035 3203 eo
1047 3162 1134 3202 anno
1151 3137 1363 3226 rempublicam

311 3259 329 3299 a
341 3237 514 3300 formidata
525 3238 656 3301 Caesaris
673 3256 814 3327 praetura
831 3240 980 3327 praestitit
993 3263 1002 3304 ε
1015 3255 1113 3328 atque
1126 3240 1155 3303 is
1171 3255 1247 3328 post
1261 3237 1364 3321 aliquot

312 3338 548 3425 experimenta,
563 3363 666 3426 quum
682 3339 787 3404 deseri
799 3363 833 3404 se
847 3364 866 3403 a
878 3341 976 3406 turba
988 3341 1130 3423 videret,
1143 3343 1304 3429 reliquum
1316 3355 1366 3397 ma·

311 3440 463 3530 gistratus
486 3441 536 3504 sui
556 3457 685 3530 tempus
707 3443 854 3507 modeste
877 3458 910 3506 et
932 3444 1067 3507 civiliter
1088 3443 1206 3532 exegit.
1228 3439 1290 3506 Sed
1311 3437 1365 3498 hit-⁶

311 3542 409 3630 paulo
427 3557 502 3629 post
517 3544 715 3626 referentur,
733 3543 791 3608 ubi
803 3545 964 3625 catilinae,
983 3561 1017 3609 et
1033 3545 1222 3631 copiarum,
1258 3562 1312 3605 uas
1325 3557 1364 3600 se·

313 3665 389 3708 cum
405 3643 563 3724 habebat,
583 3645 706 3709 exitum
721 3645 897 3711 tradidero.
1180 3640 1183 3643 ⁵

347 3889 363 3954 S
381 3891 402 3938 1.
422 3889 452 3937 U.
467 3887 495 3938 C.
514 3888 583 3951 6905
600 3889 632 3936 Δ.
642 3888 671 3936 C.
683 3888 727 3937 62.
741 3876 782 3925 -Ῑ
795 3890 848 3940 cto.
861 3890 894 3939 ad
909 3891 994 3940 Famil.
1004 3893 1037 3950 V,
1055 3907 1081 3940 a.
1100 3917 1136 3928 -
1154 3891 1258 3938 Sueton.
1276 3889 1301 3932 in
1316 3881 1366 3928 (31⁸

311 3991 365 4040 ap.
379 3974 418 4022 15.
432 3973 539 4021 -veu
551 3974 591 4032 11,
603 3973 645 4028 ts.
662 3998 698 4008 -
707 3972 771 4030 nto,
785 3972 830 4021 tu.
844 3976 981 4025 rnatu.
995 3971 1366 4041 -511.r.nyu.comment·

313 4059 344 4107 de
359 4059 465 4124 Capitol.
480 4061 553 4106 Rom.
571 4086 606 4094 -
622 4056 682 4106 Dio.
695 4085 731 4094 -
746 4058 800 4107 Cic.
815 4059 847 4106 ad
858 4059 925 4108 Atio.
939 4062 979 4120 11,
997 4069 1039 4116 rt.
1054 4088 1090 4097 -
1108 4061 1209 4108 Sueten.
1228 4084 1263 4094 -
1279 4053 1337 4102 ΡΜ·
1347 4045 1367 4090 ³⁸

315 4143 367 4190 Cat.
379 4143 439 4189 min.
455 4139 519 4208 -S
535 4143 580 4190 111.
594 4142 659 4191 Plut.
674 4141 701 4189 in
721 4143 783 4192 Caes.
796 4153 821 4190 et
834 4141 887 4192 Cat.
