2875 4900
250 395 296 442 ω
418 355 490 442 to.
518 367 858 438 rumusnnuu
892 366 1138 435 surrnnn.

292 494 344 558 LI.
362 492 479 581 Neque
499 511 552 556 res
574 489 710 554 asiaticae
736 488 913 551 adventum
934 486 1004 566 ejus
1022 509 1137 575 parum
1158 486 1325 553 desidera-

250 597 349 659 bant:
366 596 408 659 ita
429 610 577 682 tempore
595 608 628 655 et
644 589 816 654 occasione
834 589 1038 654 Mithridates
1053 589 1217 655 utebatur.
1239 593 1326 654 Huic

250 698 318 786 regi
337 712 407 760 tum
425 697 459 760 in
476 717 511 760 se
527 691 697 782 magnilica
716 707 809 755 erant
825 691 955 772 omnia,
970 706 1060 774 tum,
1081 713 1154 778 quae
1167 690 1229 755 sibi
1247 691 1325 756 dare

250 821 349 862 nemo
365 813 492 886 potest,
504 795 637 858 fortuna
654 792 850 882 provideret.
876 793 963 882 Opes
977 809 1078 880 atque
1089 795 1269 883 potentiam
1284 797 1325 859 il-

250 899 407 963 lustrabat
420 918 523 986 genus
537 919 556 959 a
569 911 693 984 septem
712 895 819 960 Persis
839 895 958 959 illustri
975 895 1058 960 serie
1074 895 1273 980 deductum,
1291 916 1326 963 et

249 999 426 1065 Artabanus
439 995 531 1086 tegni
546 995 709 1061 conditor.
726 995 791 1061 Sed
803 996 966 1084 praecipue
978 997 1206 1063 auctoritatem
1219 1001 1248 1064 ei
1266 1021 1325 1090 pa·

250 1115 359 1166 rurant
371 1119 529 1187 prospera
543 1112 577 1161 ot
589 1119 706 1188 magna
721 1097 798 1162 belli
815 1097 1012 1187 primordia,
1025 1097 1118 1188 quod
1131 1116 1221 1165 tanta
1236 1103 1271 1166 in
1283 1125 1326 1167 eo

251 1201 301 1266 vis
310 1222 381 1266 esse
391 1197 569 1282 rideretur,
583 1215 639 1282 ut,
653 1221 758 1288 quum
768 1200 913 1288 primum
929 1199 1088 1289 inciperet
1102 1202 1243 1283 moveri,
1256 1219 1327 1268 tots

252 1325 369 1392 regna,
385 1301 478 1365 nullo
491 1321 690 1390 magnopere
702 1299 852 1374 adhibito
867 1316 1006 1383 conatu,
1019 1318 1156 1390 raperet.

297 1405 367 1470 LII.
389 1402 506 1490 Neque
524 1401 627 1482 majus
649 1400 740 1466 aliud
753 1401 797 1467 ad
813 1401 1009 1467 movendam
1023 1403 1173 1490 quolibet
1188 1403 1327 1467 incline·

251 1506 376 1570 tionem
388 1493 575 1569 enimenim
594 1503 853 1569 instrumentum
873 1521 939 1587 est,
955 1527 1055 1594 quam
1071 1505 1250 1570 commodo
1266 1527 1327 1570 co·

252 1624 405 1674 natorum
416 1621 536 1670 eventu
547 1621 637 1694 porte
648 1605 808 1670 felicitatis
818 1605 915 1672 mma.
930 1607 1036 1698 igitur
1046 1609 1188 1672 fortunae
1198 1609 1327 1672 instan-

250 1709 332 1774 dum
346 1725 453 1789 ratus,
472 1723 549 1796 post
569 1708 693 1772 victum
716 1707 822 1772 esuis
843 1708 1079 1792 Nicomedem,
1099 1731 1140 1774 ex
1163 1712 1327 1774 Ameseno

252 1791 383 1900 ctimpo,
396 1809 454 1874 ubi
466 1809 582 1875 auxilie
600 1810 764 1874 variarum
777 1809 925 1900 gentium
938 1827 1164 1893 recensuerat,
1186 1834 1245 1899 per
1261 1811 1326 1876 Pa-

254 1911 462 2003 phlagoniam
479 1911 628 1992 incessit,
654 1927 789 1978 centum
812 1912 1051 2002 quinquaginta
1073 1913 1212 1976 millium
1233 1934 1328 1976 exer·

253 2017 356 2082 citum
381 2012 516 2078 ducens.
544 2011 643 2094 Inde,
668 2013 809 2102 expulso
831 2013 939 2078 obiter
964 2015 1147 2104 Pylaemene
1169 2036 1261 2106 rege,
1283 2015 1328 2078 ad

254 2117 398 2192 Storobe
422 2132 589 2198 montem,
612 2115 670 2180 ubi
692 2114 853 2204 Bithynioe
871 2115 1037 2204 Pontique
1059 2115 1202 2181 confinia
1226 2132 1326 2197 sunt,

252 2215 393 2282 deflexit.

214 2361 216 2365 -
296 2318 383 2384 LIII.
406 2316 483 2382 Non
499 2318 597 2408 longe
620 2317 742 2382 abhinc
764 2318 821 2384 Μ’.
843 2319 1003 2406 Aquillius
1029 2336 1133 2385 costra
1153 2338 1327 2410 posuerat,

253 2436 378 2510 etpost
397 2419 509 2487 infelix
526 2418 674 2509 praelium
696 2441 772 2485 cum
791 2419 938 2508 reliquiis
958 2443 1096 2486 suorum
1118 2421 1329 2487 Nicomedes.

255 2524 306 2589 Ibi
323 2546 362 2589 ex
377 2524 633 2613 praecursoribus
646 2539 781 2588 centum
801 2525 940 2588 omnino
952 2525 1125 2608 Sermatae,
1145 2546 1219 2613 quse
1233 2548 1328 2590 acer·

256 2626 339 2691 rima
357 2625 564 2715 equestribus
584 2626 702 2714 proeliis
719 2648 800 2715 gens
824 2642 889 2709 est,
910 2628 1115 2718 octingentos
1136 2628 1328 2693 Nicomedis

256 2727 382 2815 equites
407 2726 511 2809 nacti,
546 2725 721 2816 profligant
747 2728 921 2817 Bithynos,
949 2730 1177 2819 quosdamque
1208 2752 1326 2795 eorum

254 2845 366 2917 captos
376 2826 548 2893 adducunt
560 2827 601 2893 ad
611 2850 734 2919 regem.
751 2830 809 2895 ttte
826 2853 863 2895 ex
877 2833 987 2921 priore
997 2834 1148 2899 instituto
1163 2834 1226 2897 hos
1238 2856 1328 2923 quo-

253 2952 336 3019 que,
353 2930 471 2995 viatico
487 2928 581 3012 dato,
601 2928 737 2995 dimittit
750 2931 786 2995 in
798 2922 945 3021 patriam.
964 2936 1014 3000 lta
1030 2935 1097 2999 vim
1115 2934 1185 2999 aliis
1200 2935 1328 3023 pontici

252 3032 354 3121 regis,
377 3032 585 3119 militumque
604 3030 778 3116 virtutem,
798 3034 868 3097 eliis
893 3035 1097 3100 clementiam
1120 3034 1328 3125 prsedioanti·

251 3133 335 3215 bus,
354 3156 458 3221 quum
478 3134 520 3199 ab
538 3150 677 3224 utreque
694 3158 790 3202 causa
811 3138 1020 3227 popularium
1039 3139 1156 3203 animis
1176 3140 1330 3205 Nicome-

252 3234 311 3298 des
331 3231 510 3316 diffideret,
531 3258 598 3301 non
617 3254 801 3327 exspectato
819 3240 1017 3305 Mithridatis
1033 3240 1196 3324 adventu,
1211 3264 1329 3307 versus

254 3334 290 3401 L.
304 3334 453 3398 Cassium
467 3338 662 3403 retrocessit.
677 3338 827 3422 Manius,
841 3340 919 3432 luga
932 3343 1149 3432 Bithynorum
1164 3342 1327 3425 nudatus,

252 3458 357 3524 quum
374 3436 462 3501 solus
476 3439 624 3505 resistere
636 3442 734 3506 tantis
746 3441 849 3530 copiis
858 3466 926 3509 non
935 3461 1063 3533 posset,
1074 3447 1108 3509 in
1120 3446 1241 3511 tutiora
1254 3446 1329 3511 loca

251 3536 414 3627 cogitabat
429 3539 598 3623 recedere3
609 3541 667 3606 sed
683 3565 761 3608 eum
777 3544 1015 3633 Neoptolemus
1031 3546 1230 3613 Mithridatis
1246 3570 1328 3637 pur-

251 3656 406 3729 puratus,
422 3662 498 3705 cum
514 3643 672 3707 Armenio
687 3644 916 3734 Menophcne,
930 3650 993 3714 sub
1011 3649 1126 3713 horam
1142 3648 1208 3714 diei
1226 3650 1329 3737 septi·

252 3763 339 3807 mem
354 3744 521 3831 assequuti
531 3792 540 3826 ,
552 3766 699 3833 pugnare
717 3766 907 3838 coegerunt.

285 3968 302 4034 ς
319 3970 359 4017 tt.
374 3968 439 4016 Flor.
453 3969 503 4026 ΙΙΙ,
519 3969 544 4018 5.
558 3997 593 4007 -
606 3972 696 4038 Polyb.
706 3976 739 4031 V,
752 3977 794 4030 43.
809 4002 845 4014 -
858 3976 956 4027 Sellust.
969 3978 1037 4043 apud
1049 3981 1077 4028 t.
1090 3980 1187 4046 Ampel.
1201 4008 1238 4017 -
1251 3981 1330 4031 Auct.

251 4050 282 4099 de
292 4052 346 4101 Vir.
360 4050 448 4099 illustr·
459 4076 495 4088 -
507 4050 524 4117 S
536 4054 590 4103 tlt.
600 4055 721 4105 Memnon
732 4060 799 4123 apud
809 4059 882 4109 Phoe.
895 4088 931 4099 -
947 4063 1019 4111 Otos.
1027 4064 1078 4123 vt,
1090 4080 1114 4112 2.
1126 4090 1162 4102 -
1175 4067 1281 4131 Eutrop.
1292 4096 1330 4105 -

251 4136 359 4201 Appias.
372 4134 487 4187 Mithrid.
499 4164 534 4175 -
547 4136 563 4203 5
575 4138 639 4189 uu.
648 4141 728 4191 Tacit.
741 4142 807 4193 Hist.
820 4146 846 4203 l,
860 4160 902 4207 79.
916 4174 951 4184 -
960 4146 1071 4213 Appim.
1081 4174 1116 4185 -
1124 4148 1253 4199 Memnon.
