<?xml version="1.0" encoding="UTF-8"?>
<!DOCTYPE html PUBLIC "-//W3C//DTD XHTML 1.0 Transitional//EN"
    "http://www.w3.org/TR/xhtml1/DTD/xhtml1-transitional.dtd">
<html xmlns="http://www.w3.org/1999/xhtml" xml:lang="en" lang="en">
 <head>
  <title>
</title>
<meta http-equiv="Content-Type" content="text/html;charset=utf-8" />
  <meta name='ocr-system' content='tesseract 3.04.00' />
  <meta name='ocr-capabilities' content='ocr_page ocr_carea ocr_par ocr_line ocrx_word'/>
</head>
<body>
  <div class='ocr_page' id='page_1' title='image "bibliothecaclas116lemagoog_0397.png"; bbox 0 0 2875 4900; ppageno 0'>
   <div class='ocr_carea' id='block_1_1' title="bbox 307 382 1148 488">
    <p class='ocr_par' dir='ltr' id='par_1_1' title="bbox 307 382 1148 488">
     <span class='ocr_line' id='line_1_1' title="bbox 307 382 1148 488; baseline 0.018 -39"><span class='ocrx_word' id='word_1_1' title='bbox 307 382 358 453; x_wconf 82' lang='lat' dir='ltr'><strong>nt</strong></span> <span class='ocrx_word' id='word_1_2' title='bbox 390 382 500 451; x_wconf 82' lang='lat' dir='ltr'><strong>noc.</strong></span> <span class='ocrx_word' id='word_1_3' title='bbox 528 384 621 451; x_wconf 86' lang='lat' dir='ltr'><strong>mn.</strong></span> <span class='ocrx_word' id='word_1_4' title='bbox 648 386 677 453; x_wconf 88' lang='lat' dir='ltr'><strong>c</strong></span> <span class='ocrx_word' id='word_1_5' title='bbox 709 386 922 455; x_wconf 76' lang='lat' dir='ltr'><strong>tivum.</strong></span> <span class='ocrx_word' id='word_1_6' title='bbox 1079 390 1148 488; x_wconf 79' lang='lat'><strong>387</strong></span> 
     </span>
    </p>
   </div>
   <div class='ocr_carea' id='block_1_2' title="bbox 81 500 1218 3831">
    <p class='ocr_par' dir='ltr' id='par_1_2' title="bbox 100 500 1149 1295">
     <span class='ocr_line' id='line_1_2' title="bbox 106 500 1148 595; baseline 0.013 -32"><span class='ocrx_word' id='word_1_7' title='bbox 106 502 248 579; x_wconf 75' lang='lat' dir='ltr'><strong>stiterunt,</strong></span> <span class='ocrx_word' id='word_1_8' title='bbox 264 504 402 568; x_wconf 88' lang='lat' dir='ltr'><strong>cretensi</strong></span> <span class='ocrx_word' id='word_1_9' title='bbox 418 502 504 567; x_wconf 88' lang='lat' dir='ltr'><strong>bello</strong></span> <span class='ocrx_word' id='word_1_10' title='bbox 520 500 619 567; x_wconf 88' lang='lat' dir='ltr'><strong>linem</strong></span> <span class='ocrx_word' id='word_1_11' title='bbox 635 504 810 593; x_wconf 75' lang='lat' dir='ltr'><strong>imposuit,</strong></span> <span class='ocrx_word' id='word_1_12' title='bbox 830 505 1011 595; x_wconf 79' lang='lat' dir='ltr'>iisdemque</span> <span class='ocrx_word' id='word_1_13' title='bbox 1031 513 1148 577; x_wconf 89' lang='lat' dir='ltr'><strong>condi-</strong></span> 
     </span>
     <span class='ocr_line' id='line_1_3' title="bbox 106 603 1149 693; baseline 0.014 -29"><span class='ocrx_word' id='word_1_14' title='bbox 106 603 231 667; x_wconf 81' lang='lat' dir='ltr'><strong>tionibus</strong></span> <span class='ocrx_word' id='word_1_15' title='bbox 244 621 373 693; x_wconf 86' lang='lat' dir='ltr'><strong>reoepto</strong></span> <span class='ocrx_word' id='word_1_16' title='bbox 386 604 420 669; x_wconf 92' lang='lat' dir='ltr'><strong>in</strong></span> <span class='ocrx_word' id='word_1_17' title='bbox 433 603 531 669; x_wconf 87' lang='lat' dir='ltr'><strong>fidem</strong></span> <span class='ocrx_word' id='word_1_18' title='bbox 538 606 716 687; x_wconf 85' lang='lat' dir='ltr'><strong>Lasthene,</strong></span> <span class='ocrx_word' id='word_1_19' title='bbox 729 606 851 693; x_wconf 90' lang='lat' dir='ltr'><strong>quibus</strong></span> <span class='ocrx_word' id='word_1_20' title='bbox 864 625 896 672; x_wconf 92' lang='lat' dir='ltr'><strong>et</strong></span> <span class='ocrx_word' id='word_1_21' title='bbox 903 609 1041 675; x_wconf 86' lang='lat' dir='ltr'><strong>Panares</strong></span> <span class='ocrx_word' id='word_1_22' title='bbox 1054 631 1149 678; x_wconf 88' lang='lat' dir='ltr'><strong>antea</strong></span> 
     </span>
     <span class='ocr_line' id='line_1_4' title="bbox 104 702 1148 791; baseline 0.015 -26"><span class='ocrx_word' id='word_1_23' title='bbox 104 724 133 764; x_wconf 85' lang='lat' dir='ltr'><strong>se</strong></span> <span class='ocrx_word' id='word_1_24' title='bbox 144 702 308 769; x_wconf 79' lang='lat' dir='ltr'>dediderat.</span> <span class='ocrx_word' id='word_1_25' title='bbox 319 707 381 769; x_wconf 87' lang='lat' dir='ltr'><strong>llic</strong></span> <span class='ocrx_word' id='word_1_26' title='bbox 392 704 463 769; x_wconf 90' lang='lat' dir='ltr'><strong>linis</strong></span> <span class='ocrx_word' id='word_1_27' title='bbox 477 706 540 769; x_wconf 86' lang='lat' dir='ltr'><strong>luit</strong></span> <span class='ocrx_word' id='word_1_28' title='bbox 553 706 692 771; x_wconf 84' lang='lat' dir='ltr'><strong>libertati</strong></span> <span class='ocrx_word' id='word_1_29' title='bbox 703 708 925 791; x_wconf 80' lang='lat' dir='ltr'><strong>Cretensium,</strong></span> <span class='ocrx_word' id='word_1_30' title='bbox 936 711 978 776; x_wconf 90' lang='lat' dir='ltr'><strong>ad</strong></span> <span class='ocrx_word' id='word_1_31' title='bbox 989 714 1076 779; x_wconf 90' lang='lat' dir='ltr'><strong>istud</strong></span> <span class='ocrx_word' id='word_1_32' title='bbox 1090 718 1148 781; x_wconf 77' lang='lat' dir='ltr'><strong>aevi</strong></span> 
     </span>
     <span class='ocr_line' id='line_1_5' title="bbox 104 800 1148 905; baseline 0.018 -41"><span class='ocrx_word' id='word_1_33' title='bbox 104 802 224 870; x_wconf 75' lang='lat' dir='ltr'><strong>illibate.</strong></span> <span class='ocrx_word' id='word_1_34' title='bbox 232 808 334 871; x_wconf 86' lang='lat' dir='ltr'><strong>Etiam</strong></span> <span class='ocrx_word' id='word_1_35' title='bbox 345 808 491 871; x_wconf 90' lang='lat' dir='ltr'><strong>instituta</strong></span> <span class='ocrx_word' id='word_1_36' title='bbox 501 808 661 888; x_wconf 88' lang='lat' dir='ltr'><strong>majorum</strong></span> <span class='ocrx_word' id='word_1_37' title='bbox 671 824 798 873; x_wconf 88' lang='lat' dir='ltr'><strong>mutare</strong></span> <span class='ocrx_word' id='word_1_38' title='bbox 808 814 927 896; x_wconf 86' lang='lat' dir='ltr'><strong>coacti,</strong></span> <span class='ocrx_word' id='word_1_39' title='bbox 938 800 1037 880; x_wconf 82' lang='lat' dir='ltr'><strong>noras</strong></span> <span class='ocrx_word' id='word_1_40' title='bbox 1045 816 1148 905; x_wconf 78' lang='lat' dir='ltr'><strong>leges,</strong></span> 
     </span>
     <span class='ocr_line' id='line_1_6' title="bbox 103 908 1148 997; baseline 0.012 -27"><span class='ocrx_word' id='word_1_41' title='bbox 103 908 310 989; x_wconf 78' lang='lat' dir='ltr'><strong>prescribente</strong></span> <span class='ocrx_word' id='word_1_42' title='bbox 325 908 475 989; x_wconf 88' lang='lat' dir='ltr'><strong>Metello,</strong></span> <span class='ocrx_word' id='word_1_43' title='bbox 491 928 697 997; x_wconf 87' lang='lat' dir='ltr'><strong>acceperunt.</strong></span> <span class='ocrx_word' id='word_1_44' title='bbox 714 910 883 995; x_wconf 84' lang='lat' dir='ltr'><strong>Metellus,</strong></span> <span class='ocrx_word' id='word_1_45' title='bbox 907 918 1092 981; x_wconf 84' lang='lat' dir='ltr'><strong>constitutis</strong></span> <span class='ocrx_word' id='word_1_46' title='bbox 1112 920 1148 983; x_wconf 91' lang='lat' dir='ltr'><strong>in</strong></span> 
     </span>
     <span class='ocr_line' id='line_1_7' title="bbox 103 1007 1149 1106; baseline 0.015 -39"><span class='ocrx_word' id='word_1_47' title='bbox 103 1007 181 1071; x_wconf 88' lang='lat' dir='ltr'><strong>Creta</strong></span> <span class='ocrx_word' id='word_1_48' title='bbox 202 1010 313 1091; x_wconf 88' lang='lat' dir='ltr'><strong>rebus,</strong></span> <span class='ocrx_word' id='word_1_49' title='bbox 333 1008 449 1075; x_wconf 77' lang='lat' dir='ltr'><strong>Cretici</strong></span> <span class='ocrx_word' id='word_1_50' title='bbox 461 1026 681 1097; x_wconf 82' lang='lat' dir='ltr'><strong>cognomento</strong></span> <span class='ocrx_word' id='word_1_51' title='bbox 697 1028 848 1101; x_wconf 86' lang='lat' dir='ltr'><strong>accepto,</strong></span> <span class='ocrx_word' id='word_1_52' title='bbox 862 1014 981 1096; x_wconf 87' lang='lat' dir='ltr'><strong>justius</strong></span> <span class='ocrx_word' id='word_1_53' title='bbox 998 1017 1051 1081; x_wconf 90' lang='lat' dir='ltr'><strong>ille</strong></span> <span class='ocrx_word' id='word_1_54' title='bbox 1073 1020 1149 1106; x_wconf 83' lang='lat' dir='ltr'><strong>qui·</strong></span> 
     </span>
     <span class='ocr_line' id='line_1_8' title="bbox 102 1106 1148 1202; baseline 0.013 -33"><span class='ocrx_word' id='word_1_55' title='bbox 102 1106 180 1191; x_wconf 86' lang='lat' dir='ltr'><strong>dem,</strong></span> <span class='ocrx_word' id='word_1_56' title='bbox 196 1132 290 1197; x_wconf 90' lang='lat' dir='ltr'><strong>quam</strong></span> <span class='ocrx_word' id='word_1_57' title='bbox 308 1127 382 1175; x_wconf 87' lang='lat' dir='ltr'><strong>ante</strong></span> <span class='ocrx_word' id='word_1_58' title='bbox 399 1111 491 1174; x_wconf 90' lang='lat' dir='ltr'><strong>illum</strong></span> <span class='ocrx_word' id='word_1_59' title='bbox 508 1110 555 1175; x_wconf 88' lang='grc' dir='ltr'><strong>Μ.</strong></span> <span class='ocrx_word' id='word_1_60' title='bbox 565 1112 731 1177; x_wconf 89' lang='lat' dir='ltr'><strong>Antonius</strong></span> <span class='ocrx_word' id='word_1_61' title='bbox 748 1112 783 1176; x_wconf 93' lang='lat' dir='ltr'><strong>id</strong></span> <span class='ocrx_word' id='word_1_62' title='bbox 797 1131 957 1202; x_wconf 73' lang='lat' dir='ltr'><strong>gesserat,</strong></span> <span class='ocrx_word' id='word_1_63' title='bbox 973 1114 1015 1180; x_wconf 88' lang='lat' dir='ltr'><strong>ad</strong></span> <span class='ocrx_word' id='word_1_64' title='bbox 1031 1118 1148 1183; x_wconf 89' lang='lat' dir='ltr'><strong>trium·</strong></span> 
     </span>
     <span class='ocr_line' id='line_1_9' title="bbox 100 1208 937 1295; baseline 0.011 -25"><span class='ocrx_word' id='word_1_65' title='bbox 100 1208 187 1295; x_wconf 89' lang='lat' dir='ltr'><strong>pbum</strong></span> <span class='ocrx_word' id='word_1_66' title='bbox 201 1210 345 1277; x_wconf 82' lang='lat' dir='ltr'><strong>decessit.</strong></span> <span class='ocrx_word' id='word_1_67' title='bbox 931 1221 937 1232; x_wconf 80' lang='grc'><strong>“</strong></span> 
     </span>
    </p>

    <p class='ocr_par' dir='ltr' id='par_1_3' title="bbox 89 1312 1149 2517">
     <span class='ocr_line' id='line_1_10' title="bbox 135 1312 1148 1402; baseline 0.007 -25"><span class='ocrx_word' id='word_1_68' title='bbox 135 1313 186 1377; x_wconf 84' lang='lat' dir='ltr'><strong>lll.</strong></span> <span class='ocrx_word' id='word_1_69' title='bbox 211 1315 335 1379; x_wconf 89' lang='lat' dir='ltr'><strong>Dilatus</strong></span> <span class='ocrx_word' id='word_1_70' title='bbox 361 1330 467 1377; x_wconf 90' lang='lat' dir='ltr'><strong>tamen</strong></span> <span class='ocrx_word' id='word_1_71' title='bbox 494 1312 614 1378; x_wconf 85' lang='lat' dir='ltr'><strong>invidia</strong></span> <span class='ocrx_word' id='word_1_72' title='bbox 637 1314 784 1402; x_wconf 90' lang='lat' dir='ltr'><strong>Pompeii</strong></span> <span class='ocrx_word' id='word_1_73' title='bbox 808 1316 843 1378; x_wconf 92' lang='lat' dir='ltr'><strong>in</strong></span> <span class='ocrx_word' id='word_1_74' title='bbox 867 1318 1000 1381; x_wconf 88' lang='lat' dir='ltr'><strong>tertium</strong></span> <span class='ocrx_word' id='word_1_75' title='bbox 1024 1342 1148 1385; x_wconf 89' lang='lat' dir='ltr'><strong>annum</strong></span> 
     </span>
     <span class='ocr_line' id='line_1_11' title="bbox 99 1412 1149 1504; baseline 0.012 -31"><span class='ocrx_word' id='word_1_76' title='bbox 99 1412 265 1501; x_wconf 86' lang='lat' dir='ltr'><strong>triumphus</strong></span> <span class='ocrx_word' id='word_1_77' title='bbox 282 1431 347 1497; x_wconf 89' lang='lat' dir='ltr'><strong>est,</strong></span> <span class='ocrx_word' id='word_1_78' title='bbox 364 1417 421 1503; x_wconf 91' lang='lat' dir='ltr'><strong>qui</strong></span> <span class='ocrx_word' id='word_1_79' title='bbox 438 1438 497 1504; x_wconf 91' lang='lat' dir='ltr'><strong>per</strong></span> <span class='ocrx_word' id='word_1_80' title='bbox 512 1414 659 1479; x_wconf 86' lang='lat' dir='ltr'><strong>addictos</strong></span> <span class='ocrx_word' id='word_1_81' title='bbox 679 1416 912 1484; x_wconf 81' lang='lat' dir='ltr'><strong>sibitribunos</strong></span> <span class='ocrx_word' id='word_1_82' title='bbox 933 1420 1074 1485; x_wconf 82' lang='lat' dir='ltr'><strong>subinde</strong></span> <span class='ocrx_word' id='word_1_83' title='bbox 1089 1424 1149 1486; x_wconf 87' lang='lat' dir='ltr'><strong>ali·</strong></span> 
     </span>
     <span class='ocr_line' id='line_1_12' title="bbox 100 1514 1148 1611; baseline 0.011 -36"><span class='ocrx_word' id='word_1_84' title='bbox 100 1514 166 1599; x_wconf 91' lang='lat' dir='ltr'><strong>quid</strong></span> <span class='ocrx_word' id='word_1_85' title='bbox 181 1516 402 1605; x_wconf 85' lang='lat' dir='ltr'><strong>impedimenti</strong></span> <span class='ocrx_word' id='word_1_86' title='bbox 422 1516 611 1597; x_wconf 88' lang='lat' dir='ltr'><strong>objiciebat,</strong></span> <span class='ocrx_word' id='word_1_87' title='bbox 632 1538 673 1579; x_wconf 90' lang='lat' dir='ltr'><strong>ne</strong></span> <span class='ocrx_word' id='word_1_88' title='bbox 689 1516 891 1605; x_wconf 82' lang='lat' dir='ltr'><strong>triumphare</strong></span> <span class='ocrx_word' id='word_1_89' title='bbox 905 1519 1056 1585; x_wconf 85' lang='lat' dir='ltr'><strong>Metellus</strong></span> <span class='ocrx_word' id='word_1_90' title='bbox 1072 1546 1148 1611; x_wconf 90' lang='lat' dir='ltr'><strong>pos·</strong></span> 
     </span>
     <span class='ocr_line' id='line_1_13' title="bbox 97 1617 1147 1707; baseline 0.012 -32"><span class='ocrx_word' id='word_1_91' title='bbox 97 1630 147 1678; x_wconf 86' lang='lat' dir='ltr'><strong>set.</strong></span> <span class='ocrx_word' id='word_1_92' title='bbox 160 1618 223 1699; x_wconf 90' lang='lat' dir='ltr'><strong>lta,</strong></span> <span class='ocrx_word' id='word_1_93' title='bbox 241 1617 401 1707; x_wconf 90' lang='lat' dir='ltr'><strong>quidquid</strong></span> <span class='ocrx_word' id='word_1_94' title='bbox 416 1619 555 1681; x_wconf 86' lang='lat' dir='ltr'><strong>aliorum</strong></span> <span class='ocrx_word' id='word_1_95' title='bbox 568 1617 677 1707; x_wconf 70' lang='lat' dir='ltr'><strong>gloriae</strong></span> <span class='ocrx_word' id='word_1_96' title='bbox 695 1617 896 1695; x_wconf 86' lang='lat' dir='ltr'><strong>accessisset,</strong></span> <span class='ocrx_word' id='word_1_97' title='bbox 915 1618 1147 1689; x_wconf 84' lang='lat' dir='ltr'><strong>detrimentum</strong></span> 
     </span>
     <span class='ocr_line' id='line_1_14' title="bbox 98 1718 1148 1814; baseline 0.012 -38"><span class='ocrx_word' id='word_1_98' title='bbox 98 1736 155 1779; x_wconf 86' lang='lat' dir='ltr'><strong>esse</strong></span> <span class='ocrx_word' id='word_1_99' title='bbox 172 1719 304 1804; x_wconf 88' lang='lat' dir='ltr'><strong>putabat</strong></span> <span class='ocrx_word' id='word_1_100' title='bbox 322 1742 407 1799; x_wconf 82' lang='lat' dir='ltr'><strong>suae,</strong></span> <span class='ocrx_word' id='word_1_101' title='bbox 425 1740 532 1805; x_wconf 88' lang='lat' dir='ltr'><strong>neque</strong></span> <span class='ocrx_word' id='word_1_102' title='bbox 550 1718 648 1807; x_wconf 79' lang='lat' dir='ltr'><strong>gestis</strong></span> <span class='ocrx_word' id='word_1_103' title='bbox 667 1718 767 1783; x_wconf 88' lang='lat' dir='ltr'><strong>rebus</strong></span> <span class='ocrx_word' id='word_1_104' title='bbox 784 1719 948 1801; x_wconf 82' lang='lat' dir='ltr'><strong>maximis,</strong></span> <span class='ocrx_word' id='word_1_105' title='bbox 966 1744 1073 1809; x_wconf 90' lang='lat' dir='ltr'><strong>neque</strong></span> <span class='ocrx_word' id='word_1_106' title='bbox 1092 1747 1148 1814; x_wconf 86' lang='lat' dir='ltr'><strong>ge-</strong></span> 
     </span>
     <span class='ocr_line' id='line_1_15' title="bbox 96 1812 1147 1909; baseline 0.011 -33"><span class='ocrx_word' id='word_1_107' title='bbox 96 1816 192 1882; x_wconf 86' lang='lat' dir='ltr'><strong>rendis</strong></span> <span class='ocrx_word' id='word_1_108' title='bbox 203 1820 331 1907; x_wconf 84' lang='lat' dir='ltr'><strong>poterat</strong></span> <span class='ocrx_word' id='word_1_109' title='bbox 346 1820 510 1899; x_wconf 78' lang='lat' dir='ltr'><strong>exsatiari3</strong></span> <span class='ocrx_word' id='word_1_110' title='bbox 524 1840 627 1906; x_wconf 90' lang='lat' dir='ltr'><strong>quum</strong></span> <span class='ocrx_word' id='word_1_111' title='bbox 643 1820 774 1882; x_wconf 83' lang='lat' dir='ltr'><strong>interim</strong></span> <span class='ocrx_word' id='word_1_112' title='bbox 790 1812 999 1907; x_wconf 78' lang='lat' dir='ltr'><strong>cupiditatem</strong></span> <span class='ocrx_word' id='word_1_113' title='bbox 1012 1824 1147 1909; x_wconf 89' lang='lat' dir='ltr'><strong>quietis,</strong></span> 
     </span>
     <span class='ocr_line' id='line_1_16' title="bbox 95 1919 1147 2009; baseline 0.01 -31"><span class='ocrx_word' id='word_1_114' title='bbox 95 1930 122 1979; x_wconf 89' lang='lat' dir='ltr'><strong>et</strong></span> <span class='ocrx_word' id='word_1_115' title='bbox 142 1921 253 1985; x_wconf 86' lang='lat' dir='ltr'><strong>mirum</strong></span> <span class='ocrx_word' id='word_1_116' title='bbox 279 1921 407 2009; x_wconf 89' lang='lat' dir='ltr'><strong>imperii</strong></span> <span class='ocrx_word' id='word_1_117' title='bbox 429 1920 595 1984; x_wconf 77' lang='lat' dir='ltr'><strong>fastidium</strong></span> <span class='ocrx_word' id='word_1_118' title='bbox 616 1920 792 2009; x_wconf 83' lang='lat' dir='ltr'><strong>praelerret.</strong></span> <span class='ocrx_word' id='word_1_119' title='bbox 816 1919 919 2001; x_wconf 86' lang='lat' dir='ltr'><strong>Nam,</strong></span> <span class='ocrx_word' id='word_1_120' title='bbox 941 1924 1079 2009; x_wconf 86' lang='lat' dir='ltr'><strong>acceptis</strong></span> <span class='ocrx_word' id='word_1_121' title='bbox 1104 1924 1147 1989; x_wconf 88' lang='lat' dir='ltr'><strong>de</strong></span> 
     </span>
     <span class='ocr_line' id='line_1_17' title="bbox 95 2016 1147 2113; baseline 0.008 -32"><span class='ocrx_word' id='word_1_122' title='bbox 95 2016 210 2086; x_wconf 77' lang='lat' dir='ltr'><strong>Manilia</strong></span> <span class='ocrx_word' id='word_1_123' title='bbox 223 2024 295 2113; x_wconf 81' lang='lat' dir='ltr'><strong>lege</strong></span> <span class='ocrx_word' id='word_1_124' title='bbox 310 2022 429 2103; x_wconf 86' lang='lat' dir='ltr'><strong>literis,</strong></span> <span class='ocrx_word' id='word_1_125' title='bbox 449 2022 557 2087; x_wconf 88' lang='lat' dir='ltr'><strong>lemur</strong></span> <span class='ocrx_word' id='word_1_126' title='bbox 571 2021 706 2103; x_wconf 84' lang='lat' dir='ltr'><strong>feriens,</strong></span> <span class='ocrx_word' id='word_1_127' title='bbox 721 2022 844 2098; x_wconf 68' lang='lat' dir='ltr'><strong>uilem,</strong></span> <span class='ocrx_word' id='word_1_128' title='bbox 862 2021 987 2110; x_wconf 91' lang='lat' dir='ltr'><strong>inquit,</strong></span> <span class='ocrx_word' id='word_1_129' title='bbox 1002 2024 1147 2091; x_wconf 79' lang='lat' dir='ltr'><strong>adversa·</strong></span> 
     </span>
     <span class='ocr_line' id='line_1_18' title="bbox 91 2121 1146 2210; baseline 0.006 -27"><span class='ocrx_word' id='word_1_130' title='bbox 91 2122 222 2187; x_wconf 79' lang='lat' dir='ltr'><strong>«riorum</strong></span> <span class='ocrx_word' id='word_1_131' title='bbox 237 2125 389 2205; x_wconf 84' lang='lat' dir='ltr'><strong>astutias,</strong></span> <span class='ocrx_word' id='word_1_132' title='bbox 406 2122 481 2210; x_wconf 90' lang='lat' dir='ltr'><strong>qui,</strong></span> <span class='ocrx_word' id='word_1_133' title='bbox 500 2138 538 2185; x_wconf 91' lang='lat' dir='ltr'><strong>ut</strong></span> <span class='ocrx_word' id='word_1_134' title='bbox 553 2121 728 2209; x_wconf 85' lang='lat' dir='ltr'><strong>aliquando</strong></span> <span class='ocrx_word' id='word_1_135' title='bbox 741 2144 795 2185; x_wconf 90' lang='lat' dir='ltr'><strong>me</strong></span> <span class='ocrx_word' id='word_1_136' title='bbox 810 2138 973 2206; x_wconf 81' lang='lat' dir='ltr'><strong>evertant,</strong></span> <span class='ocrx_word' id='word_1_137' title='bbox 990 2125 1146 2189; x_wconf 85' lang='lat' dir='ltr'><strong>omnibus</strong></span> 
     </span>
     <span class='ocr_line' id='line_1_19' title="bbox 91 2222 1144 2313; baseline 0.006 -28"><span class='ocrx_word' id='word_1_138' title='bbox 91 2243 268 2311; x_wconf 81' lang='lat' dir='ltr'><strong>«exponunt</strong></span> <span class='ocrx_word' id='word_1_139' title='bbox 277 2224 456 2304; x_wconf 87' lang='lat' dir='ltr'><strong>laboribus,</strong></span> <span class='ocrx_word' id='word_1_140' title='bbox 464 2222 619 2288; x_wconf 90' lang='lat' dir='ltr'><strong>omnibus</strong></span> <span class='ocrx_word' id='word_1_141' title='bbox 628 2224 780 2311; x_wconf 82' lang='lat' dir='ltr'><strong>periculis</strong></span> <span class='ocrx_word' id='word_1_142' title='bbox 790 2223 963 2303; x_wconf 88' lang='lat' dir='ltr'><strong>objiciunt!</strong></span> <span class='ocrx_word' id='word_1_143' title='bbox 974 2226 1144 2313; x_wconf 86' lang='lat' dir='ltr'><strong>ecquando</strong></span> 
     </span>
     <span class='ocr_line' id='line_1_20' title="bbox 90 2323 1143 2416; baseline 0.004 -31"><span class='ocrx_word' id='word_1_144' title='bbox 90 2324 177 2405; x_wconf 76' lang='lat' dir='ltr'><strong>«erit,</strong></span> <span class='ocrx_word' id='word_1_145' title='bbox 191 2342 229 2391; x_wconf 88' lang='lat' dir='ltr'><strong>ut</strong></span> <span class='ocrx_word' id='word_1_146' title='bbox 244 2326 390 2416; x_wconf 83' lang='lat' dir='ltr'><strong>privatus</strong></span> <span class='ocrx_word' id='word_1_147' title='bbox 411 2325 602 2412; x_wconf 88' lang='lat' dir='ltr'><strong>otiosusque</strong></span> <span class='ocrx_word' id='word_1_148' title='bbox 617 2324 739 2412; x_wconf 90' lang='lat' dir='ltr'><strong>possim</strong></span> <span class='ocrx_word' id='word_1_149' title='bbox 755 2325 788 2387; x_wconf 93' lang='lat' dir='ltr'><strong>in</strong></span> <span class='ocrx_word' id='word_1_150' title='bbox 811 2323 1072 2389; x_wconf 87' lang='lat' dir='ltr'><strong>dulcissimorum</strong></span> <span class='ocrx_word' id='word_1_151' title='bbox 1091 2328 1143 2415; x_wconf 92' lang='lat' dir='ltr'><strong>pi·</strong></span> 
     </span>
     <span class='ocr_line' id='line_1_21' title="bbox 89 2426 931 2517; baseline 0 -27"><span class='ocrx_word' id='word_1_152' title='bbox 89 2446 235 2513; x_wconf 80' lang='lat' dir='ltr'><strong>·guorum</strong></span> <span class='ocrx_word' id='word_1_153' title='bbox 251 2444 432 2517; x_wconf 87' lang='lat' dir='ltr'><strong>conspectu</strong></span> <span class='ocrx_word' id='word_1_154' title='bbox 448 2442 546 2515; x_wconf 88' lang='lat' dir='ltr'><strong>atque</strong></span> <span class='ocrx_word' id='word_1_155' title='bbox 564 2426 722 2491; x_wconf 87' lang='lat' dir='ltr'><strong>comitatu</strong></span> <span class='ocrx_word' id='word_1_156' title='bbox 735 2426 883 2490; x_wconf 85' lang='lat' dir='ltr'><strong>rusticari</strong></span> <span class='ocrx_word' id='word_1_157' title='bbox 893 2426 931 2490; x_wconf 75' lang='lat' dir='ltr'><strong>P»</strong></span> 
     </span>
    </p>

    <p class='ocr_par' dir='ltr' id='par_1_4' title="bbox 81 2525 1218 3708">
     <span class='ocr_line' id='line_1_22' title="bbox 124 2525 1143 2616; baseline 0.008 -28"><span class='ocrx_word' id='word_1_158' title='bbox 124 2527 191 2592; x_wconf 85' lang='lat' dir='ltr'><strong>XII.</strong></span> <span class='ocrx_word' id='word_1_159' title='bbox 207 2532 283 2594; x_wconf 82' lang='lat' dir='ltr'><strong>liaeo</strong></span> <span class='ocrx_word' id='word_1_160' title='bbox 298 2529 381 2594; x_wconf 87' lang='lat' dir='ltr'><strong>adeo</strong></span> <span class='ocrx_word' id='word_1_161' title='bbox 394 2529 504 2616; x_wconf 91' lang='lat' dir='ltr'><strong>inepte</strong></span> <span class='ocrx_word' id='word_1_162' title='bbox 518 2525 741 2616; x_wconf 84' lang='lat' dir='ltr'><strong>fingebantur,</strong></span> <span class='ocrx_word' id='word_1_163' title='bbox 758 2543 797 2590; x_wconf 90' lang='lat' dir='ltr'><strong>ut</strong></span> <span class='ocrx_word' id='word_1_164' title='bbox 810 2527 1064 2595; x_wconf 66' lang='lat' dir='ltr'><strong>familiarissimis</strong></span> <span class='ocrx_word' id='word_1_165' title='bbox 1078 2547 1143 2596; x_wconf 87' lang='lat' dir='ltr'><strong>sto·</strong></span> 
     </span>
     <span class='ocr_line' id='line_1_23' title="bbox 89 2626 1139 2715; baseline 0.01 -29"><span class='ocrx_word' id='word_1_166' title='bbox 89 2628 224 2694; x_wconf 82' lang='lat' dir='ltr'><strong>maehum</strong></span> <span class='ocrx_word' id='word_1_167' title='bbox 242 2633 407 2708; x_wconf 75' lang='lat' dir='ltr'><strong>lucerent:</strong></span> <span class='ocrx_word' id='word_1_168' title='bbox 423 2649 530 2715; x_wconf 91' lang='lat' dir='ltr'><strong>neque</strong></span> <span class='ocrx_word' id='word_1_169' title='bbox 551 2626 608 2690; x_wconf 92' lang='lat' dir='ltr'><strong>diu</strong></span> <span class='ocrx_word' id='word_1_170' title='bbox 629 2627 692 2690; x_wconf 86' lang='lat' dir='ltr'><strong>luit</strong></span> <span class='ocrx_word' id='word_1_171' title='bbox 707 2628 979 2714; x_wconf 79' lang='lat' dir='ltr'><strong>exspectandum,</strong></span> <span class='ocrx_word' id='word_1_172' title='bbox 997 2648 1034 2695; x_wconf 87' lang='lat' dir='ltr'><strong>ut</strong></span> <span class='ocrx_word' id='word_1_173' title='bbox 1047 2632 1139 2697; x_wconf 86' lang='lat' dir='ltr'><strong>factis</strong></span> 
     </span>
     <span class='ocr_line' id='line_1_24' title="bbox 87 2723 1140 2818; baseline 0.004 -27"><span class='ocrx_word' id='word_1_174' title='bbox 87 2723 153 2812; x_wconf 74' lang='lat' dir='ltr'><strong>ipe&#39;s</strong></span> <span class='ocrx_word' id='word_1_175' title='bbox 164 2731 368 2818; x_wconf 88' lang='lat' dir='ltr'><strong>proderetur.</strong></span> <span class='ocrx_word' id='word_1_176' title='bbox 386 2731 469 2794; x_wconf 85' lang='lat' dir='ltr'><strong>Nam</strong></span> <span class='ocrx_word' id='word_1_177' title='bbox 486 2744 602 2816; x_wconf 81' lang='lat' dir='ltr'><strong>proeter</strong></span> <span class='ocrx_word' id='word_1_178' title='bbox 617 2727 746 2809; x_wconf 82' lang='lat' dir='ltr'><strong>insitam</strong></span> <span class='ocrx_word' id='word_1_179' title='bbox 764 2728 994 2812; x_wconf 86' lang='lat' dir='ltr'><strong>ambitionem,</strong></span> <span class='ocrx_word' id='word_1_180' title='bbox 1006 2733 1140 2795; x_wconf 78' lang='lat' dir='ltr'><strong>remulu-</strong></span> 
     </span>
     <span class='ocr_line' id='line_1_25' title="bbox 86 2827 1137 2921; baseline 0.007 -32"><span class='ocrx_word' id='word_1_181' title='bbox 86 2827 124 2890; x_wconf 90' lang='lat' dir='ltr'><strong>tio</strong></span> <span class='ocrx_word' id='word_1_182' title='bbox 143 2833 283 2912; x_wconf 88' lang='lat' dir='ltr'><strong>Luculli,</strong></span> <span class='ocrx_word' id='word_1_183' title='bbox 307 2849 346 2896; x_wconf 94' lang='lat' dir='ltr'><strong>ut</strong></span> <span class='ocrx_word' id='word_1_184' title='bbox 366 2831 584 2921; x_wconf 79' lang='lat' dir='ltr'><strong>gratissimum</strong></span> <span class='ocrx_word' id='word_1_185' title='bbox 608 2831 638 2894; x_wconf 91' lang='lat' dir='ltr'><strong>ei</strong></span> <span class='ocrx_word' id='word_1_186' title='bbox 659 2829 827 2917; x_wconf 81' lang='lat' dir='ltr'><strong>negotium</strong></span> <span class='ocrx_word' id='word_1_187' title='bbox 851 2847 952 2911; x_wconf 85' lang='lat' dir='ltr'><strong>esset,</strong></span> <span class='ocrx_word' id='word_1_188' title='bbox 975 2829 1137 2897; x_wconf 79' lang='lat' dir='ltr'><strong>effecerat.</strong></span> 
     </span>
     <span class='ocr_line' id='line_1_26' title="bbox 86 2925 1138 3024; baseline 0.006 -34"><span class='ocrx_word' id='word_1_189' title='bbox 86 2925 196 2998; x_wconf 88' lang='lat' dir='ltr'><strong>ldcirco</strong></span> <span class='ocrx_word' id='word_1_190' title='bbox 208 2937 342 3024; x_wconf 86' lang='lat' dir='ltr'><strong>penitus</strong></span> <span class='ocrx_word' id='word_1_191' title='bbox 356 2933 479 3013; x_wconf 86' lang='lat' dir='ltr'><strong>abjecta</strong></span> <span class='ocrx_word' id='word_1_192' title='bbox 493 2931 696 3014; x_wconf 85' lang='lat' dir='ltr'><strong>Cretensium</strong></span> <span class='ocrx_word' id='word_1_193' title='bbox 710 2953 820 2994; x_wconf 88' lang='lat' dir='ltr'><strong>rerum</strong></span> <span class='ocrx_word' id='word_1_194' title='bbox 835 2952 930 3010; x_wconf 91' lang='lat' dir='ltr'><strong>cura,</strong></span> <span class='ocrx_word' id='word_1_195' title='bbox 946 2946 1017 2994; x_wconf 87' lang='lat' dir='ltr'><strong>toto</strong></span> <span class='ocrx_word' id='word_1_196' title='bbox 1027 2932 1138 2996; x_wconf 91' lang='lat' dir='ltr'><strong>animo</strong></span> 
     </span>
     <span class='ocr_line' id='line_1_27' title="bbox 84 3029 1137 3120; baseline 0.004 -26"><span class='ocrx_word' id='word_1_197' title='bbox 84 3035 238 3114; x_wconf 89' lang='lat' dir='ltr'><strong>ponticum</strong></span> <span class='ocrx_word' id='word_1_198' title='bbox 257 3035 384 3099; x_wconf 90' lang='lat' dir='ltr'><strong>bellum</strong></span> <span class='ocrx_word' id='word_1_199' title='bbox 401 3033 604 3120; x_wconf 82' lang='lat' dir='ltr'><strong>complexus,</strong></span> <span class='ocrx_word' id='word_1_200' title='bbox 622 3030 793 3119; x_wconf 64' lang='lat' dir='ltr'><strong>praemissis</strong></span> <span class='ocrx_word' id='word_1_201' title='bbox 813 3029 927 3094; x_wconf 83' lang='lat' dir='ltr'><strong>erlictis</strong></span> <span class='ocrx_word' id='word_1_202' title='bbox 947 3031 1103 3096; x_wconf 86' lang='lat' dir='ltr'><strong>avocabat</strong></span> <span class='ocrx_word' id='word_1_203' title='bbox 1117 3058 1137 3098; x_wconf 85' lang='lat' dir='ltr'><strong>a</strong></span> 
     </span>
     <span class='ocr_line' id='line_1_28' title="bbox 83 3129 1137 3224; baseline 0.002 -28"><span class='ocrx_word' id='word_1_204' title='bbox 83 3129 204 3201; x_wconf 84' lang='lat' dir='ltr'><strong>lucullo</strong></span> <span class='ocrx_word' id='word_1_205' title='bbox 217 3138 352 3218; x_wconf 88' lang='lat' dir='ltr'><strong>milites,</strong></span> <span class='ocrx_word' id='word_1_206' title='bbox 364 3155 520 3224; x_wconf 78' lang='lat' dir='ltr'><strong>regesque</strong></span> <span class='ocrx_word' id='word_1_207' title='bbox 531 3149 563 3198; x_wconf 94' lang='lat' dir='ltr'><strong>et</strong></span> <span class='ocrx_word' id='word_1_208' title='bbox 576 3133 738 3220; x_wconf 86' lang='lat' dir='ltr'><strong>principes</strong></span> <span class='ocrx_word' id='word_1_209' title='bbox 750 3132 916 3217; x_wconf 62' lang='lat' dir='ltr'><strong>ciuitatum</strong></span> <span class='ocrx_word' id='word_1_210' title='bbox 929 3133 991 3196; x_wconf 90' lang='lat' dir='ltr'><strong>sibi</strong></span> <span class='ocrx_word' id='word_1_211' title='bbox 999 3133 1137 3211; x_wconf 87' lang='lat' dir='ltr'><strong>jubebat</strong></span> 
     </span>
     <span class='ocr_line' id='line_1_29' title="bbox 83 3233 1134 3324; baseline 0.003 -28"><span class='ocrx_word' id='word_1_212' title='bbox 83 3251 249 3302; x_wconf 78' lang='lat' dir='ltr'><strong>occurrere.</strong></span> <span class='ocrx_word' id='word_1_213' title='bbox 266 3237 348 3302; x_wconf 83' lang='lat' dir='ltr'><strong>Mox</strong></span> <span class='ocrx_word' id='word_1_214' title='bbox 363 3235 563 3324; x_wconf 84' lang='lat' dir='ltr'><strong>provinciam</strong></span> <span class='ocrx_word' id='word_1_215' title='bbox 578 3234 759 3323; x_wconf 85' lang='lat' dir='ltr'><strong>ingressus,</strong></span> <span class='ocrx_word' id='word_1_216' title='bbox 774 3249 846 3298; x_wconf 85' lang='lat' dir='ltr'><strong>acta</strong></span> <span class='ocrx_word' id='word_1_217' title='bbox 864 3233 990 3298; x_wconf 88' lang='lat' dir='ltr'><strong>Luculli</strong></span> <span class='ocrx_word' id='word_1_218' title='bbox 1010 3236 1134 3299; x_wconf 86' lang='lat' dir='ltr'><strong>rescin-</strong></span> 
     </span>
     <span class='ocr_line' id='line_1_30' title="bbox 82 3327 1218 3428; baseline 0.006 -33"><span class='ocrx_word' id='word_1_219' title='bbox 82 3330 148 3400; x_wconf 87' lang='lat' dir='ltr'><strong>dere</strong></span> <span class='ocrx_word' id='word_1_220' title='bbox 167 3340 281 3428; x_wconf 82' lang='lat' dir='ltr'><strong>coepit3</strong></span> <span class='ocrx_word' id='word_1_221' title='bbox 307 3357 434 3426; x_wconf 84' lang='lat' dir='ltr'><strong>poenas,</strong></span> <span class='ocrx_word' id='word_1_222' title='bbox 457 3337 606 3425; x_wconf 74' lang='lat' dir='ltr'><strong>prumia,</strong></span> <span class='ocrx_word' id='word_1_223' title='bbox 632 3335 672 3398; x_wconf 79' lang='lat' dir='ltr'><strong>ab</strong></span> <span class='ocrx_word' id='word_1_224' title='bbox 695 3335 768 3416; x_wconf 91' lang='lat' dir='ltr'><strong>illo,</strong></span> <span class='ocrx_word' id='word_1_225' title='bbox 794 3335 890 3398; x_wconf 85' lang='lat' dir='ltr'><strong>etiam</strong></span> <span class='ocrx_word' id='word_1_226' title='bbox 911 3334 952 3399; x_wconf 92' lang='lat' dir='ltr'><strong>de</strong></span> <span class='ocrx_word' id='word_1_227' title='bbox 974 3339 1135 3402; x_wconf 90' lang='lat' dir='ltr'><strong>sententia</strong></span> <span class='ocrx_word' id='word_1_228' title='bbox 1215 3327 1218 3334; x_wconf 44' lang='lat'>¹</span> 
     </span>
     <span class='ocr_line' id='line_1_31' title="bbox 82 3433 1136 3532; baseline 0.002 -31"><span class='ocrx_word' id='word_1_229' title='bbox 82 3433 181 3504; x_wconf 86' lang='lat' dir='ltr'><strong>decem</strong></span> <span class='ocrx_word' id='word_1_230' title='bbox 200 3442 385 3532; x_wconf 86' lang='lat' dir='ltr'><strong>legatorum</strong></span> <span class='ocrx_word' id='word_1_231' title='bbox 402 3439 548 3520; x_wconf 88' lang='lat' dir='ltr'><strong>decreta,</strong></span> <span class='ocrx_word' id='word_1_232' title='bbox 562 3438 711 3516; x_wconf 86' lang='lat' dir='ltr'><strong>aulerre;</strong></span> <span class='ocrx_word' id='word_1_233' title='bbox 727 3436 868 3523; x_wconf 89' lang='lat' dir='ltr'><strong>denique</strong></span> <span class='ocrx_word' id='word_1_234' title='bbox 880 3457 1012 3501; x_wconf 88' lang='lat' dir='ltr'><strong>summo</strong></span> <span class='ocrx_word' id='word_1_235' title='bbox 1027 3438 1136 3503; x_wconf 87' lang='lat' dir='ltr'><strong>studio</strong></span> 
     </span>
     <span class='ocr_line' id='line_1_32' title="bbox 81 3531 1136 3630; baseline 0.003 -28"><span class='ocrx_word' id='word_1_236' title='bbox 81 3531 256 3630; x_wconf 71' lang='lat' dir='ltr'><strong>integere,</strong></span> <span class='ocrx_word' id='word_1_237' title='bbox 276 3555 315 3604; x_wconf 90' lang='lat' dir='ltr'><strong>ut</strong></span> <span class='ocrx_word' id='word_1_238' title='bbox 328 3563 392 3628; x_wconf 85' lang='lat' dir='ltr'><strong>prae</strong></span> <span class='ocrx_word' id='word_1_239' title='bbox 406 3563 440 3604; x_wconf 89' lang='lat' dir='ltr'><strong>se</strong></span> <span class='ocrx_word' id='word_1_240' title='bbox 455 3540 575 3604; x_wconf 86' lang='lat' dir='ltr'><strong>nullius</strong></span> <span class='ocrx_word' id='word_1_241' title='bbox 593 3537 751 3602; x_wconf 86' lang='lat' dir='ltr'><strong>momenti</strong></span> <span class='ocrx_word' id='word_1_242' title='bbox 770 3559 840 3601; x_wconf 89' lang='lat' dir='ltr'><strong>esse</strong></span> <span class='ocrx_word' id='word_1_243' title='bbox 853 3538 979 3602; x_wconf 82' lang='lat' dir='ltr'><strong>Luculli</strong></span> <span class='ocrx_word' id='word_1_244' title='bbox 994 3542 1136 3604; x_wconf 85' lang='lat' dir='ltr'><strong>auctori·</strong></span> 
     </span>
     <span class='ocr_line' id='line_1_33' title="bbox 81 3637 736 3708; baseline 0 -5"><span class='ocrx_word' id='word_1_245' title='bbox 81 3649 165 3705; x_wconf 77' lang='lat' dir='ltr'><strong>tatem</strong></span> <span class='ocrx_word' id='word_1_246' title='bbox 177 3643 429 3708; x_wconf 83' lang='lat' dir='ltr'><strong>admiratoribus</strong></span> <span class='ocrx_word' id='word_1_247' title='bbox 442 3643 528 3706; x_wconf 84' lang='lat' dir='ltr'><strong>illius</strong></span> <span class='ocrx_word' id='word_1_248' title='bbox 540 3637 736 3706; x_wconf 86' lang='lat' dir='ltr'><strong>ostenderet</strong></span> 
     </span>
    </p>

    <p class='ocr_par' dir='ltr' id='par_1_5' title="bbox 116 3739 1139 3831">
     <span class='ocr_line' id='line_1_34' title="bbox 116 3739 1139 3831; baseline 0 -25"><span class='ocrx_word' id='word_1_249' title='bbox 116 3743 203 3809; x_wconf 89' lang='lat' dir='ltr'><strong>lllll.</strong></span> <span class='ocrx_word' id='word_1_250' title='bbox 214 3745 379 3825; x_wconf 85' lang='lat' dir='ltr'><strong>Tandem,</strong></span> <span class='ocrx_word' id='word_1_251' title='bbox 398 3749 500 3831; x_wconf 86' lang='lat' dir='ltr'><strong>qu&#39;um</strong></span> <span class='ocrx_word' id='word_1_252' title='bbox 518 3743 571 3806; x_wconf 89' lang='lat' dir='ltr'><strong>ille</strong></span> <span class='ocrx_word' id='word_1_253' title='bbox 590 3763 647 3829; x_wconf 90' lang='lat' dir='ltr'><strong>per</strong></span> <span class='ocrx_word' id='word_1_254' title='bbox 662 3739 784 3804; x_wconf 86' lang='lat' dir='ltr'><strong>amicos</strong></span> <span class='ocrx_word' id='word_1_255' title='bbox 797 3755 882 3803; x_wconf 78' lang='lat' dir='ltr'><strong>esset</strong></span> <span class='ocrx_word' id='word_1_256' title='bbox 897 3756 1049 3827; x_wconf 86' lang='lat' dir='ltr'><strong>questus,</strong></span> <span class='ocrx_word' id='word_1_257' title='bbox 1064 3766 1139 3808; x_wconf 92' lang='lat' dir='ltr'><strong>oon·</strong></span> 
     </span>
    </p>
   </div>
   <div class='ocr_carea' id='block_1_3' title="bbox 78 3950 1137 4188">
    <p class='ocr_par' dir='ltr' id='par_1_6' title="bbox 78 3950 1137 4188">
     <span class='ocr_line' id='line_1_35' title="bbox 107 3950 1135 4021; baseline -0.001 -19"><span class='ocrx_word' id='word_1_258' title='bbox 107 3950 122 4014; x_wconf 71' lang='lat' dir='ltr'>S</span> <span class='ocrx_word' id='word_1_259' title='bbox 137 3955 168 4002; x_wconf 76' lang='grc' dir='ltr'><strong>Χ.</strong></span> <span class='ocrx_word' id='word_1_260' title='bbox 184 3957 295 4021; x_wconf 69' lang='lat' dir='ltr'><strong>Appius.</strong></span> <span class='ocrx_word' id='word_1_261' title='bbox 310 3955 377 4020; x_wconf 75' lang='lat' dir='ltr'><strong>apud</strong></span> <span class='ocrx_word' id='word_1_262' title='bbox 390 3955 459 4003; x_wconf 74' lang='lat' dir='ltr'><strong>Fnlr.</strong></span> <span class='ocrx_word' id='word_1_263' title='bbox 471 3955 554 4004; x_wconf 86' lang='lat' dir='ltr'><strong>Ursin.</strong></span> <span class='ocrx_word' id='word_1_264' title='bbox 571 3981 606 3990; x_wconf 93' lang='lat'>-</span> <span class='ocrx_word' id='word_1_265' title='bbox 626 3953 678 4002; x_wconf 86' lang='lat' dir='ltr'><strong>Lit.</strong></span> <span class='ocrx_word' id='word_1_266' title='bbox 693 3953 760 4017; x_wconf 82' lang='lat' dir='ltr'><strong>Epic.</strong></span> <span class='ocrx_word' id='word_1_267' title='bbox 773 3979 808 3988; x_wconf 85' lang='grc'>-</span> <span class='ocrx_word' id='word_1_268' title='bbox 824 3953 954 4006; x_wconf 76' lang='lat' dir='ltr'><strong>Oros-Vl.</strong></span> <span class='ocrx_word' id='word_1_269' title='bbox 971 3960 994 4006; x_wconf 80' lang='lat' dir='ltr'><strong>t.</strong></span> <span class='ocrx_word' id='word_1_270' title='bbox 1008 3967 1042 3990; x_wconf 73' lang='lat'><strong>-&#39;-</strong></span> <span class='ocrx_word' id='word_1_271' title='bbox 1055 3955 1135 4002; x_wconf 77' lang='lat' dir='ltr'><strong>strab.</strong></span> 
     </span>
     <span class='ocr_line' id='line_1_36' title="bbox 78 4031 1137 4104; baseline -0.006 -21"><span class='ocrx_word' id='word_1_272' title='bbox 78 4031 116 4080; x_wconf 71' lang='lat' dir='ltr'><strong>lib·</strong></span> <span class='ocrx_word' id='word_1_273' title='bbox 125 4037 161 4096; x_wconf 77' lang='lat' dir='ltr'><strong>X,</strong></span> <span class='ocrx_word' id='word_1_274' title='bbox 173 4055 197 4104; x_wconf 93' lang='lat' dir='ltr'><strong>p.</strong></span> <span class='ocrx_word' id='word_1_275' title='bbox 210 4043 273 4095; x_wconf 66' lang='grc'><strong>484.</strong></span> <span class='ocrx_word' id='word_1_276' title='bbox 282 4040 388 4088; x_wconf 74' lang='lat' dir='ltr'><strong>-vett</strong></span> <span class='ocrx_word' id='word_1_277' title='bbox 399 4042 437 4096; x_wconf 83' lang='lat'><strong>11,</strong></span> <span class='ocrx_word' id='word_1_278' title='bbox 453 4041 495 4088; x_wconf 78' lang='lat'><strong>38.</strong></span> <span class='ocrx_word' id='word_1_279' title='bbox 506 4065 541 4076; x_wconf 90' lang='lat'><em>-</em></span> <span class='ocrx_word' id='word_1_280' title='bbox 554 4039 612 4086; x_wconf 80' lang='lat' dir='ltr'><strong>uto.</strong></span> <span class='ocrx_word' id='word_1_281' title='bbox 626 4065 661 4076; x_wconf 85' lang='lat'><em>-</em></span> <span class='ocrx_word' id='word_1_282' title='bbox 674 4036 690 4101; x_wconf 73' lang='lat' dir='ltr'>S</span> <span class='ocrx_word' id='word_1_283' title='bbox 703 4038 749 4084; x_wconf 78' lang='lat' dir='ltr'><strong>xl.</strong></span> <span class='ocrx_word' id='word_1_284' title='bbox 762 4034 829 4084; x_wconf 87' lang='lat' dir='ltr'><strong>Plnt.</strong></span> <span class='ocrx_word' id='word_1_285' title='bbox 841 4036 868 4081; x_wconf 90' lang='lat' dir='ltr'><strong>in</strong></span> <span class='ocrx_word' id='word_1_286' title='bbox 879 4036 965 4100; x_wconf 83' lang='lat' dir='ltr'><strong>Pomp.</strong></span> <span class='ocrx_word' id='word_1_287' title='bbox 981 4048 1036 4099; x_wconf 83' lang='lat' dir='ltr'><strong>erp.</strong></span> <span class='ocrx_word' id='word_1_288' title='bbox 1048 4044 1090 4096; x_wconf 72' lang='lat'><strong>49.</strong></span> <span class='ocrx_word' id='word_1_289' title='bbox 1101 4063 1137 4077; x_wconf 82' lang='lat'><strong>..</strong></span> 
     </span>
     <span class='ocr_line' id='line_1_37' title="bbox 78 4113 1015 4188; baseline 0.003 -27"><span class='ocrx_word' id='word_1_290' title='bbox 78 4113 164 4169; x_wconf 80' lang='lat' dir='ltr'><strong>Sallust.</strong></span> <span class='ocrx_word' id='word_1_291' title='bbox 177 4122 250 4172; x_wconf 81' lang='lat' dir='ltr'><strong>Catil.</strong></span> <span class='ocrx_word' id='word_1_292' title='bbox 265 4139 319 4188; x_wconf 84' lang='lat' dir='ltr'><strong>erp.</strong></span> <span class='ocrx_word' id='word_1_293' title='bbox 335 4125 376 4172; x_wconf 71' lang='lat' dir='ltr'><strong>do.</strong></span> <span class='ocrx_word' id='word_1_294' title='bbox 394 4151 430 4160; x_wconf 94' lang='lat'><em>-</em></span> <span class='ocrx_word' id='word_1_295' title='bbox 446 4121 532 4186; x_wconf 73' lang='lat' dir='ltr'><strong>§xit</strong></span> <span class='ocrx_word' id='word_1_296' title='bbox 547 4121 604 4170; x_wconf 78' lang='lat' dir='ltr'><strong>llio.</strong></span> <span class='ocrx_word' id='word_1_297' title='bbox 616 4149 651 4158; x_wconf 91' lang='lat'>-</span> <span class='ocrx_word' id='word_1_298' title='bbox 663 4119 727 4170; x_wconf 84' lang='lat' dir='ltr'><strong>Plut.</strong></span> <span class='ocrx_word' id='word_1_299' title='bbox 739 4119 765 4166; x_wconf 91' lang='lat' dir='ltr'><strong>in</strong></span> <span class='ocrx_word' id='word_1_300' title='bbox 777 4117 893 4174; x_wconf 83' lang='lat' dir='ltr'><strong>Luordlo,</strong></span> <span class='ocrx_word' id='word_1_301' title='bbox 907 4133 962 4181; x_wconf 76' lang='lat' dir='ltr'><strong>cap.</strong></span> <span class='ocrx_word' id='word_1_302' title='bbox 974 4125 1015 4178; x_wconf 66' lang='lat'><strong>74.</strong></span> 
     </span>
    </p>
   </div>
   <div class='ocr_carea' id='block_1_4' title="bbox 899 4208 961 4278">
    <p class='ocr_par' dir='ltr' id='par_1_7' title="bbox 899 4208 961 4278">
     <span class='ocr_line' id='line_1_38' title="bbox 899 4208 961 4278; baseline 0 0"><span class='ocrx_word' id='word_1_303' title='bbox 899 4208 961 4278; x_wconf 76' lang='lat'><strong>25.</strong></span> 
     </span>
    </p>
   </div>
   <div class='ocr_carea' id='block_1_5' title="bbox 0 0 1442 4900">
    <p class='ocr_par' dir='ltr' id='par_1_8' title="bbox 0 0 1442 4900">
     <span class='ocr_line' id='line_1_39' title="bbox 0 0 1442 4900; baseline 0 8"><span class='ocrx_word' id='word_1_304' title='bbox 0 0 1442 4900; x_wconf 95' lang='lat' dir='ltr'><strong> </strong></span> 
     </span>
    </p>
   </div>
  </div>
 </body>
</html>
