2875 4900
312 422 376 493 132
483 376 919 497 10.rnn1NsnnM11
951 428 1197 499 SUPPLEM.

349 544 505 613 XXXIII.
522 544 607 609 Tum
625 545 678 609 illc
694 544 840 610 Nonium
862 548 953 611 citari
973 547 1117 635 primurn
1140 552 1287 615 omnium
1302 552 1373 632 jus·

182 708 185 725 ,
305 647 365 728 sit,
382 647 417 709 in
435 668 533 739 quem
554 646 694 735 plurima
709 646 865 713 beneficia
881 650 1083 728 contulerat,
1101 652 1252 717 omnium
1264 657 1372 719 consi·

305 748 423 813 liorum
448 748 696 837 facinorumque
720 750 933 838 participem:
950 750 1008 815 sed
1031 752 1092 816 iste
1111 776 1244 841 quoque
1261 755 1373 836 jurare

303 849 486 930 abnuebat3
497 864 530 913 et
540 870 644 937 quum
656 848 799 913 Fimbria
813 850 927 915 stricto
942 850 1048 940 gladio
1064 874 1179 916 necem
1194 854 1372 919 intentaret

303 950 450 1031 homini,
471 950 604 1015 fremitu
625 950 792 1015 concionis
816 968 865 1017 est
886 949 1070 1016 deterritus.
1096 954 1201 1041 Igitur
1220 954 1254 1017 in
1273 956 1372 1022 nnus

302 1074 413 1115 rerum
433 1052 606 1141 angustiis,
626 1074 730 1139 quum
752 1052 911 1117 incolumi
931 1053 1019 1117 Sulla
1035 1075 1069 1118 se
1089 1054 1286 1119 ineolumem
1300 1080 1372 1123 esse

301 1151 570 1217 animadverteret
598 1175 665 1218 non
690 1175 811 1241 posse,
836 1175 1005 1218 servorum
1034 1154 1197 1243 aliquem,
1226 1158 1371 1221 nummis

301 1251 405 1335 datis,
419 1254 644 1342 promissaque
663 1253 828 1336 libertate,
849 1252 997 1336 induxit,
1012 1270 1052 1319 ut
1070 1252 1112 1318 ad
1129 1253 1251 1319 Sullam
1267 1256 1371 1321 inter-

300 1352 474 1419 ficiendum
488 1354 594 1443 specie
606 1354 750 1444 perfugas
765 1352 1032 1442 proficisceretur.
1043 1352 1107 1418 Sed
1122 1352 1247 1419 insidiae
1262 1378 1370 1443 quum

301 1455 474 1521 minimum
489 1478 509 1520 a
522 1454 702 1543 patratione
713 1454 914 1537 abfuissent,
927 1453 1142 1544 trepidatione
1155 1455 1298 1542 primum
1315 1455 1371 1519 in·

301 1556 480 1640 sidiatoris,
503 1554 622 1621 deinde
647 1555 789 1646 correpti
817 1556 862 1621 ob
886 1556 973 1621 banc
995 1555 1371 1644 tormentis,patefactae

299 1673 386 1723 sunt.

342 1758 494 1823 XXXIV.
517 1757 603 1821 Tum
621 1778 700 1821 reru
721 1777 876 1821 accensus
898 1756 945 1820 ira
963 1756 1108 1821 sullanus
1126 1757 1284 1823 exercitus
1298 1759 1368 1823 cir-

296 1859 464 1923 cumstetit
490 1858 641 1923 Fimbria
667 1858 807 1939 vallum,
830 1857 1038 1923 Artemonem
1065 1857 1275 1947 appellando,
1296 1882 1370 1947 quo

298 1960 430 2025 nomine
444 1982 550 2049 nuper
561 1960 594 2021 in
611 1958 717 2023 Sicilia
730 1956 886 2048 fugitivus
899 1957 1032 2046 quidam
1045 1980 1225 2045 paucorum
1237 1957 1369 2024 dierum

297 2084 436 2153 regnum
447 2062 643 2126 obtinuerat.
658 2059 786 2125 Idcirco
801 2059 960 2141 Fimbria,
976 2082 1034 2147 spe
1046 2057 1168 2139 abjecta
1178 2060 1369 2143 resistendi,

298 2182 486 2251 progressus
502 2161 536 2224 in
554 2161 695 2242 vallum,
717 2160 919 2247 colloquium
941 2160 1037 2225 Sullae
1061 2160 1158 2249 ooepit
1179 2182 1368 2248 exposcere.

297 2262 360 2327 Sed
382 2261 522 2326 Rutilius
542 2252 657 2342 affuit,
675 2282 796 2325 saevum
820 2260 971 2326 Fimbriae
990 2282 1107 2343 omen,
1129 2261 1187 2349 qui
1202 2261 1284 2325 nibil
1296 2260 1369 2341 jam

297 2385 336 2425 ex
357 2384 396 2426 eo
419 2362 481 2425 laeti
507 2361 746 2452 augurabatur,
772 2359 864 2451 quod
886 2383 929 2425 ne
950 2362 984 2425 in
1011 2362 1211 2451 colloquium
1229 2362 1369 2451 quidem

297 2464 392 2529 Sullae
420 2462 666 2544 admitteretur,
694 2485 763 2528 rem
791 2485 852 2528 nec
874 2463 1025 2529 hostibus
1047 2463 1199 2553 denegari
1223 2463 1367 2532 solitam.

296 2567 398 2630 Orsus
420 2580 528 2628 tamen
554 2564 795 2630 excusationem
817 2580 850 2630 et
868 2566 1048 2652 preces,st‘
1066 2565 1148 2652 quid
1152 2566 1366 2654 peccavisset,

294 2665 331 2730 r'd
348 2664 565 2730 adolesccna'te
584 2687 649 2730 suoe
666 2665 843 2730 condonari
850 2666 955 2753 petiit.
969 2667 1175 2754 Responsum
1187 2681 1254 2747 est,
1274 2669 1369 2750 Asioe

289 2767 508 2856 proconsulem
522 2765 645 2832 Sullam
660 2789 723 2830 esse
733 2791 747 2847 ,·
757 2769 786 2829 si
797 2765 897 2831 vellet
906 2766 1184 2854 alieuaptnvt'nct'a
1197 2765 1366 2850 decedere,

292 2884 395 2934 tutam
410 2870 441 2933 ei
446 2865 674 2956 profectionem
687 2865 734 2930 ad
743 2889 831 2930 mare
843 2861 990 2951 beneficio
1007 2864 1199 2954 Sullaesore.

336 2972 473 3036 XXXV.
488 2969 546 3034 llle
559 2970 647 3032 emm
661 2967 721 3031 sibi
731 2965 1004 3056 meliorempatere
1019 2967 1205 3048 interfatus,
1219 2965 1367 3056 abrupto

293 3069 457 3157 colloquio
480 3069 672 3158 Pergamum
693 3067 771 3148 ivit,
789 3067 1019 3157 ingroesusque
1037 3066 1196 3156 templum
1210 3067 1366 3134 AEscula·

293 3170 358 3258 pii,
384 3169 490 3260 gladio
511 3191 546 3238 se
570 3167 748 3253 mnsfixit5
770 3167 906 3252 deinde,
931 3169 1008 3256 quia
1028 3168 1149 3232 vulntu
1171 3168 1265 3234 letale
1290 3192 1365 3236 non

292 3285 382 3354 erat,
398 3293 416 3334 a
433 3291 526 3335 servo
545 3271 658 3360 petiit,
676 3287 714 3334 ut
732 3292 768 3336 se
783 3270 967 3336 occideret:
985 3291 1097 3335 servus
1115 3287 1149 3335 et
1164 3269 1363 3353 dominum,

293 3385 326 3433 ct
347 3393 445 3459 super
463 3370 590 3435 domini
609 3393 728 3460 corpus
749 3371 958 3460 semetipsum
981 3371 1154 3437 interemit.
1176 3372 1284 3456 Sulla,
1301 3397 1366 3439 oo·

292 3471 383 3559 guito
402 3471 551 3536 Fimbrioe
567 3472 677 3552 exitu,
693 3469 878 3559 petentibus
895 3471 1019 3536 libertis
1039 3471 1175 3536 cadaver
1193 3472 1235 3536 ad
1249 3477 1366 3561 sepul·

292 3588 397 3636 utram
413 3569 573 3651 reddidit3
590 3571 676 3636 nolle
685 3593 721 3636 se
733 3571 871 3636 Cinnam
884 3587 982 3660 atque
994 3572 1136 3637 Marium
1150 3573 1294 3638 aemulari
1307 3575 1365 3640 di·

292 3673 424 3755 cutans,
441 3670 498 3761 qui
513 3672 684 3759 plerosque
699 3673 812 3736 Romae
824 3672 1012 3738 interfectos
1025 3673 1154 3738 humari
1168 3673 1362 3742 renumerat.

289 3775 431 3840 Comiter
448 3771 566 3838 deinde
586 3774 722 3862 receptis
744 3773 921 3840 fimbrianis
946 3775 1071 3864 copiis,
1094 3797 1167 3864 que
1193 3797 1363 3842 consensu

174 3927 180 3944 ,
290 3873 418 3938 adeum
433 3873 628 3955 transibant,
644 3896 772 3962 suoque
784 3876 938 3941 exercitui
948 3877 1089 3957 junctis,
1102 3871 1281 3942 Curionem
1295 3877 1363 3942 mi·

325 4087 341 4152 s
355 4087 476 4136 mlv,
489 4087 554 4137 Vell.
566 4089 605 4150 ll,
615 4095 658 4144 al.
668 4115 704 4127 -
713 4090 821 4155 Appiam
833 4119 866 4128 -
874 4091 947 4140 bunt.
963 4091 995 4141 de
1003 4093 1071 4142 Viris
1083 4090 1232 4152 illustribus,
1244 4109 1299 4159 erp.
1312 4096 1359 4156 69,

290 4197 324 4206 -
341 4170 394 4219 Liv.
410 4170 475 4235 Epic
