2875 4900
533 170 553 217 Q

96 404 1146 440 mlmfflfflmfflmmmmmmmwh

224 604 509 695 solutus
550 556 1014 700 inmusulum

131 854 1105 999 SUPPLEMENTORUM

312 1057 930 1275 LIVIANORUM

483 1418 659 1495 LIBER
695 1419 782 1496 LI·

224 1630 272 1687 ΙΝ
299 1630 453 1687 Locum
478 1630 601 1687 LIBRI
626 1629 800 1689 LXXXVI
827 1633 1011 1693 lelam.

426 1854 816 1889 ψ.

497 2055 738 2156 mooun

316 2218 438 2277 LIBRI
463 2218 748 2278 ocTOGES1M1
772 2222 913 2279 SEXTI.

81 2370 175 2435 Quum
192 2367 224 2423 C.
238 2366 357 2431 Marius,
376 2368 408 2421 C.
428 2366 506 2421 Marii
523 2366 613 2433 filius,
636 2368 728 2423 consul
747 2380 809 2427 ante
825 2371 1014 2443 annosviginti
1028 2376 1141 2445 pervim

118 2463 226 2506 orestus
241 2463 326 2515 esset,
346 2452 377 2505 C.
391 2451 488 2504 Fabius
503 2449 530 2502 in
544 2451 633 2506 Africa
645 2465 752 2524 propter
764 2453 946 2507 crudelitatem
963 2467 989 2508 et
1006 2459 1142 2512 avaritiam

20 2603 21 2608 ¹
118 2537 147 2590 iu
165 2535 287 2607 perenn
302 2553 351 2588 suo
367 2533 443 2588 vivos
461 2545 566 2587 exustus
583 2547 632 2589 est.
651 2538 683 2589 L.
700 2535 836 2608 Philippos
851 2537 952 2609 legatus
968 2540 1045 2594 Sulla
1058 2544 1143 2596 Serdi-

118 2619 205 2680 niam,
220 2619 255 2684 Q.
267 2618 381 2670 Antonio
393 2631 503 2690 pretore
514 2617 592 2689 pulso
603 2629 629 2670 et
640 2619 743 2681 oodsn,
757 2621 903 2691 oocuparit.
924 2621 996 2676 snus
1014 2641 1075 2676 cum
1093 2626 1142 2680 its·

117 2702 177 2756 licis
185 2701 307 2774 populis,
319 2720 354 2755 ue
366 2699 500 2754 timeretur
513 2701 547 2753 ab
560 2700 611 2768 iis,
629 2701 671 2754 vel
685 2713 825 2772 erepturus
841 2702 972 2756 civitatem
985 2716 1011 2756 et
1022 2707 1141 2780 suffragii

114 2787 162 2858 jus
177 2804 264 2856 nuper
280 2785 390 2847 daturo,
404 2782 487 2837 soedus
505 2785 631 2855 percussit
645 2805 651 2837 ι
666 2783 805 2856 idemque,
828 2803 859 2837 ex
877 2784 975 2841 fiducia
989 2789 1045 2858 jum
1062 2801 1140 2842 certas

118 2870 251 2933 victorin,
269 2868 424 2940 litigatores,
440 2885 456 2920 ι
474 2867 570 2938 quibus
590 2865 730 2931 adibatur,
747 2865 897 2920 vadimonis
911 2870 1020 2921 Romam
1034 2867 1141 2923 differre

115 2951 213 3026 sunit,
230 2971 313 3026 quum
328 2971 344 3005 a
358 2963 431 3023 purte
451 2949 556 3005 diversa
575 2951 638 3003 urbs
654 2948 743 3004 adhuc
758 2962 900 3003 teneretur.
919 2953 950 3004 L.
967 2952 1140 3023 Damasippus

119 3047 229 3108 prator,
247 3055 279 3089 ex
294 3034 430 3088 voluntate
443 3033 474 3087 C.
484 3032 561 3087 Muli
579 3033 695 3087 consulis
714 3051 797 3104 quum
813 3043 932 3086 senatum
950 3035 1139 3102 contraxisset,

118 3137 241 3181 omnent,
255 3137 313 3190 qoss
326 3117 354 3170 in
367 3117 440 3170 Urbe
456 3127 529 3180 erut,
548 3115 710 3170 nobilitatem
724 3115 864 3169 trucidarit
876 3133 884 3168 ε
898 3134 930 3170 ex
942 3120 1017 3189 cujus
1028 3136 1139 3175 numero
1248 3111 1254 3122 ⁴

119 3201 155 3266 Q.
165 3200 272 3254 Mucius
282 3199 397 3254 Souroln
409 3198 526 3270 pontifex
538 3198 666 3252 maximos
679 3199 783 3269 fugiens
797 3197 826 3250 io
839 3199 968 3250 vestibulo
979 3198 1042 3255 udis
1053 3202 1139 3260 Vesta

119 3285 224 3338 occisus
238 3295 286 3336 est.
301 3283 428 3336 Pretersa
441 3281 540 3336 bellum
559 3300 576 3335 a
594 3284 626 3334 L.
641 3281 760 3334 Muraena
775 3280 901 3334 adversus
913 3281 1091 3337 Mithridatem
1110 3286 1138 3341 iu

120 3369 183 3420 Asis
195 3379 350 3420 renovatum
363 3365 489 3419 continet.

90 3553 113 3616 l.
132 3518 257 3622 Auro
280 3568 435 3639 sequente
460 3551 495 3614 C.
508 3551 629 3614 Marius
647 3551 683 3613 C.
693 3550 730 3612 F.
739 3550 773 3613 C.
785 3551 825 3613 N.
846 3565 920 3614 ante
937 3566 1060 3616 aetatem
1080 3575 1139 3640 per

89 3651 151 3715 rim
170 3667 295 3716 orestus
314 3650 445 3726 consul,
468 3649 588 3738 collega
609 3651 668 3712 Cn.
682 3648 845 3732 Carbone,
868 3651 1027 3716 honorem
1049 3653 1138 3736 iniit;

90 3773 183 3836 quem
192 3769 230 3816 ut
239 3751 447 3816 immaturum
457 3750 665 3837 periculoque
674 3748 806 3836 plenum
814 3751 906 3814 Marii
917 3768 1018 3816 mater
1025 3755 1139 3818 acerbe

92 3849 207 3916 flevisse
224 3852 352 3917 dicitur.
370 3852 401 3915 Is
414 3850 599 3914 adolescens
618 3851 654 3914 C.
664 3849 759 3913 Marii
771 3853 869 3916 frutm
887 3854 1032 3942 genitus,
1046 3875 1066 3915 a
1080 3876 1139 3941 po·

91 3969 161 4018 trun
175 3953 361 4044 adoptatus,
378 3975 444 4040 quo
460 3952 559 4016 ostatis
579 3973 666 4014 anno
680 3953 884 4017 consulatum
905 3953 1041 4040 ceperit,
1059 3955 1140 4018 scri-

90 4071 193 4139 ptores
206 4055 401 4122 dissentiunt
412 4077 421 4134 ;
438 4053 600 4140 quinque,
612 4067 668 4115 aut
678 4071 751 4132 sex,
763 4069 820 4116 aut
827 4069 949 4140 septem
961 4049 1053 4115 annis
1063 4051 1144 4114 rice·

207 4172 248 4238 X.
908 4189 943 4234 ιι
