2875 4900
331 357 385 428 ut
414 355 527 424 Loc.
553 356 648 424 mn.
675 355 742 424 cx
771 354 987 422 Ltvttttt.
1121 353 1191 448 703

121 494 214 544 «tent
239 476 329 542 haud
356 476 456 540 dubie
478 476 577 540 vitam
604 499 612 539 :
637 475 695 540 sed
720 473 801 564 quid
830 473 925 537 nobis
948 495 1033 562 opus
1059 489 1107 537 est
1126 475 1192 539 vita

120 579 268 670 «agenda
284 578 452 668 precario?
475 577 599 666 quidsi
617 600 694 642 vero
712 576 827 641 fallant
846 574 968 639 fidem?
985 592 1018 640 et
1032 575 1090 663 qui
1108 577 1193 640 mori

120 703 202 768 «per
214 680 367 745 virmtetn
380 679 564 768 potuimus,
579 695 691 768 turpes
703 677 852 765 irrisique
864 677 971 740 alieno
980 677 1114 741 arbitrio
1127 701 1193 742 cer·

121 781 247 844 uticem
271 778 408 846 demus?
424 780 504 866 quid
527 779 554 843 si
576 778 618 844 ad
637 779 766 868 longius
785 801 893 865 neque
913 778 1050 866 simplex
1067 780 1190 868 suppli·

120 881 231 945 «cium
257 882 390 960 servati,
415 879 458 944 ad
478 880 671 966 Pompeium
693 879 912 964 adducamur,
937 894 1002 944 tam
1023 880 1192 944 inimicum

30 1025 33 1033 ι
119 1013 132 1038 ι
143 981 238 1047 nobis
254 1003 400 1070 semper,
419 1003 517 1069 quam
531 982 691 1070 propitius
706 984 812 1046 Caesar
822 981 909 1045 fuit?
923 980 964 1046 ad
980 981 1191 1067 Marcellum,

119 1083 234 1163 «cujus
258 1084 406 1148 animum
422 1083 583 1172 supplicio
600 1081 860 1148 Novocomensis
881 1083 966 1148 illius
988 1083 1112 1171 experti
1134 1107 1192 1150 su·

119 1185 243 1250 amus?
521 1233 524 1241 .

48 1335 55 1350 .
163 1287 231 1353 LV.
243 1319 255 1342 a
269 1289 337 1352 Hos
346 1286 474 1368 videre,
487 1286 538 1350 his
551 1285 751 1374 supplicare,
763 1284 1012 1373 Transpadanus
1023 1286 1194 1375 quisquam

118 1389 288 1478 ·poterit?'
301 1390 373 1454 Hoc
394 1410 436 1452 ne
455 1387 611 1476 conjuges
633 1385 765 1475 quidem
780 1386 939 1474 liberique
953 1388 1058 1452 nostri
1073 1388 1192 1473 velint3

118 1490 186 1554 -ob
207 1512 280 1578 quae
304 1489 439 1554 nomina
457 1487 655 1576 quandoque
671 1487 845 1552 consilium
864 1505 1050 1569 mutarunt,
1070 1490 1127 1577 qui
1149 1489 1192 1555 de

119 1613 178 1654 «se
199 1589 417 1656 decreverant.
443 1591 508 1654 Pro
532 1591 655 1654 Caesare
678 1589 784 1676 perire
800 1611 915 1654 omnes
936 1606 1068 1677 optent,
1093 1594 1190 1679 quarn

118 1723 131 1746 ι
142 1691 191 1756 vel
211 1713 347 1780 regnare
366 1711 442 1754 cum
462 1688 561 1770 hujus
580 1690 731 1756 inimicis.
749 1688 813 1754 Sed
828 1711 937 1776 neque
952 1690 987 1753 in
1001 1713 1043 1755 eo
1058 1715 1109 1757 res
1120 1710 1192 1776 est,

117 1793 221 1880 «quin
241 1791 352 1856 omnia
369 1805 448 1855 sunt
466 1791 501 1854 in
518 1806 675 1880 potestate
694 1790 846 1871 Caesaris,
864 1805 915 1871 et,
932 1790 961 1853 si
977 1790 1066 1856 bunc
1082 1793 1191 1858 offen·

117 1919 131 1944 ι
141 1887 267 1972 dimus,
278 1889 324 1952 illi
338 1889 514 1977 perierunt.
529 1889 581 1954 Sic
597 1889 709 1956 cadem
722 1891 790 1972 ria,
805 1913 878 1979 quae
892 1891 987 1955 nobis
1000 1891 1043 1956 ad
1053 1894 1189 1982 gloriam

117 2006 175 2056 «et
197 1990 378 2055 libertatem
400 2006 506 2078 patet,
525 2014 544 2054 a
566 1991 694 2056 civitate
711 2007 821 2056 nostra
837 1990 956 2058 santam
976 1992 1191 2080 proditionis,

118 2123 132 2148 ι
142 2092 221 2156 iram
236 2092 383 2173 victoris,
396 2107 539 2176 metum,
557 2093 756 2181 periculum,
775 2091 900 2156 cladem
914 2092 1105 2176 avertimus,
1121 2097 1191 2159 Cte-

115 2224 130 2248 ·
139 2216 309 2280 saremque
323 2195 423 2282 magis
438 2193 534 2286 etiam
547 2193 577 2258 ei
592 2194 805 2258 conciliamus
819 2215 828 2255 ε
843 2193 935 2272 cujus
947 2193 1101 2280 equidem
1114 2195 1190 2282 quia

116 2323 130 2348 ι
141 2293 310 2358 notissima
321 2294 417 2359 nobis
430 2310 480 2358 est
491 2294 680 2377 liberalitas,
694 2294 767 2383 quis
779 2294 931 2358 futurum
940 2294 1095 2382 ambigat,
1109 2296 1190 2382 quin

115 2410 173 2459 «et
188 2417 249 2459 nos
265 2393 319 2459 ille
341 2394 472 2478 laudet,
495 2411 528 2460 et
548 2394 592 2460 ob
614 2411 767 2459 nostrum
787 2396 911 2459 factum
927 2393 1085 2459 universae
1100 2397 1191 2485 genti

115 2527 130 2552 ι
140 2496 282 2585 pretium
299 2497 432 2561 tribuat.
441 2528 454 2553 ν
469 2497 538 2561 Nec
552 2497 665 2561 fefellit
678 2518 754 2561 eum
768 2496 897 2561 animus
909 2518 918 2559 z
933 2496 1054 2585 quippe
1069 2496 1190 2579 Ctesar,

115 2597 176 2662 ubi
193 2614 328 2687 propter
348 2599 456 2687 ipsum
477 2599 564 2663 mille
587 2598 715 2663 circiter
740 2597 969 2687 Opiterginos,
992 2612 1031 2661 ut
1046 2595 1144 2661 fidem
1160 2600 1191 2661 ei

115 2714 298 2779 servarent,
315 2699 349 2763 in
364 2698 476 2763 eadem
490 2714 558 2763 rate
575 2700 698 2765 mutuis
712 2698 903 2763 vulneribus
915 2682 1095 2763 concidisse
1106 2699 1190 2765 didi·

115 2799 178 2880 cit;
197 2799 389 2888 priusquam
406 2799 448 2864 ab
466 2800 555 2867 Urbe
568 2798 842 2889 proficisceretur,
860 2822 927 2863 non
944 2799 991 2863 illi
1007 2800 1113 2862 solum
1128 2823 1188 2888 op-

114 2900 213 2989 pidu,
232 2900 290 2967 sed
306 2902 461 2967 omnibus
482 2902 619 2965 omnino
639 2898 878 2988 Transpadanis
898 2899 1061 2964 civitatem
1079 2922 1188 2965 roma·

115 3026 191 3066 nam
211 3001 312 3067 dedit.

158 3104 241 3170 LVI.
259 3106 326 3171 Caii
340 3104 459 3169 deinde
475 3105 626 3169 Curionis
640 3102 808 3170 referenda
823 3102 929 3167 clades
943 3118 1010 3184 est,
1025 3102 1088 3167 sub
1100 3101 1189 3167 idem

114 3220 244 3293 tempus
269 3206 303 3270 in
329 3206 437 3271 Africa
460 3206 567 3271 occisi.
591 3204 654 3271 Sed
678 3205 724 3269 illi
750 3204 883 3293 quidem
909 3203 1066 3291 principia
1091 3204 1188 3269 nimis

115 3307 187 3372 laeta
209 3307 346 3373 fuerunt
364 3330 373 3371 ε
390 3322 518 3395 recepta
538 3308 608 3371 sine
632 3308 808 3371 certamine
830 3304 956 3386 Sicilia,
977 3303 1063 3369 sicut
1077 3305 1188 3385 jussus

114 3424 217 3473 erata
234 3411 376 3491 Caesare,
400 3410 433 3472 in
454 3408 594 3473 Africam
616 3408 782 3487 transjecit
804 3407 959 3496 legiones.
982 3405 1186 3472 Provinciam

114 3532 186 3575 eam
201 3510 349 3575 obtinere
362 3512 398 3575 L.
417 3510 549 3575 Tubero
565 3509 742 3589 debuerat,
761 3530 801 3572 ex
818 3506 1101 3573 senatusconsulto
1116 3528 1189 3571 sor·

113 3612 222 3677 titus:
244 3611 301 3677 sed
323 3612 380 3677 illo
402 3627 597 3692 cunctante,
619 3611 655 3675 P.
680 3610 788 3675 Attius
815 3610 939 3688 Varus,
965 3607 1022 3694 qui
1044 3606 1187 3671 Auximo

113 3712 303 3801 profugiens
326 3713 454 3791 Uticam
477 3727 686 3801 pervenerat,
704 3711 845 3775 clamore
861 3708 1079 3773 multitudinis
1094 3707 1136 3771 ad
1151 3730 1187 3773 se

112 3812 254 3877 delatum
284 3812 460 3901 imperium
489 3812 650 3901 arripuit;
678 3812 953 3897 Tuberonemque
974 3810 1185 3894 nutrientem,

146 4035 162 4099 5
176 4037 240 4085 mv.
254 4036 360 4098 Quintil.
371 4036 416 4086 lib.
427 4038 479 4096 111,
490 4052 545 4103 cap.
558 4038 582 4085 8.
601 4062 636 4073 ·-
654 4034 671 4099 s
690 4035 743 4083 tv.
755 4032 809 4083 tir.
818 4033 885 4097 ttptt.
898 4059 932 4069 -
941 4032 1006 4082 Dio.
1021 4058 1056 4069 -
1069 4033 1134 4082 Flor.
1150 4060 1186 4071 ·-

113 4121 244 4179 Lucamv,
258 4120 323 4180 ⁵12,
337 4120 370 4169 ad
382 4118 427 4169 fin.
