2875 4900
234 403 242 416 ·
276 379 345 475 738
450 383 467 447 J
475 382 517 449 O.
544 383 570 448 F
576 378 889 448 REINSHEMII
920 381 1168 452 SUPPLEM.

274 502 374 590 ceptis
392 500 648 579 Larissensibus,
664 499 706 564 ad
724 522 868 586 quorum
884 499 1002 566 urbem
1021 502 1130 591 Scipio
1147 503 1217 584 jam
1237 527 1345 571 acees-

274 619 366 669 serat.

316 704 416 770 LVll.
428 704 543 768 Paucis
552 703 761 791 postdiebus,
773 725 878 790 quum
886 703 1029 770 adventu
1037 705 1228 796 Pompeiiin
1239 709 1344 774 Thes·

272 807 382 870 saliam
396 805 464 870 duo
478 805 588 894 magni
603 804 750 869 hostium
763 803 923 869 exercitus
941 804 1108 885 conjuncti
1124 825 1249 890 esseut,
1262 808 1344 874 adeo

272 909 373 973 crevit
390 907 565 972 hominum
580 905 732 987 audacia,
748 921 788 970 ut
804 907 881 970 belli
898 923 1027 974 tantum
1039 931 1108 974 uon
1118 911 1344 992 immemores,

271 1009 305 1076 id
325 1009 424 1074 modo
445 1010 640 1100 cogitarent,
666 1030 731 1096 qua
746 1007 872 1073 ratione
890 1009 1069 1074 maximum
1086 1033 1106 1074 e
1122 1013 1261 1078 victoria
1275 1015 1345 1078 fro·

271 1128 361 1176 ctum
370 1134 430 1200 pro
438 1111 618 1198 aequisque
624 1109 840 1198 perciperent.
848 1110 954 1200 Igitur
958 1110 1191 1201 jamincrepari
1197 1115 1344 1204 Pompeii

269 1237 394 1279 moram
407 1211 635 1300 quotidianum
647 1226 727 1294 erat,
739 1213 798 1300 qui
811 1211 1009 1300 exploratam
1024 1213 1192 1279 victoriam
1204 1216 1345 1281 nonalia

270 1339 365 1381 causa
376 1315 537 1395 differret,
550 1335 648 1401 quam
662 1336 730 1400 quo
741 1311 863 1377 diuum
874 1314 994 1379 talibus
999 1313 1075 1378 viris
1084 1315 1271 1403 imperaret.
1280 1318 1344 1380 Re·

272 1439 345 1505 gem
359 1437 475 1504 regum
492 1413 657 1478 Domitius
678 1413 832 1495 vocabat,
849 1430 883 1478 et
894 1418 1195 1504 Agamemnonem,
1211 1417 1344 1504 quodis

269 1539 419 1607 quoque,
443 1515 520 1580 belli
546 1537 661 1596 eausa,
684 1516 755 1602 pari
776 1515 933 1606 dignitate
953 1516 1096 1606 praeditis
1119 1518 1343 1606 imperaverat

269 1619 315 1684 M.
332 1618 511 1700 Favonius,
531 1641 590 1706 per
613 1617 807 1704 Pompeium
829 1633 931 1700 stare,
955 1618 1143 1701 dictitabat,
1164 1621 1345 1707 quominus

269 1744 308 1786 eo
326 1742 413 1784 anno
432 1719 513 1784 ficus
528 1718 729 1784 Tusculanas
746 1734 863 1785 essent.
877 1719 913 1784 L.
930 1719 1100 1803 Afranius,
1118 1741 1220 1807 quem
1236 1721 1346 1786 Attius

268 1821 374 1885 Rufus
392 1820 498 1909 pretio
518 1835 652 1908 accepto
670 1818 853 1907 prodidisse
864 1820 1043 1884 exercitum
1055 1835 1225 1911 arguerat,
1241 1822 1345 1886 demi·

268 1923 331 1988 rari
345 1945 380 1988 se
392 1922 516 2003 aiebat,
534 1919 814 2010 quemadmodum
828 1942 906 1986 cum
918 1921 1075 1986 licitatore
1087 1922 1257 2011 legionum
1271 1939 1345 1986 tau-

269 2041 321 2090 tus
339 2025 517 2114 imperator
534 2045 602 2087 non
626 2021 762 2086 auderet
779 2021 963 2112 eonlligere.
983 2023 1048 2088 Sed
1065 2024 1244 2112 Pompeius
1261 2039 1345 2088 atte-

267 2127 408 2192 rendum
425 2125 553 2192 bostem
570 2147 661 2188 mora
674 2139 706 2188 et
716 2123 935 2203 incommodis
948 2141 1036 2190 recte
1051 2139 1239 2206 censuerat,
1251 2126 1345 2188 omni

268 2244 425 2318 apparatu
437 2227 605 2315 superior,
620 2241 653 2290 et
665 2248 703 2290 ea
713 2225 832 2289 Iuliani
843 2226 954 2290 militis
968 2224 1176 2309 conditione,
1187 2243 1227 2292 ut
1237 2249 1346 2292 usne·

268 2347 339 2394 tum
360 2331 490 2394 vincere
511 2328 600 2393 nulla
622 2328 707 2392 acies
732 2328 925 2411 sustineret3
947 2326 1093 2392 defessus
1116 2341 1211 2392 setate
1236 2327 1342 2418 barigi

269 2430 435 2496 laboribus
451 2444 484 2494 et
497 2429 593 2494 tedio
609 2443 729 2518 posset.
1022 2507 1024 2510 Ι

311 2532 425 2596 LVIII.
446 2532 611 2609 ceterum,
626 2530 829 2619 reliquorum
847 2532 988 2597 amentia
1001 2554 1069 2597 non
1088 2531 1215 2596 sinebat
1231 2530 1342 2597 homi·

268 2656 343 2697 nem
355 2632 503 2699 insistere
512 2631 585 2695 suis·
594 2632 748 2698 consiliis.
765 2634 917 2704 Amentia
931 2632 1019 2697 enim
1033 2648 1120 2697 certe
1132 2632 1209 2715 tuit,
1224 2655 1342 2721 quum,

269 2750 359 2799 tanto
376 2734 472 2798 hoste
490 2733 661 2822 opposito,
674 2734 834 2799 Lentulus
851 2731 1022 2823 Spinther,
1033 2751 1067 2798 et
1082 2734 1210 2823 Scipio,
1230 2750 1266 2799 et
1278 2736 1344 2800 Do·

205 2880 209 2903 .
269 2835 399 2916 mitius,
415 2834 608 2924 gravissimis
622 2834 707 2899 inter
725 2857 760 2899 se
780 2836 1068 2918 contentionibus,
1087 2836 1129 2901 de
1146 2834 1343 2923 pontificatu

268 2936 430 3019 maximo,
448 2933 539 3023 quod
555 2933 774 2999 sacerdotium
792 2937 896 3000 Cesar
913 2936 1062 3026 gerebat,
1080 2938 1244 3027 agitarent
1258 2961 1269 3003 ε
1283 2961 1342 3002 nr·

267 3038 385 3121 hanam
402 3038 538 3127 gratiam
555 3035 721 3118 Domitio,
744 3037 886 3101 Lentulo
900 3052 1027 3102 aetatem
1046 3038 1223 3128 allegante,
1239 3039 1342 3106 Pom·

267 3141 331 3229 peii
351 3137 624 3205 necessitudinem
644 3138 816 3226 Scipione,
836 3162 856 3204 a
875 3162 943 3227 quo
966 3138 1205 3230 perhonorifice
1220 3156 1341 3207 uncta·

268 3244 381 3323 batur,
399 3257 437 3305 ut
453 3241 590 3305 alterum
609 3241 640 3303 ei
658 3241 848 3328 praetorium
869 3238 960 3305 tendi
980 3240 1176 3329 Pompeius,
1198 3257 1234 3306 et
1251 3242 1341 3331 apud

266 3344 359 3409 illum
382 3344 478 3408 etiam
501 3342 669 3407 classicum
692 3342 765 3406 cani
785 3341 926 3422 juberet.
943 3342 1057 3409 Sedet
1077 3363 1194 3432 magua
1214 3341 1281 3407 fuit
1305 3346 1340 3409 in

267 3446 403 3511 consilio
420 3443 653 3521 controversia,
672 3441 828 3507 haberine
848 3443 1009 3508 rationem
1025 3444 1164 3508 comitiis
1179 3446 1340 3532 praetoriis

267 3549 302 3612 L.
322 3548 410 3611 Hirri
424 3560 608 3634 oporteret,
624 3566 724 3631 quem
735 3543 777 3609 ad
787 3543 925 3609 Parthos
937 3545 1079 3634 legatum
1090 3542 1268 3634 Pompeius
1281 3549 1341 3612 mi-

266 3665 369 3715 serat:
379 3670 485 3735 quum
497 3644 593 3710 fidem
604 3646 638 3709 in
649 3644 683 3711 id
694 3645 869 3734 Pompeius
879 3644 1035 3727 dedisset3
1046 3647 1153 3711 ueteri
1164 3666 1339 3737 negarent,

266 3753 299 3816 in
321 3752 390 3841 pari
407 3748 518 3813 labore
540 3764 573 3813 et
593 3747 738 3837 periculo
759 3770 864 3811 unum
888 3748 1157 3836 anteponendum
1181 3750 1338 3815 omnibus

265 3876 344 3919 esse.
361 3850 525 3917 Domitius
542 3849 639 3913 etiam
657 3871 788 3939 gravem
802 3848 843 3914 de
857 3849 918 3932 iis,
936 3850 1044 3937 quiin
1064 3850 1157 3914 ltalia
1172 3873 1338 3917 remanse-

263 3970 354 4035 rant,
370 3950 563 4017 sententiam
578 3949 658 4014 dixit
672 3973 680 4014 ι
688 3948 819 4038 placere
831 3949 906 4030 sibi,
927 3962 964 4015 ut
976 3950 1017 4015 de
1028 3950 1161 4041 singulti
1173 3967 1272 4019 ternoe
1286 3970 1336 4019 m·

299 4130 315 4195 s
328 4130 405 4179 LVll.
418 4128 484 4177 Flor.
497 4154 532 4167 -
546 4126 611 4178 Plut.
622 4130 648 4176 ln
660 4129 747 4193 Pomp.
757 4137 782 4176 et
792 4126 854 4177 Ces.
864 4156 899 4169 -
910 4128 1019 4193 Appiae.
1032 4155 1068 4167 —
1080 4131 1173 4179 Lucan.
1183 4130 1246 4189 Vll,
1258 4130 1299 4180 53.
