2875 4900
299 338 368 411 562
478 341 546 408 JO.
573 338 913 407 FREINSHEMII
943 339 1189 411 SUPPLEbl.

342 460 480 527 XXVII.
502 458 666 523 AErniliam
682 456 803 522 deinde
820 458 925 547 legem
943 460 1058 548 Lepidi
1079 464 1243 544 oonsubs,
1261 466 1356 553 primo

299 565 438 653 pravitas
459 562 625 641 auctoris,
648 576 763 648 postea
786 560 950 633 orlamitas
975 564 1140 629 enervavit
1156 587 1165 629 ε
1182 566 1324 647 Antium,
1341 592 1355 631 a

296 666 453 731 Restione
466 664 640 753 perlatam,
658 683 763 749 quum
781 676 866 725 esset
881 662 1026 751 optima,
1042 663 1132 727 solus
1145 667 1298 749 servarit,
1308 670 1356 755 qui

297 769 433 847 tulerat,
449 767 483 830 in
501 766 625 830 caeteris
640 763 801 827 rationem
822 779 856 827 et
878 779 1004 828 metum
1021 764 1174 830 vinoente
1192 787 1358 833 oonsnem·

294 870 383 935 dine.
402 869 508 959 Igitur
529 882 604 955 post
622 866 693 929 hec
712 865 935 952 experimenta
955 866 1111 930 morbum
1129 870 1277 935 remedio
1290 874 1358 935 mli.

296 971 422 1035 diorem
434 990 506 1033 esse
518 965 699 1055 prudentes
709 964 916 1047 judimbant3
936 982 970 1031 et
983 988 1089 1054 quum
1099 990 1245 1035 severam
1255 972 1358 1061 aliquis

295 1075 330 1138 in
357 1086 473 1138 senatu
492 1069 673 1135 orationem
696 1067 886 1149 habuisset,
907 1069 1124 1157 reprehensus
1146 1071 1189 1135 ab
1215 1074 1278 1137 alio
1303 1090 1358 1144 est,

295 1173 386 1263 quod
392 1172 512 1235 dvo&
528 1169 660 1249 Crasso,
677 1168 812 1233 heman
823 1168 958 1233 benuo
970 1169 1099 1251 stiru'lr's,
1117 1187 1277 1261 tanquam
1293 1175 1359 1240 Coto

294 1276 481 1364 loquentur.
502 1272 612 1337 Etiam
630 1272 803 1352 oonsrrles,
831 1293 874 1336 ne
896 1271 1043 1337 invidere
1067 1273 1138 1337 aliis
1162 1274 1359 1353 dioerentm,

294 1374 386 1464 quod
403 1374 466 1462 ipsi
482 1388 695 1462 usurparant,
710 1372 832 1439 omissa
852 1373 937 1463 lega⁵
961 1372 1057 1462 plane
1074 1372 1212 1439 dirersis
1232 1378 1359 1466 negotiis

294 1474 458 1541 dederunt
474 1496 619 1563 operam.
643 1476 716 1539 Iam
731 1474 784 1539 ille
804 1474 1025 1561 temperantiae
1040 1491 1074 1540 et
1094 1475 1286 1565 frugalitatis
1301 1501 1360 1541 ma·

295 1578 395 1665 gister
410 1578 575 1641 theatrum
587 1598 687 1639 suum
698 1574 898 1657 absolverat,
911 1575 1011 1663 idque
1024 1592 1099 1664 post
1110 1577 1286 1643 bominum
1304 1602 1360 1643 me·

297 1681 434 1743 moriam
457 1677 707 1767 apparatissimis
725 1674 1118 1767 magnificentissimique
1133 1676 1223 1743 ludis
1244 1680 1360 1745 volebat
1400 1754 1401 1767 χ

295 1778 447 1843 declinari.
1400 1776 1401 1845 f

341 1880 495 1945 XXVIII.
514 1879 705 1967 Antiquitus
718 1894 808 1943 stans
824 1880 967 1968 populus
986 1880 1131 1968 spectare
1150 1898 1221 1945 erat
1238 1883 1361 1957 soliuu3
1400 1872 1401 1879 ἵ

295 1982 414 2046 deinde
428 2002 524 2047 socna
537 1980 722 2070 gradusque
733 1979 896 2063 subitarii,
912 1980 1006 2047 linito
1017 1982 1201 2071 spectaculo
1215 1984 1361 2061 tollendi,

295 2085 507 2148 struebantur
533 2107 541 2147 :
567 2083 695 2171 primus
715 2082 892 2171 Pompeius
911 2106 1096 2148 mansuram
1116 2085 1238 2149 theatri
1262 2086 1360 2151 sedeur

295 2186 424 2273 posuit,
441 2184 624 2249 admirabili
636 2206 754 2271 opere,
773 2184 834 2247 nisi
853 2184 944 2271 quod
959 2184 1181 2251 admirabilius
1194 2205 1267 2269 est,
1284 2210 1362 2253 sum·

295 2303 389 2374 ptum
406 2310 424 2350 a
445 2286 614 2351 Demetrio
632 2283 915 2349 subministratum
932 2285 1050 2369 husee,
1066 2287 1184 2351 liberto
1199 2288 1360 2379 Pompeii,

295 2386 353 2452 sed
377 2387 434 2474 qui
458 2387 671 2452 nimio'illius
697 2385 809 2451 lavore
831 2386 937 2452 farm
965 2388 1071 2454 fuerat
1096 2406 1240 2478 patrono
1264 2391 1361 2456 ditior.

295 2489 438 2552 'l’beatro
460 2489 669 2568 dmmjeeta
696 2485 786 2552 haud
813 2488 950 2552 minoris
974 2488 1128 2578 impensu
1153 2491 1218 2556 alia
1241 2493 1362 2558 aedificia

294 2605 407 2670 erant,
428 2589 514 2652 inter
534 2611 609 2676 quae
633 2589 793 2677 templum
811 2588 946 2654 Veneris
960 2591 1110 2656 victricis
1130 2592 1311 2662 eminebat.
1331 2593 1362 2658 ld

291 2689 490 2754 adstruxisse
510 2688 672 2772 creditur,
697 2711 740 2756 ue
759 2689 902 2756 severior
924 2691 1100 2780 aliqnando
1123 2715 1268 2762 censura
1290 2718 1361 2785 opus

293 2813 392 2856 suum
408 2792 552 2873 tolleret,
571 2790 668 2854 sicuti
684 2807 815 2880 patrum
833 2793 990 2858 memoria
1006 2796 1129 2858 facturn
1148 2811 1290 2862 auctore
1307 2799 1362 2862 Νι·

293 2894 360 2958 sies
384 2909 530 2958 noverat.
557 2892 663 2983 Igitur
682 2909 719 2958 et
745 2891 786 2956 ad
812 2892 1051 2960 dedicationem
1075 2895 1183 2960 edicto
1210 2900 1362 2989 populum

293 3013 431 3075 remus,
448 3015 515 3057 non
537 2992 718 3073 theatrum,
741 2992 799 3058 sed
818 2994 955 3060 Veneris
973 2997 1131 3086 templum
1148 3002 1362 3089 nuncuparit,

293 3127 307 3153 ι
317 3097 371 3160 eui
389 3095 602 3176 subiecimus,
615 3095 743 3182 inquit,
758 3095 876 3184 gradus
893 3099 1152 3186 spectaculorum
1163 3130 1187 3164 ».

334 3198 456 3262 XXIX.
482 3199 646 3262 Ceterum
671 3196 706 3261 id
730 3199 891 3286 templum
920 3201 1017 3265 tertio
1038 3201 1173 3266 demum
1199 3206 1274 3286 ejus
1294 3227 1364 3268 oon·

293 3301 401 3364 sulatu
429 3299 611 3386 perlectum
637 3315 737 3386 atque
761 3299 947 3366 dedicatum
972 3319 1021 3366 est
1042 3325 1051 3366 :
1076 3304 1259 3370 maximum
1285 3308 1363 3370 enim

294 3423 379 3488 opus
390 3414 472 3480 erat,
490 3415 524 3465 et
533 3400 575 3464 ad
588 3400 654 3464 hoc
665 3415 753 3483 toto,
767 3423 832 3488 qua
845 3403 992 3490 patebat,
1007 3404 1162 3492 imperio,
1175 3421 1364 3472 ornamenta

293 3499 479 3588 conquisita
499 3523 507 3565 :
526 3502 612 3566 inter
632 3525 705 3591 quoe
725 3519 950 3568 memorantur
968 3503 1090 3596 effigies
1109 3506 1278 3572 variarum
1294 3529 1364 3598 gen·

229 3615 233 3620 ’
294 3602 397 3682 tium,
414 3599 560 3690 itemque
573 3619 739 3667 certorum
751 3605 943 3688 hominum,
960 3607 1017 3695 qui
1031 3608 1170 3672 mirabili
1182 3609 1295 3698 aliqua
1307 3612 1366 3674 l'or·

293 3719 375 3768 tuna
396 3702 438 3767 ad
461 3703 581 3768 famam
605 3723 841 3792 pervenerunt,
867 3707 911 3772 ob
933 3708 968 3775 id
989 3731 1184 3798 magnorum
1204 3711 1364 3778 artificum

325 3923 465 3989 §xxm
477 3922 542 3972 Plut.
560 3921 645 3970 Lueul.
655 3939 678 3972 e.
688 3925 731 3972 83.
744 3951 780 3962 -
793 3926 850 3974 Dite.
868 3954 904 3964 -
919 3928 972 3978 cte.
987 3928 1014 3976 in
1026 3929 1074 3977 Pis.
1088 3947 1111 3978 e.
1124 3947 1168 3991 27,
1183 3941 1208 3978 et
1223 3931 1263 3980 ibi
1276 3935 1366 3980 Aaron.

292 4035 327 4044 -
338 4008 354 4074 s
364 4008 487 4057 mm.
499 4010 560 4058 Tae.
570 4007 638 4056 Anu.
648 4009 719 4065 xlv,
735 4024 776 4058 ao.
790 4037 824 4048 ψ
836 4010 976 4061 Caulodor.
989 4013 1082 4062 variar.
1097 4016 1141 4072 IV,
1155 4016 1199 4062 51.
1215 4041 1252 4052 -
1264 4015 1324 4064 Dio.
1334 4041 1366 4052 υ-

293 4093 377 4139 Smer.
390 4090 421 4140 ds
429 4092 521 4155 Trauq.
529 4091 611 4142 enini
618 4126 627 4150 ,
635 4108 657 4140 c.
668 4093 693 4141 8.
705 4121 740 4130 -
749 4093 813 4142 Plut.
824 4097 912 4162 Pomp.
923 4097 965 4146 86.
977 4123 1011 4136 --
1021 4099 1166 4150 TertulIIan.
1176 4099 1207 4148 de
1216 4099 1332 4164 Spectat.
