2875 4900
251 397 292 444 ιο
413 377 483 446 JO
509 363 854 452 FREINSHEMII
883 377 1127 448 SUPPLEM.

243 496 277 557 in
295 495 387 575 justae
402 518 519 610 pugnas
535 497 668 579 faeiem,
690 512 761 560 turn
779 496 921 609 primum
943 513 1019 584 post
1036 497 1171 561 Romam
1190 498 1304 561 eondi-

244 612 308 658 tam
324 596 409 660 inter
425 597 508 660 cives
522 612 780 662 concurreretur.

286 699 405 762 XXIV.
421 700 460 762 ln
473 700 538 762 hoc
548 700 657 786 praelio
670 723 772 788 quum
785 701 934 765 Sullanos
944 717 1012 764 non
1022 701 1196 789 opposinu
1203 699 1304 763 modo

243 799 364 883 bostis,
381 799 438 864 sed
456 799 596 887 desuper
613 822 632 864 e
648 801 740 865 tectis
757 803 933 882 jactdantes
951 801 1191 888 patresfamilias
1204 821 1303 887 urge·

242 915 331 980 rent,
354 899 468 964 consul
488 900 575 988 ipse,
594 917 744 989 correpto
760 902 873 991 signo,
895 901 930 964 in
949 901 1087 989 primam
1104 901 1205 964 sciens
1224 921 1303 985 pro·

242 1001 361 1081 currit,
383 1001 560 1089 fugamque
583 1002 692 1068 militis
712 1003 869 1090 religione
893 1002 1062 1092 signorum
1082 1016 1116 1064 et
1137 999 1305 1088 presentm

241 1101 332 1166 ducis
349 1101 499 1166 cohibet:
514 1102 611 1166 simul
623 1102 665 1166 ad
680 1103 790 1168 omnia
808 1103 1001 1192 respiciens,
1017 1102 1126 1166 soceri
1139 1121 1179 1165 ex
1195 1101 1303 1164 subsi-

239 1201 300 1265 diis
312 1201 490 1290 legionem,
506 1219 538 1268 et
551 1203 674 1268 interes
686 1203 829 1268 delectos
838 1227 879 1269 ex
890 1203 1120 1292 presentibus,
1132 1202 1304 1266 circmnire

238 1302 425 1366 Suburrana
436 1305 504 1385 ria,
521 1320 554 1369 et
567 1327 586 1367 a
597 1319 689 1392 tergo
701 1305 870 1370 includere
881 1304 991 1369 hostes
1002 1302 1112 1383 iubet:
1128 1303 1214 1390 ipse,
1228 1324 1303 1366 eor·

239 1419 329 1491 repta
345 1404 432 1485 lace,
447 1419 559 1468 contra
574 1405 725 1492 eos,qui
745 1404 898 1469 detectis
916 1425 989 1468 sara
1007 1407 1104 1490 etipse
1111 1403 1242 1516 'teguhs
1256 1401 1305 1480 ja·

239 1503 384 1588 ciebant,
401 1503 497 1568 subdi
517 1501 690 1568 aediliciis'
682 1521 789 1594 ignem
805 1506 961 1593 imperat,
981 1503 1225 1650 sagittariosque
1240 1501 1304 1565 tela

173 1615 175 1622 ’
239 1606 341 1693 ignita
358 1605 542 1671 immittere.

282 1707 384 1770 XXV.
402 1708 449 1771 lta
463 1706 611 1799 detrusus
631 1707 671 1772 ad
690 1707 791 1771 aedem
805 1706 944 1772 Telluris
962 1644 1101 1783 Marius,
1119 1705 1246 1794 plebem
1261 1725 1305 1768 ex

238 1805 391 1870 domibus
402 1807 570 1895 ,itemque
586 1795 714 1872 servitia
732 1807 773 1872 ad
792 1807 915 1895 pileum
935 1823 1038 1872 voest.
1060 1807 1124 1871 Sed
1139 1805 1306 1893 potentior

237 1909 401 1994 promissis
415 1925 523 1974 metus
537 1910 620 1974 luit:
637 1923 702 1972 tres
716 1907 946 1974 tantummodo
959 1923 1104 1996 repertos
1120 1907 1228 1986 siunt,
1244 1905 1305 1992 qui

238 2009 457 2074 conditionem
475 2011 666 2099 acciperent.
690 2009 778 2073 Sulla
798 2031 857 2097 per
878 2010 1006 2074 Sacram
1023 2010 1108 2073 riam
1124 2009 1159 2070 in
1173 2007 1305 2095 Capito·

237 2110 318 2172 lium
340 2133 496 2199 pergens,
519 2133 585 2198 quo
608 2133 642 2174 se
668 2111 791 2174 Marius
813 2112 976 2174 eumenis
999 2125 1179 2199 receperat,
1198 2129 1304 2194 quum

238 2209 353 2274 milites
371 2209 528 2297 quosdam
545 2233 621 2274 suos
637 2209 732 2274 obvia
752 2209 893 2299 diripere
909 2210 1057 2290 vidisset,
1075 2207 1226 2272 eumdem
1243 2207 1306 2270 de-

238 2310 304 2373 licti
329 2312 541 2400 suppliciique
562 2312 672 2376 locum
695 2333 766 2376 esse
780 2312 904 2392 voluit,
919 2333 1029 2374 eoram
1045 2311 1152 2373 statim
1170 2309 1204 2371 in
1223 2329 1304 2371 eon-

237 2426 349 2499 spectu
366 2413 515 2477 omnium
532 2413 674 2501 punitis:
689 2412 732 2476 ab
751 2411 863 2477 eadem
881 2410 1055 2492 modestia,
1069 2408 1200 2490 dejectis
1216 2410 1306 2472 aCa-

185 2534 188 2541 ’
237 2513 349 2600 pitolio
365 2536 440 2577 cum
458 2514 544 2578 coede
558 2514 738 2579 multorum
751 2514 907 2594 inimicis,
929 2510 1092 2577 custodias
1110 2530 1307 2597 per'omnes

236 2614 384 2701 regiones
397 2616 487 2679 urbis
508 2616 635 2701 posuit;
656 2630 790 2701 totaque
808 2631 904 2678 noete
922 2636 998 2677 cum
1012 2613 1134 2699 collega
1150 2610 1303 2698 pervigil,
1353 2633 1356 2636 ·

217 2746 218 2753 ι
235 2713 338 2777 obivit
353 2716 479 2794 omnia,
499 2737 540 2777 ne
561 2714 675 2801 quida
695 2716 870 2777 victoribus
893 2736 951 2802 per
972 2711 1176 2775 insolentiam
1194 2710 1229 2772 in
1245 2732 1304 2774 nr·

236 2812 338 2877 banos
362 2815 627 2879 committeretur.
654 2816 733 2879 Orta
757 2814 892 2878 demum
914 2815 1010 2891 luce,
1030 2826 1146 2875 vocato
1164 2810 1198 2873 in
1221 2832 1303 2875 con·

234 2912 362 2976 cionem
385 2914 527 3000 populo,
547 2929 687 3003 terpora
711 2913 888 3001 respublicas
913 2911 1304 3000 deplorant,·tribunitsb
1374 2912 1383 2923 ‘

235 3028 329 3077 vento
347 3014 394 3076 ad
406 3012 487 3077 taliis
495 3018 676 3103 praecipitus
690 3014 858 3103 conpulsos
870 3038 882 3076 .·
900 3015 961 3077 hac
979 3006 1159 3077 necesstiate
1176 3027 1304 3077 coactos

236 3112 282 3174 ad
297 3114 428 3176 consiliis
444 3120 631 3195 necessariis,
645 3120 748 3203 magis
763 3138 861 3204 quam
876 3114 1037 3204 optanda,
1059 3113 1259 3177 descendisse.

280 3212 401 3276 XXVI.
424 3214 646 3281 devocandum
668 3220 773 3305 sinque
797 3218 954 3305 majorim
976 3236 1092 3278 mrem
1104 3262 1115 3293 ,
1141 3236 1205 3302 quo
1221 3213 1302 3276 obti-

237 3326 326 3375 nentc
335 3312 418 3377 nihil
428 3314 493 3377 tale
507 3316 690 3396 accidisse&
703 3338 802 3406 nsque
816 3317 857 3380 de
869 3340 902 3379 re
914 3314 1053 3403 qualibet
1062 3326 1173 3403 postea
1189 3312 1302 3400 adpo-

98 3478 100 3485 ,
229 3412 345 3501 pulum
345 3412 438 3500 ferri
450 3428 587 3501 oportere
593 3464 604 3496 ,
624 3420 686 3479 nisi
706 3418 746 3479 de
766 3440 806 3480 ea
824 3416 1032 3481 deliberativa
1046 3431 1123 3480 astte
1140 3418 1302 3479 insonans

224 3511 327 3599 foret.
347 3514 526 3579 Centursirta
543 3536 665 3605 quoque
681 3520 808 3581 comma
827 3540 871 3580 er
886 3518 952 3604 lege
963 3517 1064 3581 Servii
1073 3520 1174 3603 regis,
1187 3538 1253 3579 non
1265 3532 1303 3580 ut

230 3628 342 3701 postea
357 3618 573 3697 asseruissent,
593 3617 709 3681 tributa
723 3616 847 3696 haberi,
867 3617 1035 3681 consulmu
1050 3638 1121 3680 esse.
1140 3616 1217 3681 Νοιι
1226 3617 1303 3678 aliis

235 3716 406 3781 moenum
419 3719 529 3782 reduci
541 3720 653 3783 civium
668 3719 868 3782 corcordiam
874 3766 884 3796 ,
905 3732 934 3781 et
939 3716 1078 3805 puhls'cae
1087 3718 1136 3780 rei
1146 3716 1302 3803 trmrquil·

236 3816 356 3881 litatem
364 3842 472 3906 posse,
489 3823 627 3907 quamsi
644 3844 664 3883 a
684 3823 856 3885 tenter-itate
868 3820 1022 3908 populari
1032 3820 1080 3882 ad
1090 3822 1301 3884 maturitatem

270 4027 287 4091 5
306 4028 389 4077 XXV.
406 4028 470 4079 uor.
481 4058 515 4069 -
525 4030 580 4079 vn.
593 4030 661 4081 Mu.
671 4031 749 4087 vlu,
762 4030 790 4077 θ.
803 4054 838 4067 -·
851 4028 973 4078 Plutarch.
986 4028 1012 4075 in
1025 4028 1118 4085 nario,
1132 4043 1187 4090 cap.
1201 4026 1242 4072 58.
1262 4052 1298 4060 -

236 4112 304 4157 Otou
317 4112 348 4169 V,
366 4128 405 4174 ιι).
