<?xml version="1.0" encoding="UTF-8"?>
<!DOCTYPE html PUBLIC "-//W3C//DTD XHTML 1.0 Transitional//EN"
    "http://www.w3.org/TR/xhtml1/DTD/xhtml1-transitional.dtd">
<html xmlns="http://www.w3.org/1999/xhtml" xml:lang="en" lang="en">
 <head>
  <title>
</title>
<meta http-equiv="Content-Type" content="text/html;charset=utf-8" />
  <meta name='ocr-system' content='tesseract 3.04.00' />
  <meta name='ocr-capabilities' content='ocr_page ocr_carea ocr_par ocr_line ocrx_word'/>
</head>
<body>
  <div class='ocr_page' id='page_1' title='image "bibliothecaclas116lemagoog_0431.png"; bbox 0 0 2875 4900; ppageno 0'>
   <div class='ocr_carea' id='block_1_1' title="bbox 291 426 1153 515">
    <p class='ocr_par' dir='ltr' id='par_1_1' title="bbox 291 426 1153 515">
     <span class='ocr_line' id='line_1_1' title="bbox 291 426 1153 515; baseline 0.012 -23"><span class='ocrx_word' id='word_1_1' title='bbox 291 426 346 494; x_wconf 87' lang='lat' dir='ltr'><strong>IN</strong></span> <span class='ocrx_word' id='word_1_2' title='bbox 379 426 490 493; x_wconf 89' lang='lat' dir='ltr'>LOC.</span> <span class='ocrx_word' id='word_1_3' title='bbox 519 427 613 494; x_wconf 88' lang='lat' dir='ltr'>LIB.</span> <span class='ocrx_word' id='word_1_4' title='bbox 641 428 710 495; x_wconf 91' lang='lat' dir='ltr'><strong>Cll</strong></span> <span class='ocrx_word' id='word_1_5' title='bbox 742 428 955 495; x_wconf 85' lang='lat' dir='ltr'>LIVIANI.</span> <span class='ocrx_word' id='word_1_6' title='bbox 1086 434 1153 515; x_wconf 62' lang='lat' dir='ltr'><strong>[rar</strong></span> 
     </span>
    </p>
   </div>
   <div class='ocr_carea' id='block_1_2' title="bbox 85 546 1161 3887">
    <p class='ocr_par' dir='ltr' id='par_1_2' title="bbox 85 546 1158 1222">
     <span class='ocr_line' id='line_1_2' title="bbox 85 546 1158 640; baseline 0.007 -29"><span class='ocrx_word' id='word_1_7' title='bbox 85 546 275 636; x_wconf 84' lang='lat' dir='ltr'><strong>sopotamiae</strong></span> <span class='ocrx_word' id='word_1_8' title='bbox 296 562 406 635; x_wconf 82' lang='lat' dir='ltr'><strong>parte,</strong></span> <span class='ocrx_word' id='word_1_9' title='bbox 429 570 527 635; x_wconf 91' lang='lat' dir='ltr'><strong>quam</strong></span> <span class='ocrx_word' id='word_1_10' title='bbox 548 550 666 637; x_wconf 86' lang='lat' dir='ltr'><strong>raptim</strong></span> <span class='ocrx_word' id='word_1_11' title='bbox 683 551 871 639; x_wconf 83' lang='lat' dir='ltr'><strong>subegerat,</strong></span> <span class='ocrx_word' id='word_1_12' title='bbox 890 551 1087 640; x_wconf 87' lang='lat' dir='ltr'><strong>castelloque</strong></span> <span class='ocrx_word' id='word_1_13' title='bbox 1103 555 1158 619; x_wconf 84' lang='lat' dir='ltr'><strong>Se-</strong></span> 
     </span>
     <span class='ocr_line' id='line_1_3' title="bbox 86 648 1157 745; baseline 0.006 -32"><span class='ocrx_word' id='word_1_14' title='bbox 86 649 208 728; x_wconf 81' lang='lat' dir='ltr'>leucia,</span> <span class='ocrx_word' id='word_1_15' title='bbox 229 648 262 711; x_wconf 93' lang='lat' dir='ltr'><strong>in</strong></span> <span class='ocrx_word' id='word_1_16' title='bbox 286 670 354 736; x_wconf 91' lang='lat' dir='ltr'><strong>quo</strong></span> <span class='ocrx_word' id='word_1_17' title='bbox 375 666 564 713; x_wconf 78' lang='lat' dir='ltr'><strong>asservatam</strong></span> <span class='ocrx_word' id='word_1_18' title='bbox 590 651 791 740; x_wconf 82' lang='lat' dir='ltr'>aliquamdiu</span> <span class='ocrx_word' id='word_1_19' title='bbox 809 653 1012 742; x_wconf 78' lang='lat' dir='ltr'>Cleopatram</span> <span class='ocrx_word' id='word_1_20' title='bbox 1034 677 1157 745; x_wconf 87' lang='lat' dir='ltr'><strong>cogno-</strong></span> 
     </span>
     <span class='ocr_line' id='line_1_4' title="bbox 88 750 1156 843; baseline 0.007 -30"><span class='ocrx_word' id='word_1_21' title='bbox 88 766 201 815; x_wconf 86' lang='lat' dir='ltr'><strong>mento</strong></span> <span class='ocrx_word' id='word_1_22' title='bbox 211 750 359 830; x_wconf 72' lang='lat' dir='ltr'><strong>Solensis,</strong></span> <span class='ocrx_word' id='word_1_23' title='bbox 373 752 472 839; x_wconf 81' lang='lat' dir='ltr'><strong>Syriae</strong></span> <span class='ocrx_word' id='word_1_24' title='bbox 482 754 626 843; x_wconf 76' lang='lat' dir='ltr'><strong>reginam</strong></span> <span class='ocrx_word' id='word_1_25' title='bbox 636 803 644 835; x_wconf 91' lang='lat'><strong>,</strong></span> <span class='ocrx_word' id='word_1_26' title='bbox 656 754 812 843; x_wconf 84' lang='lat' dir='ltr'><strong>Tigranes</strong></span> <span class='ocrx_word' id='word_1_27' title='bbox 827 776 932 842; x_wconf 88' lang='lat' dir='ltr'><strong>nuper</strong></span> <span class='ocrx_word' id='word_1_28' title='bbox 943 755 1156 820; x_wconf 78' lang='lat' dir='ltr'><strong>interfecerat.</strong></span> 
     </span>
     <span class='ocr_line' id='line_1_5' title="bbox 89 850 1158 945; baseline 0.007 -30"><span class='ocrx_word' id='word_1_29' title='bbox 89 853 160 916; x_wconf 88' lang='lat' dir='ltr'><strong>lIoc</strong></span> <span class='ocrx_word' id='word_1_30' title='bbox 179 850 280 915; x_wconf 92' lang='lat' dir='ltr'><strong>modo</strong></span> <span class='ocrx_word' id='word_1_31' title='bbox 293 852 506 917; x_wconf 87' lang='lat' dir='ltr'><strong>constituenti</strong></span> <span class='ocrx_word' id='word_1_32' title='bbox 521 854 645 943; x_wconf 84' lang='lat' dir='ltr'><strong>Syriam</strong></span> <span class='ocrx_word' id='word_1_33' title='bbox 658 854 817 943; x_wconf 91' lang='lat' dir='ltr'><strong>Pompeio</strong></span> <span class='ocrx_word' id='word_1_34' title='bbox 832 856 929 945; x_wconf 85' lang='lat' dir='ltr'><strong>legati</strong></span> <span class='ocrx_word' id='word_1_35' title='bbox 941 856 1089 921; x_wconf 87' lang='lat' dir='ltr'><strong>Phraatis</strong></span> <span class='ocrx_word' id='word_1_36' title='bbox 1103 858 1158 922; x_wconf 86' lang='lat' dir='ltr'><strong>Ti·</strong></span> 
     </span>
     <span class='ocr_line' id='line_1_6' title="bbox 87 954 1157 1043; baseline 0.006 -27"><span class='ocrx_word' id='word_1_37' title='bbox 87 954 263 1042; x_wconf 84' lang='lat' dir='ltr'><strong>granisque</strong></span> <span class='ocrx_word' id='word_1_38' title='bbox 286 976 398 1043; x_wconf 89' lang='lat' dir='ltr'><strong>regum</strong></span> <span class='ocrx_word' id='word_1_39' title='bbox 416 954 593 1022; x_wconf 80' lang='lat' dir='ltr'><strong>affuerunt.</strong></span> <span class='ocrx_word' id='word_1_40' title='bbox 610 956 833 1022; x_wconf 86' lang='lat' dir='ltr'><strong>Recruduerat</strong></span> <span class='ocrx_word' id='word_1_41' title='bbox 847 958 1000 1021; x_wconf 88' lang='lat' dir='ltr'><strong>intereos</strong></span> <span class='ocrx_word' id='word_1_42' title='bbox 1013 958 1157 1039; x_wconf 77' lang='lat' dir='ltr'><strong>bellum3</strong></span> 
     </span>
     <span class='ocr_line' id='line_1_7' title="bbox 87 1056 1158 1148; baseline 0.006 -30"><span class='ocrx_word' id='word_1_43' title='bbox 87 1056 259 1143; x_wconf 87' lang='lat' dir='ltr'><strong>victusque</strong></span> <span class='ocrx_word' id='word_1_44' title='bbox 274 1057 382 1144; x_wconf 82' lang='lat' dir='ltr'><strong>primo</strong></span> <span class='ocrx_word' id='word_1_45' title='bbox 399 1058 510 1145; x_wconf 71' lang='lat' dir='ltr'><strong>praelio</strong></span> <span class='ocrx_word' id='word_1_46' title='bbox 527 1058 685 1141; x_wconf 88' lang='lat' dir='ltr'><strong>Parthus,</strong></span> <span class='ocrx_word' id='word_1_47' title='bbox 703 1058 853 1148; x_wconf 89' lang='lat' dir='ltr'><strong>sequenti</strong></span> <span class='ocrx_word' id='word_1_48' title='bbox 869 1061 1040 1124; x_wconf 86' lang='lat' dir='ltr'><strong>Armenios</strong></span> <span class='ocrx_word' id='word_1_49' title='bbox 1055 1083 1158 1148; x_wconf 88' lang='lat' dir='ltr'><strong>pepu-</strong></span> 
     </span>
     <span class='ocr_line' id='line_1_8' title="bbox 88 1157 178 1222; baseline 0.022 -2"><span class='ocrx_word' id='word_1_50' title='bbox 88 1157 178 1222; x_wconf 89' lang='lat' dir='ltr'><strong>lerat.</strong></span> 
     </span>
    </p>

    <p class='ocr_par' dir='ltr' id='par_1_3' title="bbox 87 1260 1161 2441">
     <span class='ocr_line' id='line_1_9' title="bbox 131 1260 1157 1351; baseline 0.005 -29"><span class='ocrx_word' id='word_1_51' title='bbox 131 1260 256 1324; x_wconf 87' lang='lat' dir='ltr'>XXXI.</span> <span class='ocrx_word' id='word_1_52' title='bbox 272 1261 376 1350; x_wconf 87' lang='lat' dir='ltr'><strong>Igitur</strong></span> <span class='ocrx_word' id='word_1_53' title='bbox 384 1262 538 1351; x_wconf 85' lang='lat' dir='ltr'><strong>Tigranes</strong></span> <span class='ocrx_word' id='word_1_54' title='bbox 552 1262 745 1351; x_wconf 88' lang='lat' dir='ltr'><strong>Pompeium</strong></span> <span class='ocrx_word' id='word_1_55' title='bbox 762 1264 852 1351; x_wconf 83' lang='lat' dir='ltr'><strong>Syria</strong></span> <span class='ocrx_word' id='word_1_56' title='bbox 865 1264 1067 1327; x_wconf 85' lang='lat' dir='ltr'><strong>arcessebat:</strong></span> <span class='ocrx_word' id='word_1_57' title='bbox 1084 1264 1157 1328; x_wconf 89' lang='lat' dir='ltr'><strong>Par·</strong></span> 
     </span>
     <span class='ocr_line' id='line_1_10' title="bbox 89 1362 1155 1452; baseline 0.004 -29"><span class='ocrx_word' id='word_1_58' title='bbox 89 1362 165 1424; x_wconf 92' lang='lat' dir='ltr'><strong>thus</strong></span> <span class='ocrx_word' id='word_1_59' title='bbox 177 1362 348 1425; x_wconf 87' lang='lat' dir='ltr'><strong>accusabat</strong></span> <span class='ocrx_word' id='word_1_60' title='bbox 357 1364 523 1427; x_wconf 85' lang='lat' dir='ltr'><strong>Romanos</strong></span> <span class='ocrx_word' id='word_1_61' title='bbox 539 1363 643 1445; x_wconf 83' lang='lat' dir='ltr'><strong>varie,</strong></span> <span class='ocrx_word' id='word_1_62' title='bbox 657 1379 697 1426; x_wconf 91' lang='lat' dir='ltr'><strong>ut</strong></span> <span class='ocrx_word' id='word_1_63' title='bbox 712 1364 830 1427; x_wconf 85' lang='lat' dir='ltr'><strong>sentire</strong></span> <span class='ocrx_word' id='word_1_64' title='bbox 843 1362 1018 1452; x_wconf 88' lang='lat' dir='ltr'><strong>Pompeius</strong></span> <span class='ocrx_word' id='word_1_65' title='bbox 1031 1379 1155 1452; x_wconf 87' lang='lat' dir='ltr'><strong>posset,</strong></span> 
     </span>
     <span class='ocr_line' id='line_1_11' title="bbox 89 1462 1154 1554; baseline 0.006 -29"><span class='ocrx_word' id='word_1_66' title='bbox 89 1464 114 1525; x_wconf 85' lang='lat' dir='ltr'><strong>si</strong></span> <span class='ocrx_word' id='word_1_67' title='bbox 128 1462 253 1527; x_wconf 88' lang='lat' dir='ltr'><strong>bellum</strong></span> <span class='ocrx_word' id='word_1_68' title='bbox 273 1480 440 1553; x_wconf 86' lang='lat' dir='ltr'><strong>coeptaret,</strong></span> <span class='ocrx_word' id='word_1_69' title='bbox 462 1488 538 1529; x_wconf 91' lang='lat' dir='ltr'><strong>cum</strong></span> <span class='ocrx_word' id='word_1_70' title='bbox 555 1480 690 1552; x_wconf 89' lang='lat' dir='ltr'><strong>potente</strong></span> <span class='ocrx_word' id='word_1_71' title='bbox 705 1480 739 1530; x_wconf 89' lang='lat' dir='ltr'><strong>et</strong></span> <span class='ocrx_word' id='word_1_72' title='bbox 751 1482 864 1554; x_wconf 89' lang='lat' dir='ltr'><strong>parato</strong></span> <span class='ocrx_word' id='word_1_73' title='bbox 879 1466 974 1530; x_wconf 86' lang='lat' dir='ltr'><strong>hoste</strong></span> <span class='ocrx_word' id='word_1_74' title='bbox 991 1482 1154 1531; x_wconf 90' lang='lat' dir='ltr'><strong>certamen</strong></span> 
     </span>
     <span class='ocr_line' id='line_1_12' title="bbox 88 1564 1157 1655; baseline 0.003 -28"><span class='ocrx_word' id='word_1_75' title='bbox 88 1564 168 1628; x_wconf 86' lang='lat' dir='ltr'><strong>fore.</strong></span> <span class='ocrx_word' id='word_1_76' title='bbox 184 1564 392 1653; x_wconf 85' lang='lat' dir='ltr'><strong>Quapropter</strong></span> <span class='ocrx_word' id='word_1_77' title='bbox 403 1566 655 1629; x_wconf 86' lang='lat' dir='ltr'><strong>inconstantiam</strong></span> <span class='ocrx_word' id='word_1_78' title='bbox 669 1566 810 1630; x_wconf 79' lang='lat' dir='ltr'><strong>fortunae</strong></span> <span class='ocrx_word' id='word_1_79' title='bbox 823 1582 992 1655; x_wconf 85' lang='lat' dir='ltr'><strong>reputans,</strong></span> <span class='ocrx_word' id='word_1_80' title='bbox 1006 1568 1094 1630; x_wconf 93' lang='lat' dir='ltr'><strong>nulla</strong></span> <span class='ocrx_word' id='word_1_81' title='bbox 1105 1568 1157 1631; x_wconf 86' lang='lat' dir='ltr'><strong>Ti·</strong></span> 
     </span>
     <span class='ocr_line' id='line_1_13' title="bbox 89 1657 1161 1755; baseline 0.003 -27"><span class='ocrx_word' id='word_1_82' title='bbox 89 1667 180 1754; x_wconf 86' lang='lat' dir='ltr'><strong>grani</strong></span> <span class='ocrx_word' id='word_1_83' title='bbox 202 1666 319 1731; x_wconf 87' lang='lat' dir='ltr'><strong>auxilia</strong></span> <span class='ocrx_word' id='word_1_84' title='bbox 342 1667 445 1750; x_wconf 84' lang='lat' dir='ltr'><strong>misit,</strong></span> <span class='ocrx_word' id='word_1_85' title='bbox 470 1690 579 1755; x_wconf 90' lang='lat' dir='ltr'><strong>neque</strong></span> <span class='ocrx_word' id='word_1_86' title='bbox 600 1683 713 1731; x_wconf 90' lang='lat' dir='ltr'><strong>contra</strong></span> <span class='ocrx_word' id='word_1_87' title='bbox 730 1666 866 1730; x_wconf 89' lang='lat' dir='ltr'><strong>Parthos</strong></span> <span class='ocrx_word' id='word_1_88' title='bbox 883 1666 1063 1755; x_wconf 88' lang='lat' dir='ltr'><strong>quidquam</strong></span> <span class='ocrx_word' id='word_1_89' title='bbox 1079 1657 1161 1731; x_wconf 77' lang='lat' dir='ltr'><strong>fecit</strong></span> 
     </span>
     <span class='ocr_line' id='line_1_14' title="bbox 90 1766 1153 1858; baseline -0.001 -28"><span class='ocrx_word' id='word_1_90' title='bbox 90 1767 265 1849; x_wconf 88' lang='lat' dir='ltr'><strong>hostiliter,</strong></span> <span class='ocrx_word' id='word_1_91' title='bbox 283 1790 423 1858; x_wconf 85' lang='lat' dir='ltr'><strong>negans,</strong></span> <span class='ocrx_word' id='word_1_92' title='bbox 439 1768 560 1857; x_wconf 81' lang='lat' dir='ltr'><strong>injussu</strong></span> <span class='ocrx_word' id='word_1_93' title='bbox 575 1782 697 1835; x_wconf 80' lang='lat' dir='ltr'><strong>senatus</strong></span> <span class='ocrx_word' id='word_1_94' title='bbox 710 1766 882 1857; x_wconf 79' lang='lat' dir='ltr'><strong>populique</strong></span> <span class='ocrx_word' id='word_1_95' title='bbox 896 1770 1024 1831; x_wconf 84' lang='lat' dir='ltr'><strong>romoni</strong></span> <span class='ocrx_word' id='word_1_96' title='bbox 1039 1766 1153 1831; x_wconf 85' lang='lat' dir='ltr'><strong>bellum</strong></span> 
     </span>
     <span class='ocr_line' id='line_1_15' title="bbox 88 1866 1154 1961; baseline -0.001 -29"><span class='ocrx_word' id='word_1_97' title='bbox 88 1866 273 1959; x_wconf 77' lang='lat' dir='ltr'><strong>smcr’pifas</strong></span> <span class='ocrx_word' id='word_1_98' title='bbox 293 1892 364 1935; x_wconf 86' lang='lat' dir='ltr'><strong>esse.</strong></span> <span class='ocrx_word' id='word_1_99' title='bbox 383 1870 509 1961; x_wconf 86' lang='lat' dir='ltr'><strong>Legatis</strong></span> <span class='ocrx_word' id='word_1_100' title='bbox 531 1886 639 1934; x_wconf 90' lang='lat' dir='ltr'><strong>autem</strong></span> <span class='ocrx_word' id='word_1_101' title='bbox 656 1868 842 1957; x_wconf 89' lang='lat' dir='ltr'><strong>respondit,</strong></span> <span class='ocrx_word' id='word_1_102' title='bbox 859 1891 922 1931; x_wconf 77' lang='lat' dir='ltr'><strong>asse</strong></span> <span class='ocrx_word' id='word_1_103' title='bbox 939 1868 1076 1932; x_wconf 83' lang='lat' dir='ltr'><strong>Pdrauti</strong></span> <span class='ocrx_word' id='word_1_104' title='bbox 1091 1892 1154 1932; x_wconf 86' lang='lat' dir='ltr'><strong>non</strong></span> 
     </span>
     <span class='ocr_line' id='line_1_16' title="bbox 87 1966 1154 2058; baseline -0.001 -27"><span class='ocrx_word' id='word_1_105' title='bbox 87 1992 158 2037; x_wconf 83' lang='lat' dir='ltr'><strong>eum</strong></span> <span class='ocrx_word' id='word_1_106' title='bbox 176 1972 345 2051; x_wconf 77' lang='lat' dir='ltr'><strong>Romanis,</strong></span> <span class='ocrx_word' id='word_1_107' title='bbox 370 1971 426 2035; x_wconf 82' lang='lat' dir='ltr'><strong>sed</strong></span> <span class='ocrx_word' id='word_1_108' title='bbox 443 1972 596 2058; x_wconf 69' lang='lat' dir='ltr'><strong>Ii&#39;granq,</strong></span> <span class='ocrx_word' id='word_1_109' title='bbox 615 1966 786 2057; x_wconf 81' lang='lat' dir='ltr'><strong>defim&#39;bus</strong></span> <span class='ocrx_word' id='word_1_110' title='bbox 804 1972 1063 2047; x_wconf 64' lang='lat' dir='ltr'><strong>controversiam</strong></span> <span class='ocrx_word' id='word_1_111' title='bbox 1080 1971 1154 2031; x_wconf 84' lang='lat' dir='ltr'><strong>mis·</strong></span> 
     </span>
     <span class='ocr_line' id='line_1_17' title="bbox 87 2068 1155 2161; baseline -0.001 -27"><span class='ocrx_word' id='word_1_112' title='bbox 87 2094 194 2136; x_wconf 85' lang='lat' dir='ltr'><strong>surum</strong></span> <span class='ocrx_word' id='word_1_113' title='bbox 211 2075 308 2161; x_wconf 61' lang='lat' dir='ltr'><strong>agatur</strong></span> <span class='ocrx_word' id='word_1_114' title='bbox 324 2084 384 2136; x_wconf 80' lang='lat' dir='ltr'><strong>tres</strong></span> <span class='ocrx_word' id='word_1_115' title='bbox 401 2074 504 2152; x_wconf 69' lang='lat' dir='ltr'><strong>eoos,</strong></span> <span class='ocrx_word' id='word_1_116' title='bbox 522 2074 579 2160; x_wconf 83' lang='lat' dir='ltr'><strong>qui</strong></span> <span class='ocrx_word' id='word_1_117' title='bbox 595 2068 776 2135; x_wconf 65' lang='lat' dir='ltr'><strong>disserentes</strong></span> <span class='ocrx_word' id='word_1_118' title='bbox 794 2086 1020 2159; x_wconf 78' lang='lat' dir='ltr'><strong>componerent.</strong></span> <span class='ocrx_word' id='word_1_119' title='bbox 1038 2068 1155 2157; x_wconf 87' lang='lat' dir='ltr'><strong>Neque</strong></span> 
     </span>
     <span class='ocr_line' id='line_1_18' title="bbox 89 2171 1155 2263; baseline -0.004 -26"><span class='ocrx_word' id='word_1_120' title='bbox 89 2196 180 2263; x_wconf 89' lang='lat' dir='ltr'><strong>reges</strong></span> <span class='ocrx_word' id='word_1_121' title='bbox 196 2189 405 2255; x_wconf 84' lang='lat' dir='ltr'><strong>recusarunt,</strong></span> <span class='ocrx_word' id='word_1_122' title='bbox 422 2174 500 2260; x_wconf 92' lang='lat' dir='ltr'><strong>quin</strong></span> <span class='ocrx_word' id='word_1_123' title='bbox 521 2172 593 2237; x_wconf 87' lang='lat' dir='ltr'><strong>illos</strong></span> <span class='ocrx_word' id='word_1_124' title='bbox 612 2195 674 2261; x_wconf 92' lang='lat' dir='ltr'><strong>pro</strong></span> <span class='ocrx_word' id='word_1_125' title='bbox 694 2173 789 2253; x_wconf 85' lang='lat' dir='ltr'><strong>justis</strong></span> <span class='ocrx_word' id='word_1_126' title='bbox 811 2171 1080 2259; x_wconf 80' lang='lat' dir='ltr'><strong>disceptatoribus</strong></span> <span class='ocrx_word' id='word_1_127' title='bbox 1096 2171 1155 2234; x_wconf 87' lang='lat' dir='ltr'><strong>ad·</strong></span> 
     </span>
     <span class='ocr_line' id='line_1_19' title="bbox 89 2272 1155 2363; baseline -0.004 -25"><span class='ocrx_word' id='word_1_128' title='bbox 89 2274 272 2356; x_wconf 87' lang='lat' dir='ltr'><strong>mitterent;</strong></span> <span class='ocrx_word' id='word_1_129' title='bbox 287 2297 474 2363; x_wconf 89' lang='lat' dir='ltr'><strong>quanquam</strong></span> <span class='ocrx_word' id='word_1_130' title='bbox 489 2275 575 2337; x_wconf 90' lang='lat' dir='ltr'><strong>inter</strong></span> <span class='ocrx_word' id='word_1_131' title='bbox 588 2274 674 2362; x_wconf 91' lang='lat' dir='ltr'><strong>ipsos</strong></span> <span class='ocrx_word' id='word_1_132' title='bbox 688 2274 754 2352; x_wconf 83' lang='lat' dir='ltr'><strong>jatn</strong></span> <span class='ocrx_word' id='word_1_133' title='bbox 772 2272 849 2336; x_wconf 86' lang='lat' dir='ltr'><strong>odio</strong></span> <span class='ocrx_word' id='word_1_134' title='bbox 866 2288 1023 2360; x_wconf 88' lang='lat' dir='ltr'><strong>metuque</strong></span> <span class='ocrx_word' id='word_1_135' title='bbox 1037 2274 1155 2335; x_wconf 84' lang='lat' dir='ltr'><strong>Roma·</strong></span> 
     </span>
     <span class='ocr_line' id='line_1_20' title="bbox 90 2375 823 2441; baseline 0 -2"><span class='ocrx_word' id='word_1_136' title='bbox 90 2398 209 2440; x_wconf 92' lang='lat' dir='ltr'><strong>norum</strong></span> <span class='ocrx_word' id='word_1_137' title='bbox 228 2391 433 2441; x_wconf 83' lang='lat' dir='ltr'><strong>convenerat.</strong></span> <span class='ocrx_word' id='word_1_138' title='bbox 567 2378 571 2390; x_wconf 93' lang='lat'>&#39;</span> <span class='ocrx_word' id='word_1_139' title='bbox 818 2375 823 2383; x_wconf 72' lang='grc'><strong><em>’</em></strong></span> 
     </span>
    </p>

    <p class='ocr_par' dir='ltr' id='par_1_4' title="bbox 85 2472 1153 3684">
     <span class='ocr_line' id='line_1_21' title="bbox 130 2472 1153 2568; baseline -0.002 -27"><span class='ocrx_word' id='word_1_140' title='bbox 130 2479 273 2543; x_wconf 82' lang='grc' dir='ltr'><strong>ΧΧΧΙΙ.</strong></span> <span class='ocrx_word' id='word_1_141' title='bbox 290 2479 444 2568; x_wconf 72' lang='lat' dir='ltr'><strong>Tigranes</strong></span> <span class='ocrx_word' id='word_1_142' title='bbox 461 2479 584 2567; x_wconf 86' lang='lat' dir='ltr'><strong>negatis</strong></span> <span class='ocrx_word' id='word_1_143' title='bbox 601 2474 758 2566; x_wconf 82' lang='lat' dir='ltr'><strong>suppetiis</strong></span> <span class='ocrx_word' id='word_1_144' title='bbox 776 2472 895 2558; x_wconf 67' lang='lat' dir='ltr'><strong>irritus,</strong></span> <span class='ocrx_word' id='word_1_145' title='bbox 918 2477 1070 2541; x_wconf 88' lang='lat' dir='ltr'><strong>Phraates</strong></span> <span class='ocrx_word' id='word_1_146' title='bbox 1093 2477 1153 2540; x_wconf 90' lang='lat' dir='ltr'><strong>sibi</strong></span> 
     </span>
     <span class='ocr_line' id='line_1_22' title="bbox 89 2555 1153 2670; baseline -0.003 -26"><span class='ocrx_word' id='word_1_147' title='bbox 89 2597 256 2663; x_wconf 87' lang='lat' dir='ltr'><strong>metuens,</strong></span> <span class='ocrx_word' id='word_1_148' title='bbox 272 2582 298 2644; x_wconf 89' lang='lat' dir='ltr'><strong>si</strong></span> <span class='ocrx_word' id='word_1_149' title='bbox 310 2581 464 2670; x_wconf 84' lang='lat' dir='ltr'><strong>&#39;ligranes</strong></span> <span class='ocrx_word' id='word_1_150' title='bbox 480 2581 631 2669; x_wconf 82' lang='lat' dir='ltr'><strong>perisset3</strong></span> <span class='ocrx_word' id='word_1_151' title='bbox 646 2577 747 2644; x_wconf 84' lang='lat' dir='ltr'><strong>ambd</strong></span> <span class='ocrx_word' id='word_1_152' title='bbox 757 2555 834 2644; x_wconf 80' lang='lat' dir='ltr'><strong>satis</strong></span> <span class='ocrx_word' id='word_1_153' title='bbox 849 2597 974 2643; x_wconf 84' lang='lat' dir='ltr'><strong>certum</strong></span> <span class='ocrx_word' id='word_1_154' title='bbox 987 2595 1153 2668; x_wconf 87' lang='lat' dir='ltr'><strong>putantes,</strong></span> 
     </span>
     <span class='ocr_line' id='line_1_23' title="bbox 87 2655 1152 2769; baseline 0 -25"><span class='ocrx_word' id='word_1_155' title='bbox 87 2679 129 2744; x_wconf 86' lang='lat' dir='ltr'><strong>ad</strong></span> <span class='ocrx_word' id='word_1_156' title='bbox 151 2697 265 2745; x_wconf 85' lang='lat' dir='ltr'><strong>utrum</strong></span> <span class='ocrx_word' id='word_1_157' title='bbox 283 2704 387 2769; x_wconf 91' lang='lat' dir='ltr'><strong>quum</strong></span> <span class='ocrx_word' id='word_1_158' title='bbox 410 2681 551 2745; x_wconf 74' lang='lat' dir='ltr'><strong>exscidio</strong></span> <span class='ocrx_word' id='word_1_159' title='bbox 572 2681 705 2745; x_wconf 81' lang='lat' dir='ltr'><strong>alterius</strong></span> <span class='ocrx_word' id='word_1_160' title='bbox 725 2655 858 2744; x_wconf 73' lang='lat' dir='ltr'><strong>victolia</strong></span> <span class='ocrx_word' id='word_1_161' title='bbox 878 2682 1038 2762; x_wconf 84' lang='lat' dir='ltr'><strong>venisset,</strong></span> <span class='ocrx_word' id='word_1_162' title='bbox 1060 2681 1152 2744; x_wconf 85' lang='lat' dir='ltr'><strong>illurn</strong></span> 
     </span>
     <span class='ocr_line' id='line_1_24' title="bbox 87 2760 1153 2871; baseline -0.002 -25"><span class='ocrx_word' id='word_1_163' title='bbox 87 2784 199 2849; x_wconf 84' lang='lat' dir='ltr'><strong>hostes</strong></span> <span class='ocrx_word' id='word_1_164' title='bbox 217 2779 400 2865; x_wconf 83' lang='lat' dir='ltr'><strong>Romanos,</strong></span> <span class='ocrx_word' id='word_1_165' title='bbox 419 2799 451 2848; x_wconf 90' lang='lat' dir='ltr'><strong>et</strong></span> <span class='ocrx_word' id='word_1_166' title='bbox 467 2785 575 2848; x_wconf 89' lang='lat' dir='ltr'><strong>minus</strong></span> <span class='ocrx_word' id='word_1_167' title='bbox 594 2782 634 2847; x_wconf 90' lang='lat' dir='ltr'><strong>ad</strong></span> <span class='ocrx_word' id='word_1_168' title='bbox 652 2760 880 2871; x_wconf 87' lang='lat' dir='ltr'><strong>repellendum</strong></span> <span class='ocrx_word' id='word_1_169' title='bbox 890 2782 1008 2846; x_wconf 76' lang='lat' dir='ltr'><strong>virium</strong></span> <span class='ocrx_word' id='word_1_170' title='bbox 1023 2782 1153 2845; x_wconf 88' lang='lat' dir='ltr'><strong>habitu·</strong></span> 
     </span>
     <span class='ocr_line' id='line_1_25' title="bbox 87 2879 1153 2974; baseline -0.004 -27"><span class='ocrx_word' id='word_1_171' title='bbox 87 2907 180 2967; x_wconf 89' lang='lat' dir='ltr'><strong>rum,</strong></span> <span class='ocrx_word' id='word_1_172' title='bbox 197 2887 231 2947; x_wconf 89' lang='lat' dir='ltr'><strong>in</strong></span> <span class='ocrx_word' id='word_1_173' title='bbox 245 2887 379 2974; x_wconf 81' lang='lat' dir='ltr'><strong>gratiam</strong></span> <span class='ocrx_word' id='word_1_174' title='bbox 392 2883 482 2950; x_wconf 88' lang='lat' dir='ltr'><strong>baud</strong></span> <span class='ocrx_word' id='word_1_175' title='bbox 496 2882 672 2947; x_wconf 81' lang='lat' dir='ltr'><strong>difficulter</strong></span> <span class='ocrx_word' id='word_1_176' title='bbox 682 2879 858 2946; x_wconf 73' lang='lat' dir='ltr'><strong>retberunt.</strong></span> <span class='ocrx_word' id='word_1_177' title='bbox 871 2881 985 2963; x_wconf 92' lang='lat' dir='ltr'><strong>Quum</strong></span> <span class='ocrx_word' id='word_1_178' title='bbox 997 2881 1083 2944; x_wconf 81' lang='lat' dir='ltr'><strong>inter</strong></span> <span class='ocrx_word' id='word_1_179' title='bbox 1095 2882 1153 2945; x_wconf 91' lang='lat' dir='ltr'><strong>bas</strong></span> 
     </span>
     <span class='ocr_line' id='line_1_26' title="bbox 87 2981 1151 3074; baseline -0.005 -25"><span class='ocrx_word' id='word_1_180' title='bbox 87 3009 139 3050; x_wconf 88' lang='lat' dir='ltr'><strong>res</strong></span> <span class='ocrx_word' id='word_1_181' title='bbox 155 2985 366 3050; x_wconf 88' lang='lat' dir='ltr'><strong>comitiorum</strong></span> <span class='ocrx_word' id='word_1_182' title='bbox 384 2983 452 3049; x_wconf 89' lang='lat' dir='ltr'><strong>dies</strong></span> <span class='ocrx_word' id='word_1_183' title='bbox 470 2983 635 3064; x_wconf 85' lang='lat' dir='ltr'><strong>adessent,</strong></span> <span class='ocrx_word' id='word_1_184' title='bbox 662 2993 811 3074; x_wconf 83' lang='lat' dir='ltr'><strong>magnam</strong></span> <span class='ocrx_word' id='word_1_185' title='bbox 830 2983 863 3045; x_wconf 87' lang='lat' dir='ltr'><strong>ln</strong></span> <span class='ocrx_word' id='word_1_186' title='bbox 880 2981 969 3045; x_wconf 90' lang='lat' dir='ltr'><strong>Urbe</strong></span> <span class='ocrx_word' id='word_1_187' title='bbox 991 3005 1151 3044; x_wconf 82' lang='lat' dir='ltr'><strong>novorum</strong></span> 
     </span>
     <span class='ocr_line' id='line_1_27' title="bbox 86 3084 1153 3176; baseline -0.004 -26"><span class='ocrx_word' id='word_1_188' title='bbox 86 3089 261 3151; x_wconf 89' lang='lat' dir='ltr'><strong>consulum</strong></span> <span class='ocrx_word' id='word_1_189' title='bbox 273 3086 562 3176; x_wconf 81' lang='lat' dir='ltr'><strong>exspectationem,</strong></span> <span class='ocrx_word' id='word_1_190' title='bbox 576 3084 755 3149; x_wconf 89' lang='lat' dir='ltr'><strong>multitudo</strong></span> <span class='ocrx_word' id='word_1_191' title='bbox 768 3084 1036 3172; x_wconf 89' lang='lat' dir='ltr'><strong>competitorum,</strong></span> <span class='ocrx_word' id='word_1_192' title='bbox 1052 3099 1085 3147; x_wconf 89' lang='lat' dir='ltr'><strong>et</strong></span> <span class='ocrx_word' id='word_1_193' title='bbox 1099 3107 1153 3146; x_wconf 91' lang='lat' dir='ltr'><strong>su·</strong></span> 
     </span>
     <span class='ocr_line' id='line_1_28' title="bbox 86 3186 1151 3276; baseline -0.002 -24"><span class='ocrx_word' id='word_1_194' title='bbox 86 3205 196 3276; x_wconf 89' lang='lat' dir='ltr'><strong>specta</strong></span> <span class='ocrx_word' id='word_1_195' title='bbox 213 3187 431 3276; x_wconf 90' lang='lat' dir='ltr'><strong>quorumdam</strong></span> <span class='ocrx_word' id='word_1_196' title='bbox 452 3187 585 3250; x_wconf 85' lang='lat' dir='ltr'><strong>consilia</strong></span> <span class='ocrx_word' id='word_1_197' title='bbox 599 3201 773 3249; x_wconf 81' lang='lat' dir='ltr'><strong>moverunt</strong></span> <span class='ocrx_word' id='word_1_198' title='bbox 788 3208 795 3247; x_wconf 93' lang='lat'><strong>:</strong></span> <span class='ocrx_word' id='word_1_199' title='bbox 813 3201 937 3275; x_wconf 87' lang='lat' dir='ltr'><strong>septem</strong></span> <span class='ocrx_word' id='word_1_200' title='bbox 952 3186 987 3247; x_wconf 93' lang='lat' dir='ltr'><strong>in</strong></span> <span class='ocrx_word' id='word_1_201' title='bbox 1004 3207 1080 3248; x_wconf 89' lang='lat' dir='ltr'><strong>eum</strong></span> <span class='ocrx_word' id='word_1_202' title='bbox 1093 3209 1151 3250; x_wconf 91' lang='lat' dir='ltr'><strong>an·</strong></span> 
     </span>
     <span class='ocr_line' id='line_1_29' title="bbox 86 3286 1150 3377; baseline -0.002 -25"><span class='ocrx_word' id='word_1_203' title='bbox 86 3313 167 3352; x_wconf 89' lang='lat' dir='ltr'><strong>nuru</strong></span> <span class='ocrx_word' id='word_1_204' title='bbox 185 3287 346 3353; x_wconf 86' lang='lat' dir='ltr'><strong>candidati</strong></span> <span class='ocrx_word' id='word_1_205' title='bbox 360 3287 531 3377; x_wconf 80' lang='lat' dir='ltr'><strong>petebant3</strong></span> <span class='ocrx_word' id='word_1_206' title='bbox 550 3287 675 3376; x_wconf 89' lang='lat' dir='ltr'><strong>patricii</strong></span> <span class='ocrx_word' id='word_1_207' title='bbox 693 3286 788 3368; x_wconf 70' lang='lat' dir='ltr'><strong>duo,</strong></span> <span class='ocrx_word' id='word_1_208' title='bbox 801 3287 837 3350; x_wconf 88' lang='lat' dir='ltr'><strong>P.</strong></span> <span class='ocrx_word' id='word_1_209' title='bbox 852 3286 1014 3376; x_wconf 84' lang='lat' dir='ltr'><strong>Sulpicius</strong></span> <span class='ocrx_word' id='word_1_210' title='bbox 1032 3287 1150 3371; x_wconf 85' lang='lat' dir='ltr'><strong>Galba,</strong></span> 
     </span>
     <span class='ocr_line' id='line_1_30' title="bbox 85 3389 1149 3480; baseline 0.003 -27"><span class='ocrx_word' id='word_1_211' title='bbox 85 3391 121 3456; x_wconf 89' lang='lat' dir='ltr'><strong>L.</strong></span> <span class='ocrx_word' id='word_1_212' title='bbox 132 3389 263 3480; x_wconf 83' lang='lat' dir='ltr'><strong>Sergius</strong></span> <span class='ocrx_word' id='word_1_213' title='bbox 281 3390 433 3470; x_wconf 83' lang='lat' dir='ltr'><strong>Catilina3</strong></span> <span class='ocrx_word' id='word_1_214' title='bbox 458 3389 594 3480; x_wconf 83' lang='lat' dir='ltr'><strong>totidem</strong></span> <span class='ocrx_word' id='word_1_215' title='bbox 617 3389 736 3476; x_wconf 89' lang='lat' dir='ltr'><strong>plebeii</strong></span> <span class='ocrx_word' id='word_1_216' title='bbox 756 3389 898 3471; x_wconf 85' lang='lat' dir='ltr'><strong>nobiles,</strong></span> <span class='ocrx_word' id='word_1_217' title='bbox 920 3389 958 3454; x_wconf 90' lang='lat' dir='ltr'><strong>C.</strong></span> <span class='ocrx_word' id='word_1_218' title='bbox 971 3392 1149 3473; x_wconf 77' lang='lat' dir='ltr'><strong>antonius,</strong></span> 
     </span>
     <span class='ocr_line' id='line_1_31' title="bbox 85 3489 1150 3580; baseline -0.001 -24"><span class='ocrx_word' id='word_1_219' title='bbox 85 3494 120 3557; x_wconf 89' lang='lat' dir='ltr'><strong>L.</strong></span> <span class='ocrx_word' id='word_1_220' title='bbox 132 3493 281 3573; x_wconf 79' lang='lat' dir='ltr'><strong>Cassius3</strong></span> <span class='ocrx_word' id='word_1_221' title='bbox 303 3509 454 3580; x_wconf 74' lang='lat' dir='ltr'><strong>praeterea</strong></span> <span class='ocrx_word' id='word_1_222' title='bbox 478 3491 518 3573; x_wconf 88' lang='lat' dir='ltr'><strong>Q.</strong></span> <span class='ocrx_word' id='word_1_223' title='bbox 535 3489 743 3571; x_wconf 80' lang='lat' dir='ltr'><strong>Cornificius,</strong></span> <span class='ocrx_word' id='word_1_224' title='bbox 765 3491 799 3553; x_wconf 91' lang='lat' dir='ltr'><strong>C.</strong></span> <span class='ocrx_word' id='word_1_225' title='bbox 818 3491 961 3554; x_wconf 88' lang='lat' dir='ltr'><strong>Licinius</strong></span> <span class='ocrx_word' id='word_1_226' title='bbox 978 3491 1150 3572; x_wconf 86' lang='lat' dir='ltr'><strong>Sacerdos,</strong></span> 
     </span>
     <span class='ocr_line' id='line_1_32' title="bbox 85 3593 1152 3684; baseline 0.003 -26"><span class='ocrx_word' id='word_1_227' title='bbox 85 3595 142 3684; x_wconf 90' lang='lat' dir='ltr'><strong>qui</strong></span> <span class='ocrx_word' id='word_1_228' title='bbox 154 3611 284 3658; x_wconf 87' lang='lat' dir='ltr'><strong>tantum</strong></span> <span class='ocrx_word' id='word_1_229' title='bbox 296 3617 363 3658; x_wconf 94' lang='lat' dir='ltr'><strong>non</strong></span> <span class='ocrx_word' id='word_1_230' title='bbox 373 3593 469 3681; x_wconf 88' lang='lat' dir='ltr'><strong>primi</strong></span> <span class='ocrx_word' id='word_1_231' title='bbox 480 3615 517 3657; x_wconf 87' lang='lat' dir='ltr'><strong>ex</strong></span> <span class='ocrx_word' id='word_1_232' title='bbox 530 3593 657 3657; x_wconf 80' lang='lat' dir='ltr'><strong>familiis</strong></span> <span class='ocrx_word' id='word_1_233' title='bbox 668 3595 735 3657; x_wconf 88' lang='lat' dir='ltr'><strong>suis</strong></span> <span class='ocrx_word' id='word_1_234' title='bbox 746 3594 967 3682; x_wconf 85' lang='lat' dir='ltr'><strong>magistratum</strong></span> <span class='ocrx_word' id='word_1_235' title='bbox 979 3613 1152 3683; x_wconf 81' lang='lat' dir='ltr'><strong>gesserant.</strong></span> 
     </span>
    </p>

    <p class='ocr_par' dir='ltr' id='par_1_5' title="bbox 86 3695 1152 3887">
     <span class='ocr_line' id='line_1_33' title="bbox 129 3695 1150 3784; baseline 0.003 -26"><span class='ocrx_word' id='word_1_236' title='bbox 129 3697 287 3760; x_wconf 88' lang='lat' dir='ltr'>XXXIII.</span> <span class='ocrx_word' id='word_1_237' title='bbox 303 3695 397 3759; x_wconf 84' lang='lat' dir='ltr'><strong>Solus</strong></span> <span class='ocrx_word' id='word_1_238' title='bbox 411 3696 666 3783; x_wconf 86' lang='lat' dir='ltr'><strong>competitorum</strong></span> <span class='ocrx_word' id='word_1_239' title='bbox 680 3695 726 3760; x_wconf 82' lang='lat' dir='ltr'><strong>M.</strong></span> <span class='ocrx_word' id='word_1_240' title='bbox 738 3695 863 3760; x_wconf 85' lang='lat' dir='ltr'><strong>Tullius</strong></span> <span class='ocrx_word' id='word_1_241' title='bbox 877 3695 991 3760; x_wconf 88' lang='lat' dir='ltr'><strong>Cicero</strong></span> <span class='ocrx_word' id='word_1_242' title='bbox 1009 3699 1150 3784; x_wconf 90' lang='lat' dir='ltr'><strong>equestri</strong></span> 
     </span>
     <span class='ocr_line' id='line_1_34' title="bbox 86 3797 1152 3887; baseline 0 -26"><span class='ocrx_word' id='word_1_243' title='bbox 86 3799 159 3864; x_wconf 86' lang='lat' dir='ltr'><strong>loco</strong></span> <span class='ocrx_word' id='word_1_244' title='bbox 174 3813 287 3877; x_wconf 90' lang='lat' dir='ltr'><strong>natus,</strong></span> <span class='ocrx_word' id='word_1_245' title='bbox 305 3797 408 3861; x_wconf 89' lang='lat' dir='ltr'><strong>nullas</strong></span> <span class='ocrx_word' id='word_1_246' title='bbox 427 3813 589 3862; x_wconf 86' lang='lat' dir='ltr'><strong>ostentare</strong></span> <span class='ocrx_word' id='word_1_247' title='bbox 606 3797 761 3887; x_wconf 89' lang='lat' dir='ltr'><strong>imagines</strong></span> <span class='ocrx_word' id='word_1_248' title='bbox 780 3797 916 3885; x_wconf 80' lang='lat' dir='ltr'><strong>poteth</strong></span> <span class='ocrx_word' id='word_1_249' title='bbox 936 3797 999 3860; x_wconf 85' lang='lat' dir='ltr'><strong>Sed</strong></span> <span class='ocrx_word' id='word_1_250' title='bbox 1015 3797 1069 3861; x_wconf 91' lang='lat' dir='ltr'><strong>bic</strong></span> <span class='ocrx_word' id='word_1_251' title='bbox 1084 3798 1152 3861; x_wconf 87' lang='lat' dir='ltr'><strong>elo-</strong></span> 
     </span>
    </p>
   </div>
   <div class='ocr_carea' id='block_1_3' title="bbox 84 4017 1152 4248">
    <p class='ocr_par' dir='ltr' id='par_1_6' title="bbox 84 4017 1152 4248">
     <span class='ocr_line' id='line_1_35' title="bbox 119 4017 1152 4089; baseline 0 -24"><span class='ocrx_word' id='word_1_252' title='bbox 119 4017 237 4084; x_wconf 78' lang='lat' dir='ltr'><strong>sm.</strong></span> <span class='ocrx_word' id='word_1_253' title='bbox 249 4019 314 4068; x_wconf 85' lang='lat' dir='ltr'><strong>Plnt.</strong></span> <span class='ocrx_word' id='word_1_254' title='bbox 329 4049 362 4058; x_wconf 95' lang='lat'>—</span> <span class='ocrx_word' id='word_1_255' title='bbox 374 4021 542 4083; x_wconf 76' lang='lat' dir='ltr'><strong>velt.11,37.</strong></span> <span class='ocrx_word' id='word_1_256' title='bbox 562 4049 597 4060; x_wconf 90' lang='lat'><em>-</em></span> <span class='ocrx_word' id='word_1_257' title='bbox 614 4024 724 4089; x_wconf 80' lang='lat' dir='ltr'><strong>Appian.</strong></span> <span class='ocrx_word' id='word_1_258' title='bbox 741 4021 855 4072; x_wconf 82' lang='lat' dir='ltr'><strong>Mitbrid.</strong></span> <span class='ocrx_word' id='word_1_259' title='bbox 872 4047 907 4058; x_wconf 92' lang='lat'><em>-</em></span> <span class='ocrx_word' id='word_1_260' title='bbox 922 4020 1005 4070; x_wconf 82' lang='lat' dir='ltr'><strong>Strab.</strong></span> <span class='ocrx_word' id='word_1_261' title='bbox 1015 4020 1059 4068; x_wconf 87' lang='lat' dir='ltr'><strong>lib.</strong></span> <span class='ocrx_word' id='word_1_262' title='bbox 1073 4021 1152 4075; x_wconf 66' lang='lat' dir='ltr'><strong>avt,</strong></span> 
     </span>
     <span class='ocr_line' id='line_1_36' title="bbox 84 4096 1152 4172; baseline 0.002 -25"><span class='ocrx_word' id='word_1_263' title='bbox 84 4117 110 4165; x_wconf 90' lang='lat' dir='ltr'><strong>p.</strong></span> <span class='ocrx_word' id='word_1_264' title='bbox 122 4107 183 4163; x_wconf 62' lang='lat'><strong>749.</strong></span> <span class='ocrx_word' id='word_1_265' title='bbox 192 4127 229 4138; x_wconf 89' lang='lat'><em>-</em></span> <span class='ocrx_word' id='word_1_266' title='bbox 237 4101 308 4150; x_wconf 82' lang='lat' dir='ltr'><strong>Oros.</strong></span> <span class='ocrx_word' id='word_1_267' title='bbox 317 4131 353 4140; x_wconf 92' lang='lat'>-</span> <span class='ocrx_word' id='word_1_268' title='bbox 366 4103 382 4168; x_wconf 77' lang='lat' dir='ltr'><strong><em>s</em></strong></span> <span class='ocrx_word' id='word_1_269' title='bbox 394 4105 492 4152; x_wconf 76' lang='lat' dir='ltr'><strong>mn</strong></span> <span class='ocrx_word' id='word_1_270' title='bbox 504 4105 611 4172; x_wconf 76' lang='lat' dir='ltr'><strong>Appiun.</strong></span> <span class='ocrx_word' id='word_1_271' title='bbox 623 4133 659 4144; x_wconf 91' lang='grc'><strong>-</strong></span> <span class='ocrx_word' id='word_1_272' title='bbox 668 4108 727 4156; x_wconf 84' lang='lat' dir='ltr'><strong>Dio.</strong></span> <span class='ocrx_word' id='word_1_273' title='bbox 738 4133 774 4144; x_wconf 89' lang='lat'><strong>-—-</strong></span> <span class='ocrx_word' id='word_1_274' title='bbox 785 4105 848 4154; x_wconf 68' lang='grc' dir='ltr'><strong>Μ.</strong></span> <span class='ocrx_word' id='word_1_275' title='bbox 864 4103 925 4168; x_wconf 70' lang='lat' dir='ltr'><strong>-s</strong></span> <span class='ocrx_word' id='word_1_276' title='bbox 935 4103 1048 4152; x_wconf 82' lang='lat' dir='ltr'><strong>mn.</strong></span> <span class='ocrx_word' id='word_1_277' title='bbox 1062 4096 1152 4151; x_wconf 62' lang='lat' dir='ltr'><strong>Aaron.</strong></span> 
     </span>
     <span class='ocr_line' id='line_1_37' title="bbox 84 4183 491 4248; baseline 0.01 -17"><span class='ocrx_word' id='word_1_278' title='bbox 84 4183 111 4231; x_wconf 84' lang='lat' dir='ltr'><strong>iu</strong></span> <span class='ocrx_word' id='word_1_279' title='bbox 122 4185 187 4248; x_wconf 68' lang='lat' dir='ltr'><strong>Tog.</strong></span> <span class='ocrx_word' id='word_1_280' title='bbox 196 4184 300 4236; x_wconf 75' lang='lat' dir='ltr'><strong>Caudid.</strong></span> <span class='ocrx_word' id='word_1_281' title='bbox 309 4214 345 4226; x_wconf 91' lang='lat'><strong>—</strong></span> <span class='ocrx_word' id='word_1_282' title='bbox 360 4185 424 4236; x_wconf 68' lang='lat' dir='ltr'><strong>Mur.</strong></span> <span class='ocrx_word' id='word_1_283' title='bbox 438 4187 491 4237; x_wconf 73' lang='lat' dir='ltr'><strong>cte.</strong></span> 
     </span>
    </p>
   </div>
   <div class='ocr_carea' id='block_1_4' title="bbox 0 0 1442 4900">
    <p class='ocr_par' dir='ltr' id='par_1_7' title="bbox 0 0 1442 4900">
     <span class='ocr_line' id='line_1_38' title="bbox 0 0 1442 4900; baseline 0 1"><span class='ocrx_word' id='word_1_284' title='bbox 0 0 1442 4900; x_wconf 95' lang='lat' dir='ltr'><strong> </strong></span> 
     </span>
    </p>
   </div>
  </div>
 </body>
</html>
