2875 4900
304 378 357 448 IN
389 378 620 447 Loc.L1B.
647 378 776 448 CVIII
805 379 1020 449 LIVIANI.
1126 377 1199 451 636

125 496 254 563 insidiis
276 500 388 563 lateret
408 497 532 581 bostis,
553 499 698 563 timebat.
721 499 897 582 Bellovaci,
916 501 980 565 boc
999 502 1200 567 testamento

125 601 264 688 impune
276 598 428 689 digressi,
445 622 512 663 non
528 601 658 690 longius
671 599 749 665 inde
765 601 908 666 millibus
922 601 1037 667 decem
1050 604 1201 667 munitis·

126 703 212 767 simo
222 703 297 767 loco
310 718 411 766 castra
424 718 615 790 posuerunt.
627 702 741 785 Quum
751 702 972 791 subsequutus
983 704 1087 768 Cesar
1097 720 1201 788 esset,

128 805 232 885 GalII,
249 805 399 867 locorum
417 802 520 881 adjuti
538 804 669 891 peritia,
687 804 801 869 erebra
818 804 1064 893 pabulatoribus
1081 805 1201 871 darum

126 906 314 971 inferebant
336 928 344 969 :
369 926 409 968 eo
429 926 581 969 successu
608 905 787 969 animosior
810 906 976 982 Correus,
1004 904 1136 971 delestis
1160 928 1200 971 ex

127 1008 223 1071 omni
249 1006 341 1095 copia
365 1030 420 1071 sex
444 1002 590 1095 peditum
615 1004 782 1089 millibus,
805 1028 882 1070 cnm
903 1006 1068 1093 equitibus
1092 1007 1198 1089 mille,

128 1130 200 1195 quo
217 1106 292 1171 loco
313 1108 464 1171 lunii-um
481 1106 635 1194 putabat,
655 1121 695 1169 ut
710 1108 850 1171 Remini
867 1107 1089 1181 frumentandi
1104 1130 1200 1173 causa

125 1208 336 1293 accederent,
350 1208 440 1298 quod
456 1209 566 1273 omnia
581 1208 744 1288 circejum
758 1207 885 1273 desecta
900 1224 1010 1291 eram,
1026 1210 1061 1273 in
1074 1208 1199 1274 insidiis

127 1309 287 1375 oonssdit.

175 1412 264 1476 XVI.
289 1413 431 1500 Campus
457 1427 525 1475 erut
547 1408 636 1476 haud
657 1409 796 1499 emplius
819 1409 908 1474 mille
930 1425 1044 1497 patens
1065 1432 1199 1499 passus,

127 1536 229 1603 quem
242 1514 495 1602 impeditissimus
505 1514 591 1578 silvie
601 1536 620 1576 a
630 1512 754 1577 eaeteris
765 1510 912 1600 partibus
922 1558 932 1592 ,
944 1512 1064 1575 abunt
1076 1510 1199 1576 flumen

127 1616 320 1679 altissimum
343 1616 501 1704 cingebat.
519 1613 582 1680 Sed
599 1638 618 1679 e
636 1613 763 1709 captivo
786 1610 930 1700 quodam
946 1613 1200 1701 Cesarcognitu

127 1715 259 1798 fraude,
278 1717 500 1782 insidiatorem
519 1740 580 1783 suo
598 1734 671 1781 astu
686 1716 865 1805 petiturus,
880 1714 1080 1800 equitatum,
1095 1714 1201 1781 inter·

127 1819 234 1907 posits
252 1818 314 1883 leri
329 1834 508 1902 armatura,
521 1818 704 1908 prssmittit3
719 1818 791 1905 ipse
806 1838 882 1879 cum
899 1815 1083 1903 legionibus
1100 1816 1199 1880 citato
1301 1882 1312 1897 ,

127 1918 233 2009 gradu
255 1920 476 2008 subsequitur.
496 1920 560 1983 Ubi
580 1920 725 2009 primurn
745 1918 779 1980 in
804 1938 921 2005 campo
938 1917 1104 2005 conspecti
1121 1933 1199 1984 sunt

126 2020 271 2107 equites,
288 2023 430 2085 Correus
448 2044 525 2085 cum
547 2022 656 2109 paucis
676 2040 869 2099 occurrens,
885 2018 1029 2081 conserit
1044 2039 1196 2101 manum5

126 2120 247 2186 deinde
263 2122 389 2211 plures,
408 2138 573 2211 postremo
592 2120 717 2210 pedites
731 2142 772 2184 ex
783 2119 872 2183 silvis
886 2135 1074 2206 erumpunt.
1089 2120 1198 2206 Repu·

125 2238 231 2309 gnsnt
247 2222 419 2286 fortissime
441 2223 573 2287 Caessris
597 2222 739 2308 equites,
761 2221 840 2285 levis
859 2237 1030 2284 armaturis
1046 2219 1197 2308 praesidio

126 2322 247 2403 adjuti3
266 2322 372 2387 donec
390 2323 511 2388 crebris
531 2323 656 2386 nuntiis
671 2322 735 2410 ipsi
755 2322 932 2409 hostesque
950 2320 1104 2385 certiores
1121 2321 1197 2385 lecti
1275 2345 1278 2396 j

126 2438 227 2505 suut,
243 2425 401 2488 Cressrem
417 2446 494 2488 cnm
511 2423 678 2488 instructis
693 2422 877 2514 legionibus
889 2421 1011 2488 adesse.

173 2525 277 2588 XVII.
299 2523 421 2590 Eadem
442 2547 493 2590 res
515 2542 547 2589 et
563 2525 908 2607 Iiomsnorumauxit,
925 2541 959 2588 et
971 2525 1116 2588 hostium
1132 2524 1197 2588 fre-

126 2627 176 2716 git
191 2626 336 2709 snim0s3
362 2643 394 2690 et
416 2627 537 2708 majore
558 2643 650 2714 perte
672 2649 808 2690 suorum
829 2629 963 2708 amissa,
988 2627 1145 2691 bellovaci
1161 2626 1196 2688 in
1263 2640 1266 2644 ’

126 2727 240 2814 Iirgsm
255 2747 290 2789 se
307 2725 517 2805 conjecerunt
534 2749 543 2792 t
560 2725 619 2792 sed
639 2728 755 2791 irretiti
771 2726 893 2792 eisdem
910 2728 1060 2792 locorum
1076 2726 1197 2791 fraudi·

126 2827 210 2908 bus,
230 2849 309 2913 quas
331 2828 366 2890 in
385 2829 519 2892 exitium
539 2830 762 2892 Romanorum
784 2828 989 2916 delegerant,
1011 2827 1122 2914 paucis
1139 2847 1196 2889 ex-

125 2927 246 3016 ceptis,
262 2927 461 2993 cediderunt.
477 2931 552 2992 Dux
566 2951 681 2994 eorum
697 2931 856 3010 Correus,
868 2950 961 3016 reque
972 2929 1083 3016 fugam
1098 2943 1196 3014 etque

126 3026 328 3093 deditionem
350 3045 479 3118 turpem
497 3046 603 3112 rstus,
629 3030 804 3094 fortissime
823 3030 960 3117 pruliuri
980 3051 1048 3092 non
1065 3029 1195 3109 omisit,

125 3129 234 3194 donec
248 3131 424 3212 Romanos,
440 3131 497 3218 qui
512 3132 622 3194 virum
633 3154 749 3219 capere
764 3131 963 3211 maluissent,
980 3127 1195 3206 vulnerando,

125 3233 190 3298 tels
210 3233 245 3295 in
268 3255 303 3296 se
326 3232 484 3311 conjicere
504 3233 621 3322 coegit.
646 3235 716 3298 lloc
741 3233 851 3321 prelio
877 3231 1092 3312 debellatum3
1117 3231 1196 3294 mis-

124 3333 221 3420 sique
244 3332 286 3398 ud
311 3335 468 3398 cesarem
489 3349 634 3398 oratores
655 3335 840 3415 civitatum,
863 3332 1011 3414 obsides,
1034 3355 1119 3420 quos
1142 3334 1196 3397 ille

124 3434 355 3520 imperaverat,
367 3431 585 3500 adduxeruut.
601 3435 725 3500 Pacatis
735 3435 890 3500 omnibus
904 3436 991 3517 aliis,
1004 3435 1095 3499 solus
1107 3437 1198 3500 Atre·

125 3535 184 3599 bus
204 3535 336 3600 nonius
352 3559 440 3601 arms
463 3537 640 3618 retinebat,
657 3537 746 3601 nulla
768 3536 937 3602 resistendi
962 3560 1038 3626 spe,
1059 3537 1117 3602 ssd
1139 3536 1198 3601 de·

125 3637 310 3724 speratione
338 3639 472 3721 salutis,
498 3639 574 3726 quia
598 3639 722 3702 nemini
744 3631 779 3704 s'e
808 3641 1032 3702 Romanorum
1055 3637 1197 3702 audebat

124 3753 340 3802 committere.

171 3835 293 3900 XVIII.
309 3837 393 3902 Nam
412 3839 580 3926 superiore
596 3863 684 3904 enno
697 3841 759 3904 sub
776 3841 884 3929 specie
901 3840 1053 3928 coloquii
1071 3840 1194 3928 petitus

125 3934 269 4018 insidiis,
298 3957 431 4004 auctore
456 3941 623 4024 Labieno,
648 3944 784 4006 vulnere
807 3959 940 4032 accepto
962 3942 1016 4005 rix
1040 3958 1193 4008 eraserat.

125 4037 249 4118 Caesar,
264 4061 303 4103 eo
320 4040 406 4105 bello
423 4045 589 4126 confecto,
606 4045 640 4108 in
655 4043 735 4109 lines
750 4045 945 4109 Eburonum
961 4041 1193 4132 proficiscitur,

126 4155 248 4229 eosque
266 4139 487 4208 crudelissime
499 4143 660 4228 devastst3
676 4169 717 4210 eo
726 4146 881 4231 consilio,
898 4161 936 4210 ut
950 4145 1193 4236 Ambiorigem,
