2875 4900
222 395 275 465 IN
304 394 425 464 LOC.
445 396 540 463 tht.
567 394 773 464 LXXXIX
803 396 1014 465 LIVIANI.
1085 400 1150 467 noi

102 518 193 606 phnm
217 515 396 582 decederet.
417 517 501 581 Sane
523 538 596 605 que
618 532 797 604 supersunt
821 517 948 581 Pontici
970 518 1156 586 Memnonis

102 619 247 706 reliquie,
265 617 459 683 confirmato
477 619 569 681 illum
584 618 812 682 Ariobarzanis
830 640 948 706 regno,
967 619 1083 683 urbem
1100 619 1156 684 ad·

40 759 41 808 1
100 742 200 783 versus
213 722 429 808 irruptionem
443 718 641 784 Mithridatis
654 718 854 801 condidisse,
869 718 1021 801 tradunt;
1039 719 1157 786 deinde

100 822 198 885 multis
213 822 442 902 suadentibus,
464 822 608 909 Sinopen
624 843 738 885 versus
759 820 914 902 movisse,
938 824 1042 910 capite
1055 825 1155 912 'regni

100 938 266 1012 occupato,
285 939 431 988 caeteram
453 922 488 985 in
508 936 663 1011 promptu
683 923 852 986 victoriam
870 924 941 987 fore
958 938 1075 987 ratum.
1093 924 1156 988 Sed

100 1021 327 1113 Mithridatem,
343 1022 438 1087 firmo
450 1023 605 1111 imposito
618 1022 785 1110 presidio,
802 1025 909 1111 ipsum
921 1047 997 1089 curn
1012 1026 1156 1099 exercitu

99 1127 265 1190 occurrisse
273 1126 427 1191 Muraenae
438 1148 446 1189 :
458 1126 615 1213 principia
626 1126 828 1214 prosperiora
836 1128 904 1215 regi
914 1126 1027 1211 suisse3
1040 1126 1158 1193 deinde

99 1250 182 1315 equo
201 1245 304 1293 marte
325 1244 453 1318 gestum
471 1227 613 1310 bellum,
636 1227 756 1292 detrito
779 1244 993 1317 utrarumque
1012 1232 1155 1317 partium

100 1328 205 1393 ardore
213 1329 440 1410 consenuisse;
454 1328 678 1394 Mithridatem
688 1327 729 1393 ad
740 1328 860 1393 Phasin
874 1328 1025 1411 llurium,
1040 1332 1158 1397 Murae·

102 1452 168 1493 uam
182 1433 217 1495 iu
233 1432 344 1497 Asiam
358 1430 536 1495 revertisse.
1107 1426 1109 1429 ’

134 1534 251 1598 XVIII.
266 1534 356 1597 Dum
368 1532 454 1627 inter
464 1533 523 1596 has
535 1530 780 1619 triumphorum
792 1554 946 1621 pompas,
958 1534 1054 1597 toties
1064 1550 1157 1621 capta

99 1650 223 1696 suorum
236 1635 335 1697 armis
344 1634 462 1715 Roma,
477 1633 629 1721 gentibus
640 1633 779 1697 externis
793 1633 1158 1721 exprobratvictoriam,

98 1731 127 1793 in
139 1733 240 1798 Africa
252 1735 358 1799 ductu
371 1735 575 1823 imperioque
587 1737 648 1798 Cn.
663 1734 810 1821 Pompeii
823 1736 1060 1822 preclarissime
1071 1754 1159 1825 gesta

99 1836 271 1921 respublica
287 1852 357 1915 est,
379 1857 447 1923 quc
460 1836 532 1913 ille,
551 1835 649 1899 Sullas
659 1835 761 1899 literis
774 1852 806 1899 et
818 1840 1098 1903 senatusconsulto
1115 1862 1164 1905 ac·

99 1937 208 2022 ceptis,
225 1960 266 2000 ex
285 1936 391 2002 Sicilia
405 1936 635 2002 transmiserat.
653 1939 770 2001 Cnaeus
787 1938 875 2001 enim
892 1940 1056 2003 Domitius
1075 1940 1160 2005 lhe-

100 2035 255 2101 ncbarbus
279 2038 480 2125 proscriptus
504 2038 694 2125 (eratenim
715 2039 827 2105 Cinnas
843 2041 964 2128 gener)
984 2062 1100 2131 magna
1115 2043 1160 2107 ibi

100 2154 189 2201 manu
203 2154 334 2219 coacta,
348 2140 539 2227 priusquam
552 2141 654 2229 magis
667 2139 932 2221 confirmaretur,
949 2140 1160 2206 debellandus

100 2255 175 2322 erat,
199 2264 241 2305 ne
266 2264 381 2329 pacem
407 2242 506 2305 Italiae
532 2242 696 2322 turbaret,
716 2242 808 2330 quod
833 2266 872 2306 ex
896 2242 1009 2307 eadem
1029 2244 1162 2332 regione

100 2339 132 2402 C.
142 2342 260 2407 Marius
274 2363 343 2406 non
359 2342 404 2406 ita
418 2342 545 2430 pridem
560 2343 658 2433 longe
674 2342 855 2407 minorihus
869 2344 971 2442 copiis
983 2344 1161 2409 instructus

100 2440 218 2510 fecerat.

137 2546 223 2613 XIX.
241 2548 434 2635 Pompeius,
447 2547 580 2628 relicto,
597 2547 656 2635 qui
668 2546 782 2639 Sicilire
798 2563 966 2634 praeesset,
983 2547 1160 2630 Memmio,

100 2648 209 2711 sororis
224 2671 293 2712 suae
308 2649 399 2731 riro,
418 2669 494 2712 cum
511 2647 648 2712 navibus
664 2648 769 2738 longis
787 2665 920 2712 centum
935 2649 1049 2738 viginti
1064 2651 1161 2730 traje-

101 2744 138 2808 cit
151 2750 275 2837 copias,
294 2751 506 2838 sequentibus
522 2750 678 2814 onerariis
696 2750 910 2839 octingentis,
931 2752 1050 2839 quibus
1071 2775 1161 2816 corn·

100 2865 232 2932 meanis,
249 2873 356 2932 arma,
375 2851 589 2939 pecuniaeque
604 2867 637 2915 et
652 2852 1049 2940 machinae'portahantur.
1067 2853 1162 2916 Parte

101 2949 198 3016 classis
218 2953 321 3017 Uticae
336 2968 470 3042 portum
490 2967 639 3034 tenente,
657 2969 749 3040 parte
766 2954 995 3042 Carthaginem
1009 2955 1161 3040 appulsa,

102 3052 188 3118 timul
203 3054 317 3120 adesse
333 3056 526 3144 Pompeium
544 3055 749 3142 percrebuit,
769 3070 893 3142 septem
910 3052 951 3116 ad
968 3075 1042 3116 eum
1064 3055 1162 3120 millia

102 3151 137 3214 ab
156 3153 306 3220 hostibus
326 3155 533 3220 desciverunt
554 3157 649 3244 :ipse
665 3157 727 3219 sub
744 3155 842 3244 signis
861 3177 914 3218 sex
934 3155 1076 3242 legiones
1093 3158 1162 3244 ple-

103 3273 152 3318 nas
165 3256 315 3323 babebat.
334 3257 398 3322 Sed
420 3257 544 3322 inutilis
562 3259 591 3321 ei
607 3280 666 3345 per
681 3257 807 3344 aliquot
822 3255 891 3320 dies
910 3256 1067 3320 exercitus
1084 3281 1102 3322 a
1118 3261 1163 3323 ri-

103 3349 197 3420 dicula
212 3381 310 3422 causa
326 3357 399 3423 fuit.
417 3359 516 3423 Forte
536 3359 676 3424 militum
694 3357 827 3445 quidam
848 3356 1009 3422 defossam
1027 3360 1104 3424 olim
1127 3363 1161 3426 in

104 3475 173 3542 agro
186 3454 359 3547 pecuniarii
375 3477 581 3548 repererant:
599 3483 635 3524 ea
653 3459 739 3524 fama
759 3483 818 3548 per
840 3476 909 3524 tota
932 3476 1032 3524 castra
1049 3485 1163 3550 perve-

105 3574 207 3642 gante,
222 3583 356 3625 omnem
370 3585 441 3626 earn
455 3563 621 3651 regionem
635 3563 763 3649 plenam
779 3585 849 3628 esse
865 3563 1041 3647 thesauris,
1059 3589 1162 3652 quum

105 3661 211 3742 punica
228 3685 281 3728 res
303 3661 452 3744 floreret,
475 3664 691 3746 absconditis,
712 3663 836 3728 dictum
859 3665 955 3730 simul
976 3667 1074 3754 vulgo
1098 3689 1166 3731 cre-

106 3755 266 3853 ditumque
279 3783 338 3830 est.
353 3765 435 3831 Inde
451 3765 532 3830 nihil
546 3765 672 3830 videres
689 3765 794 3846 aliud,
808 3765 870 3829 nisi
884 3789 992 3854 sparsa
1007 3789 1065 3854 per
1081 3789 1165 3830 cam·

135 3975 240 4038 smt
252 3981 305 4031 Cic.
317 3997 364 4046 pro
374 3982 428 4046 lege
438 3981 525 4030 Manil.
537 3997 592 4046 esp.
606 3983 635 4039 3,
653 3993 678 4030 et
694 3981 772 4030 head.
785 3983 829 4040 tv,
849 3997 872 4030 r.
885 4009 920 4018 -
934 3983 1008 4028 Auct.
1025 3979 1055 4028 de
1064 3981 1116 4028 Vir.
1128 3979 1165 4029 ill.

106 4073 153 4121 “P-
162 4063 201 4119 78.
211 4090 247 4100 -
258 4065 360 4113 Somou.
377 4067 439 4114 Ces.
456 4081 512 4130 cap.
526 4081 552 4113 a.
570 4093 605 4102 -
617 4067 739 4114 Memnon
752 4065 819 4132 apud
831 4065 905 4114 l‘hot.
921 4091 956 4102 -
969 4063 991 4128 S
999 4065 1097 4112 xvtu.
1111 4065 1164 4112 Lis.

109 4138 166 4202 Ipit.
176 4170 210 4182 -
219 4146 283 4196 Plut.
295 4147 322 4195 in
334 4149 422 4212 Pomp.
432 4165 487 4213 cap.
498 4163 537 4208 η.
548 4149 642 4196 -Vsh
652 4151 721 4205 Max,
734 4151 771 4208 ll,
785 4151 809 4198 8.
822 4177 857 4186 -
866 4151 939 4196 Ores.
948 4151 980 4206 V,
994 4155 1036 4204 aa.
