2875 4900
264 394 319 463 ΙΝ
348 394 463 462 LOC.
491 395 587 462 LIB.
614 393 740 462 XCIX
772 393 989 462 lelANI.
1088 393 1156 490 367

134 517 177 580 X.
192 515 325 604 Quippe
336 515 438 578 totius
449 536 542 602 pune
554 529 714 578 terrarum
725 513 814 578 orbis
828 512 1002 602 imperium
1015 516 1074 578 uni
1088 517 1158 580 viro

92 618 314 697 deferebatur,
330 615 421 704 quod
434 616 634 703 adscriptum
646 615 712 703 legi
725 631 808 696 erat,
822 615 873 678 uti
882 627 947 678 toto
961 619 1058 694 moti,
1073 632 1105 680 et
1115 619 1163 682 od

91 720 386 808 quinquagesinum
397 741 421 780 a
429 721 515 782 nron'
522 717 707 783 millt‘an'wn
712 715 970 806 proconsularem
973 731 1162 804 potestatem

92 823 242 900 haberem
261 841 344 908 reges
359 821 563 907 nationesque
581 841 687 884 omnes
705 818 837 884 auxius
847 821 971 906 petenti
982 821 1162 899 mr'ttercnt5

87 925 253 1008 pastuum,
269 932 424 1008 quantum
438 918 552 998 vellet,
571 943 617 984 ex
633 921 761 998 aerurto,
778 933 809 982 et
827 943 848 982 a
861 919 1041 1007 publicanis
1060 943 1160 984 sume·

92 1037 160 1102 ret,·
182 1021 319 1086 mtirbtm
341 1024 556 1109 sociorumque
577 1019 739 1086 navolutm
766 1019 902 1084 delemus
923 1043 980 1084 suc
1003 1022 1161 1086 arbitratu

92 1124 233 1188 taceret
251 1123 355 1210 Igitur
370 1137 458 1185 tanta
478 1122 689 1189 contentione
710 1137 891 1208 pugnatum
909 1138 973 1204 est,
996 1139 1034 1186 ut
1046 1146 1161 1210 parum

93 1227 252 1307 abfrrerit,
268 1227 349 1314 quin
368 1225 526 1290 Gabinius
547 1224 582 1287 in
596 1224 672 1311 ipsa
691 1222 780 1286 curia
801 1222 1046 1309 discerperetur.
1062 1223 1162 1307 Quod

94 1329 152 1392 ubi
169 1328 308 1392 forensis
320 1327 417 1390 turba
431 1326 608 1412 comperit,
621 1325 747 1411 impetu
761 1323 796 1386 in
813 1340 963 1388 senatum
979 1324 1081 1406 facto,
1100 1349 1161 1390 cat·

95 1429 172 1495 teris
189 1430 326 1492 salutem
341 1428 420 1516 fuga
437 1426 641 1508 tutantibus,
660 1427 697 1490 C.
708 1425 861 1490 Pisonem
876 1427 1044 1492 consulem
1059 1428 1162 1492 corri-
1258 1467 1261 1476 ι

95 1531 185 1617 puit,
209 1529 267 1616 qui
290 1528 374 1594 forte
396 1527 431 1591 in
456 1526 665 1592 altercatione
686 1526 845 1613 Pompeio
871 1525 1010 1610 dixerat,
1036 1530 1167 1596 Romuli

94 1642 270 1719 sequentem
286 1631 438 1716 vestigio,
451 1651 521 1692 non
539 1627 753 1716 cffitgr‘turum
766 1627 853 1692 itlius
868 1632 990 1694 auum
1008 1653 1079 1696 esse.

139 1728 728 1817 xr.'renttipericu10-Patres,nam
747 1729 914 1794 consulem
935 1731 1032 1794 exitio
1052 1733 1163 1819 proxi·

97 1853 191 1894 mum
203 1831 258 1894 vix
272 1852 399 1894 serrare
413 1829 571 1896 Gabinius
586 1845 758 1919 potuerat,
774 1830 961 1896 abstinuere
975 1833 1161 1899 contentio-

97 1930 216 2013 nibus3
229 1947 398 2011 ceterum,
411 1953 495 2019 saepe
513 1947 670 2019 usurpato
686 1929 832 1996 remedio
848 1948 961 1997 contra
976 1933 1041 1996 viru
1058 1935 1162 2000 tribu·

97 2032 232 2114 citiam,
252 2055 292 2097 ex
313 2033 450 2122 collegio
472 2033 703 2098 intercessores
726 2049 894 2120 coeperunt
912 2057 1065 2121 quaerere.
1087 2038 1162 2102 Duo

96 2147 226 2196 unnim
240 2133 375 2219 reperti,
386 2133 509 2198 caeteris
520 2150 612 2198 ructu
623 2131 799 2216 deterritis,
810 2134 1044 2217 L.Trebellius,
1058 2137 1094 2200 L.
1101 2139 1165 2201 Ro·

97 2234 194 2298 scius.
215 2234 276 2298 Die
297 2234 504 2299 comitiorum
524 2235 721 2323 Pompeius,
746 2235 927 2324 imperandi
952 2236 1161 2324 cupiditatem

96 2334 172 2402 ficta
183 2334 342 2400 modestia
355 2351 485 2424 tegens,
498 2359 600 2423 quum
619 2337 795 2425 appetitam
810 2353 1003 2424 potestatem
1021 2338 1161 2403 invidio-

96 2461 165 2503 sam
179 2437 268 2521 fore,
285 2454 441 2526 tanquam
460 2439 623 2504 recusanti
636 2439 795 2528 ingestam
813 2438 1073 2505 honestissimam
1094 2464 1163 2505 cer-

98 2556 208 2622 neret,
225 2539 413 2621 hujusmodi
429 2541 610 2605 orationem
626 2562 720 2604 orsus
737 2555 807 2603 est:

142 2642 218 2707 ΧΗ.
234 2642 383 2707 «Gratias
394 2640 544 2728 equidem
556 2664 617 2729 pro
627 2641 856 2707 benevolentia
867 2641 1071 2727 vestravobis
1085 2664 1162 2730 ago,

100 2765 314 2832 asemperque
325 2766 433 2831 agam,
448 2743 609 2824 Quirites,
622 2764 765 2829 quorum
780 2742 814 2807 in
828 2765 880 2807 me
892 2742 1041 2806 ornando
1053 2766 1164 2831 perpe·

99 2860 179 2908 ·tuo
197 2843 357 2908 indefessa
372 2843 479 2908 studia
493 2843 638 2907 fuerunt.
648 2844 808 2930 Caeterum
825 2858 858 2907 et
871 2842 962 2906 vobis
972 2842 1005 2905 in
1017 2843 1162 2906 tribuen-

100 2944 171 3009 «dis
184 2944 368 3008 honoribus
380 2944 605 3032 imperiisque,
624 2959 657 3008 et
673 2943 754 3006 mihi
768 2943 802 3007 in
816 2940 1029 3029 accipiendis,
1044 2942 1162 3007 modus

100 3046 236 3134 -aliquis
248 3068 318 3111 esse
330 3044 437 3110 debet.
449 3045 531 3127 Quae
541 3045 653 3135 populi
669 3042 798 3109 romani
813 3042 974 3131 principes
993 3044 1083 3106 omni
1095 3067 1163 3107 aevo

103 3148 175 3211 «rix
190 3165 266 3236 post
278 3148 409 3237 longam
427 3163 553 3211 oetatem
567 3145 764 3233 consequuti
779 3160 871 3227 sunt,
889 3168 925 3209 ea
942 3145 976 3208 in
993 3166 1044 3209 me
1061 3168 1163 3234 prope

103 3270 283 3335 «puerum,
307 3265 398 3311 certe
419 3247 658 3311 adolescentem
680 3245 896 3337 congessistis.
918 3246 1046 3327 Quibus
1072 3249 1164 3315 annis

103 3348 309 3413 «tirocinium
320 3372 390 3413 esse
400 3348 539 3413 aliorum
554 3347 654 3430 solet,
670 3347 900 3435 imperatorem
914 3368 1008 3436 agere
1019 3364 1165 3431 coactus,

103 3449 173 3513 «rix
189 3472 337 3537 uuquam
357 3465 471 3538 postea
488 3449 701 3536 interquieri‚
721 3471 825 3535 quum
846 3464 972 3513 caeteras
993 3450 1165 3517 continuas

103 3550 344 3639 «expeditiones
358 3552 582 3641 gruussimum
599 3567 632 3614 et
643 3551 840 3615 diuturnum
852 3572 927 3613 cum
941 3551 1084 3615 Sertorio
1099 3553 1167 3617 bel-

104 3652 190 3717 «lum
214 3653 401 3741 excepisset.
424 3654 539 3740 Neque
564 3675 667 3717 annos
689 3675 780 3717 meos
802 3653 1064 3739 computaveritis
1082 3677 1091 3717 z
1107 3656 1165 3717 sti·

104 3752 240 3839 spendia
257 3753 367 3841 potius
389 3770 578 3834 numerate;
598 3770 631 3817 et
651 3776 749 3840 quern
766 3752 959 3841 longissimas
975 3753 1048 3817 ritae
1063 3756 1166 3841 spatio

103 3854 266 3918 «fructum
280 3877 319 3917 ex
330 3854 465 3919 homine
480 3876 608 3943 sperare
620 3853 823 3941 potuissetis,
835 3852 900 3933 jam
915 3874 954 3917 ex
969 3874 1020 3915 me
1034 3869 1164 3940 captum

105 3977 192 4018 «esse
208 3972 367 4043 reputate.

137 4146 152 4209 5
166 4151 199 4196 Χ.
208 4150 273 4221 ¹Veli.
287 4176 319 4187 -
330 4150 439 4215 Appian.
449 4176 484 4187 -
492 4149 556 4197 Plut.
