2875 4900
252 419 309 488 llll
341 415 454 487 LOC.
482 417 578 487 Lis,
604 419 752 488 XCVII
780 419 995 488 LIVIANI.
1092 419 1162 491 313

94 545 263 606 «Romano
285 538 405 619 lueris3
424 538 476 602 siu
494 559 593 620 vero,
614 539 755 603 hostisr·
775 539 970 602 Volentibus
992 561 1069 604 eum
1089 557 1164 628 post

94 646 174 707 banc
187 662 302 704 vocem
315 638 498 704 interlicere
512 641 677 721 Barbaris,
694 639 849 704 laudabili
866 663 946 705 voce
958 639 1162 707 Mithridates

93 743 249 822 occurrit,
269 744 303 804 in
324 745 472 805 struerem
495 765 519 804 a
526 740 671 829 ferr-turra
691 743 874 807 desn'tutam
894 744 1086 810 soevt‘endttm
1103 767 1162 810 ne·

94 869 179 937 gans.

103 955 108 974 ⁶
132 948 209 1012 XX.
232 945 311 1009 Post
333 945 423 1027 haec,
448 967 507 1033 per
531 947 706 1010 continuos
730 946 854 1033 aliquot
879 945 949 1009 dies
969 947 1161 1010 instructam

94 1049 193 1112 aciem
216 1045 421 1110 Mithridates
446 1061 631 1127 ostentare;
655 1047 824 1114 Romanus
847 1047 987 1112 retinere
1008 1069 1104 1130 suos,
1130 1065 1163 1112 et

94 1151 239 1237 equitatu
251 1149 404 1228 inferior,
418 1146 541 1235 campis
554 1147 641 1212 nolle
652 1148 802 1228 credere3
813 1147 920 1212 donec
931 1149 1063 1238 ancipiti
1077 1150 1163 1214 malo

94 1253 350 1314 circumventum
370 1248 448 1337 (qui
459 1271 525 1338 per
539 1249 683 1338 patentia
702 1272 772 1314 non
792 1249 933 1314 audebat
949 1249 1086 1334 ducere,
1101 1253 1164 1315 cir·

93 1352 234 1416 cumitus
244 1373 305 1438 per
314 1367 443 1414 montes
453 1351 571 1440 longus
581 1349 841 1439 actaediipleuus
852 1351 1033 1438 erat)lorte
1043 1351 1163 1440 reperti
1275 1433 1281 1442 ι

93 1469 260 1516 venatores
275 1466 482 1531 recrearunt,
505 1451 585 1514 calle
603 1467 754 1532 ostenso,
771 1472 830 1537 per
847 1473 946 1538 quem
966 1451 1075 1539 copias
1085 1473 1162 1528 suas

94 1577 191 1642 supra
209 1569 309 1641 caput
326 1551 409 1642 regis
430 1553 464 1614 in
484 1552 594 1616 locum
615 1552 660 1616 ita
679 1567 905 1639 comparatum
922 1550 1032 1633 duxit,
1048 1569 1086 1616 ut
1104 1574 1162 1641 pu-

94 1677 192 1744 gnare
204 1655 327 1723 volenti
339 1655 480 1742 spatium
493 1675 561 1718 nou
576 1651 719 1735 deesset,
735 1652 881 1740 praelium
897 1651 1080 1717 detrectans
1090 1653 1163 1742 cogi

96 1756 254 1843 nequiret.

135 1857 229 1920 XXI.
264 1857 377 1939 Quum
401 1872 518 1920 neuter
540 1855 679 1921 alterum
702 1855 824 1920 adoriri
846 1853 1061 1936 decrevisset,
1084 1877 1162 1920 casu

96 1975 297 2023 contractum
318 1973 481 2023 certamen
501 1974 568 2040 est,
596 1959 672 2045 quia
697 1957 969 2046 persequentibus
986 1958 1071 2020 sorte
1087 1977 1159 2020 cen

95 2083 170 2123 nrm
185 2061 300 2149 regiis,
319 2059 458 2122 Romani
478 2058 612 2147 quidam
628 2075 852 2140 occurrerant;
864 2058 1013 2146 pluribus
1025 2054 1161 2138 deinde,

95 2178 131 2225 ut
149 2160 203 2237 lit,
222 2161 302 2223 hine
320 2158 399 2223 inde
416 2161 611 2250 aggregatis,
630 2159 704 2223 loco
719 2159 805 2246 pulsi
821 2158 960 2222 Romani
973 2173 1060 2222 sunt.
1085 2160 1164 2222 Haec

96 2263 290 2352 ignominia,
304 2286 344 2326 ex
358 2263 526 2352 superiore
539 2263 613 2325 loco
630 2278 821 2348 conspecta,
838 2261 917 2325 ira'm
933 2260 1037 2324 movit
1052 2259 1162 2322 militi·

95 2363 171 2446 bus,
196 2365 395 2454 signumque
411 2385 531 2453 pugnae
555 2361 715 2426 continuo
734 2377 964 2451 poposcerunt.
990 2361 1162 2441 Lucullus,

96 2468 261 2553 quiescere
280 2464 395 2547 jussis,
417 2480 457 2529 ut
476 2464 626 2547 doceret,
650 2480 810 2552 quantum
834 2465 868 2527 in
892 2464 1061 2553 praesentia
1080 2463 1160 2527 boni

96 2567 298 2655 imperatoris
309 2581 411 2647 esset,
425 2588 501 2630 cum
517 2567 629 2653 paucis
644 2564 830 2648 descendit,
848 2566 1026 2655 primisque
1040 2566 1164 2655 fugien-

97 2671 191 2749 tium,
204 2684 242 2732 ut
255 2669 484 2748 consisterent,
498 2666 698 2731 occlamarit.

135 2772 246 2835 xxti.
264 2770 377 2853 Quum
394 2768 440 2832 illi
456 2768 656 2857 paruissent,
672 2782 705 2832 et
722 2766 861 2855 proximi
878 2766 1000 2854 quique
1018 2763 1161 2830 aelidem
1252 2838 1254 2842 ¹

96 2871 268 2961 imperium
284 2873 535 2958 exemplumque
549 2869 716 2934 firmarent
731 2868 868 2956 pedem,
882 2868 981 2957 globo
998 2867 1082 2930 facto
1099 2865 1163 2929 dis·

94 2974 166 3052 jecit
176 2976 305 3054 hostes,
323 2973 493 3060 victorque
510 2971 553 3035 ad
569 2993 648 3035 suos
660 2970 774 3051 rediit;
790 2969 908 3034 deinde
926 2991 987 3056 pro
1001 2968 1161 3032 concione

97 3075 286 3163 increpitos,
300 3074 358 3162 qui
373 3073 542 3162 fugerant,
559 3072 593 3134 in
610 3087 790 3160 conspectu
807 3070 907 3133 totius
923 3070 1084 3133 exereitus
1096 3068 1163 3133 los-

97 3199 160 3241 sam
179 3176 354 3241 duodecim
374 3175 498 3264 pedum
517 3174 692 3239 discinctos
710 3170 824 3236 fodere
841 3170 958 3259 coegit.
982 3169 1047 3234 Sed
1065 3170 1162 3259 longe

97 3278 196 3357 majus
206 3278 432 3363 occultiusque
448 3274 630 3363 periculum
641 3323 651 3355 ,
663 3274 727 3338 sub
741 3272 874 3337 eosdem
888 3272 974 3352 dies,
991 3268 1082 3359 quod
1097 3270 1163 3335 ris*-

96 3393 162 3443 tute
178 3379 322 3443 amoveri
339 3378 512 3466 nequibat,
532 3400 610 3441 casu
626 3374 716 3440 idem
731 3374 888 3438 Lucullus
907 3372 1031 3460 effugit.
1048 3371 1162 3434 Oltha·

36 3492 42 3505 ⁴
97 3502 151 3545 cus
172 3479 324 3569 quidam,
341 3502 381 3543 ex
399 3478 632 3543 Dardanorum
653 3477 803 3541 moeotica
819 3490 933 3565 gente,
948 3497 1052 3563 quum
1072 3473 1161 3561 apud

96 3580 315 3645 Mithridatem
339 3579 382 3644 de
401 3580 503 3669 gloria
520 3595 553 3643 et
574 3579 714 3667 praemiis
736 3578 865 3641 virtutis
889 3598 974 3664 saepe
996 3598 1073 3639 cum
1095 3576 1164 3639 aliis

97 3683 211 3770 regulis
227 3681 452 3771 disceptasset,
469 3697 508 3744 ut
520 3704 555 3745 se
568 3680 725 3744 omnibus
741 3678 928 3743 ostenderet
941 3678 1161 3765 superiorem,

97 3781 218 3846 Luculli
237 3783 344 3870 capite
362 3783 430 3872 regi
450 3783 630 3871 promisso,
648 3781 756 3869 specie
778 3782 952 3869 transfugae
970 3780 1005 3841 in
1027 3799 1161 3841 romana

99 3900 196 3947 castra
211 3900 416 3975 pervenerat.

140 3984 442 4066 xxttthdeintte,
451 4006 555 4071 quum
563 3982 792 4072 frequentibus
801 3980 1047 4048 excursionibus
1056 4000 1166 4067 prom·

134 4177 231 4241 sm.
242 4182 307 4231 etus
319 4208 354 4219 -
367 4182 541 4233 Memnon·
552 4179 661 4245 Appias.
675 4208 710 4219 -
722 4177 738 4244 S
754 4180 813 4231 XX.
822 4177 930 4241 Appon.
941 4202 976 4213 -
989 4174 1055 4225 Plus.
