2875 4900
281 374 352 461 436.
455 381 522 445 JO.
549 378 892 448 FRElNSHEMll
924 382 1171 449 SUPPLElll.

279 500 377 587 paulo
388 516 462 563 ante
476 498 621 563 dirutum
636 500 677 563 ab
691 501 769 587 ipsis
785 503 907 582 luerat,
921 502 1130 583 instauravit,
1143 503 1178 565 in
1192 504 1332 566 Demetrii
1397 523 1398 534 ¹

278 602 411 689 gratiam
437 601 542 664 liberti
565 602 636 681 sui3
659 602 753 681 cujus
774 619 863 666 tanta
884 620 953 667 erat
967 604 1112 690 potentia
1129 604 1218 691 apud
1236 620 1333 691 patro·

278 726 379 786 num,
395 719 450 785 ut,
467 727 551 791 saepe
571 704 613 767 ad
633 706 785 768 convivas
804 704 1011 792 excipiendos
1031 704 1231 769 discurrente
1246 706 1334 768 Pom·

277 806 373 891 peio,
394 806 463 893 ipse
485 805 674 869 accubuisse
697 822 909 870 memoretur.
935 806 1032 869 Unde
1053 821 1087 869 et
1107 806 1196 895 apud
1217 807 1291 871 alios
1309 808 1335 869 ei

277 905 359 971 adeo
381 908 501 970 nimius
525 907 652 986 honor,
678 923 734 987 ut,
757 924 918 994 quantum
939 909 1098 972 Catonem
1121 910 1265 996 accipere
1281 932 1337 996 pu·

278 1007 417 1087 duisset,
435 1008 536 1070 homo
556 1006 729 1071 libertinus
746 1007 940 1073 admitteret
957 1010 1078 1089 Aiunt,
1099 1032 1159 1096 per
1168 1010 1336 1074 absentiam

156 1122 158 1127 '
277 1109 425 1197 Pompeii
449 1110 607 1171 Catonem
637 1109 678 1173 ad
711 1111 918 1174 Antiochiam
947 1110 1114 1175 visendam
1142 1112 1336 1197 profectum,

278 1234 381 1297 quum
399 1225 474 1273 ante
490 1227 617 1297 portam
638 1212 785 1274 virorum
803 1234 918 1300 agmen
941 1234 1017 1275 cum
1035 1212 1179 1287 vestibus
1199 1213 1296 1293 albis,
1311 1228 1338 1275 et

276 1312 513 1398 propterviam
533 1312 611 1375 hinc
629 1311 763 1399 quidem
785 1312 933 1395 adultos,
956 1313 1033 1377 inde
1056 1313 1245 1402 impuberes
1264 1331 1337 1378 stare

276 1412 427 1493 vidisset,
440 1412 567 1475 honore
579 1413 681 1477 nimio
693 1414 857 1477 offensum
872 1414 1006 1503 coepisse
1017 1415 1230 1479 stomachari:
1243 1438 1335 1502 quum

276 1513 443 1577 accesserit
456 1512 497 1575 ad
511 1536 586 1576 eum
601 1512 666 1577 dux
685 1537 832 1603 pompae,
849 1532 1024 1579 coronatus
1037 1531 1070 1580 et
1082 1516 1206 1603 virgam
1218 1533 1336 1594 tenens,

277 1616 492 1703 interrogans,
502 1644 515 1667 «
527 1613 584 1677 ubi
595 1616 799 1679 Demetrium
806 1616 1014 1702 reliquissent
1023 1616 1038 1678 Ρ
1048 1631 1081 1679 et
1088 1638 1174 1679 anne
1186 1618 1252 1680 cito
1264 1632 1336 1680 esset

276 1717 461 1780 «affuturus
472 1715 506 1779 ἓν
524 1715 569 1779 ibi
585 1717 695 1780 amicis
707 1717 841 1780 Catonis
852 1717 956 1780 effuse
966 1716 1168 1796 ridentibus,
1186 1720 1335 1781 Catonem

276 1817 347 1881 baec
364 1832 489 1879 tanturn
505 1816 662 1897 effatum,
680 1818 734 1881 «O
752 1819 901 1881 miseram
919 1819 1099 1882 civitatem!
1110 1848 1123 1873 n
1141 1841 1204 1882 nec
1221 1818 1283 1883 alio
1294 1842 1337 1881 re·

279 1940 400 2006 sponso
413 1918 507 1998 dato,
518 1918 719 2005 praeteriisse.

322 2020 438 2083 LXIX.
463 2022 570 2106 Atque
584 2020 647 2082 hoc
664 2018 750 2083 idem
765 2036 857 2083 tanto
873 2036 947 2108 post
963 2038 1109 2110 tempore
1126 2022 1272 2086 Julianus
1283 2022 1338 2085 int·

277 2137 406 2209 perator
430 2120 699 2183 Antiochensium
724 2122 862 2208 posteris
884 2122 1013 2201 objecit
1039 2123 1145 2201 Hujus
1165 2124 1264 2212 igitur
1280 2124 1338 2186 De·

279 2222 383 2285 metrii
401 2221 537 2309 patriam
560 2221 693 2285 liberam
714 2245 785 2285 esse
803 2222 899 2301 jussit
922 2223 1118 2311 Pompeius3
1143 2240 1175 2285 et
1194 2241 1338 2312 praeterea

277 2325 310 2385 in
341 2322 581 2385 mediterraneis
607 2323 769 2410 Hippam,
795 2324 1029 2411 Scythopolin,
1057 2324 1198 2401 Pellam,
1224 2328 1339 2406 Dium,

278 2424 472 2503 Samariam,
491 2418 725 2512 Marissamque
743 2439 776 2488 et
788 2425 949 2503 Azotum,
970 2441 1004 2489 et
1025 2425 1199 2506 Jamuiam,
1220 2442 1252 2491 et
1266 2431 1340 2492 Are·

277 2528 407 2590 thusam
424 2525 669 2612 Sampsicerami
687 2525 832 2590 Arabum
850 2526 1019 2615 phylarcbi
1034 2528 1220 2609 castellum,
1233 2528 1341 2616 priori·

278 2629 339 2691 bus
366 2626 546 2691 cultoribus
571 2627 741 2691 restituit:
764 2626 805 2691 ad
827 2649 916 2691 mare
938 2650 1017 2692 vero
1036 2629 1175 2711 Gazam,
1200 2632 1341 2718 Joppen,

279 2730 385 2808 Dora,
404 2727 631 2814 Stratonisque
652 2728 789 2808 turrim,
809 2749 883 2814 quae
905 2745 980 2816 post
995 2728 1138 2794 Caesam
1150 2730 1234 2812 luit,
1254 2747 1343 2819 pote·
1397 2752 1398 2763 ²

278 2845 359 2894 state
374 2826 560 2892 ludaeorum
574 2827 722 2891 liberatas
733 2828 800 2892 suis
813 2829 940 2917 legibus
948 2828 1100 2895 reddidit.
1110 2832 1168 2895 rtis
1178 2833 1222 2895 ita
1231 2835 1340 2921 gestis,

194 2973 202 2991 .
278 2931 323 2994 M.
341 2930 463 2995 Scauro
481 2929 633 3016 quaestori
649 2949 711 2993 suo
727 2929 809 2992 duas
826 2930 970 3016 legiones
983 2931 1133 3018 reliquit,
1150 2949 1190 2995 ut
1203 2934 1341 3021 Syriam,
1397 2932 1398 2943 ¹

278 3055 341 3120 qua
361 3031 523 3120 AEgypto,
548 3045 580 3094 et
599 3029 766 3117 Euphrate
785 3031 997 3113 terminatur,
1017 3032 1200 3115 obtineret3
1225 3036 1340 3123 ipsein

278 3133 424 3202 Ciliciam
450 3131 617 3211 discessit,
646 3131 793 3194 vinctum
821 3129 989 3195 abducens
1014 3133 1239 3198 Aristobulum
1271 3160 1341 3200 cum

278 3235 410 3299 duobus
423 3233 512 3313 liliis,
530 3231 722 3318 filiabusque
733 3230 870 3295 totidem
881 3255 891 3311 ς
907 3253 1049 3318 quorum
1063 3257 1083 3296 e
1095 3256 1236 3299 numero
1249 3236 1343 3324 paulo

277 3352 351 3425 post
366 3334 469 3414 major
483 3335 619 3397 fratrum
636 3331 835 3412 Alexander,
855 3333 890 3394 in
909 3330 1025 3397 itinere
1041 3356 1157 3421 parum
1174 3334 1344 3426 diligenter

276 3452 474 3516 asservatus,
491 3435 616 3524 effugit.
1213 3437 1221 3442 '

321 3537 419 3602 Lxx.
443 3535 628 3601 Festinabat
655 3535 742 3599 enim
769 3533 968 3622 Pompeius,
998 3550 1055 3613 ut,
1080 3534 1178 3598 rebus
1203 3537 1343 3600 Orientis

275 3637 480 3717 constimtis,
497 3637 632 3699 Romam
650 3649 840 3700 recurreret.
864 3633 990 3698 Idcirco
1015 3635 1162 3700 celeriter
1182 3653 1343 3724 pertrans·

277 3739 327 3803 itis
344 3761 417 3826 quae
433 3736 576 3800 Ciliciam
593 3751 625 3798 et
641 3735 786 3798 Pontum
801 3734 1011 3816 interjacent,
1029 3737 1227 3823 provinciis,
1243 3761 1344 3827 quum

274 3839 419 3903 Amisum
436 3836 596 3924 venisset,
618 3835 724 3923 regios
740 3835 785 3899 ibi
802 3835 942 3916 liberos,
960 3837 1016 3923 qui
1034 3837 1118 3924 capti
1136 3839 1261 3903 interea
1276 3841 1344 3904 lue·

309 4043 324 4118 s
341 4045 458 4094 amn.
471 4043 537 4092 Plnt.
551 4042 577 4090 in
592 4045 679 4106 Pomp.
696 4057 751 4107 cap.
765 4043 816 4099 66,
827 4053 853 4090 at
867 4043 895 4090 in
906 4042 961 4092 Cat.
974 4043 1035 4093 mim
1048 4059 1104 4108 cap.
1119 4059 1208 4104 17.»
1224 4043 1240 4108 §
1253 4048 1342 4096 Lxrx.

271 4128 362 4178 Julian.
373 4127 532 4192 Misopogon.
541 4153 576 4164 -
584 4126 687 4190 Joseph.
695 4153 730 4163 -
741 4125 821 4174 Strab.
832 4125 877 4174 lib.
889 4127 965 4188 XVI,
975 4144 1001 4192 p.
1014 4129 1072 4188 753.
1083 4155 1119 4166 -
1130 4129 1239 4194 Appian.
1249 4131 1340 4194 Syriae.
