2875 4900
288 375 358 472 718
454 377 525 444 lO.
552 375 899 444 FREINSHEMII
928 375 1177 444 SUPPLEM.

284 499 346 563 illis
361 497 437 564 litus
454 495 698 576 obtinentibus,
712 496 783 576 ejus
798 496 846 560 rei
864 495 1000 562 incultas
1014 495 1203 584 inciderat),
1216 497 1251 562 in
1266 521 1351 587 spem

284 623 355 665 cam
370 614 546 679 venerant,
568 597 691 686 aliquid
714 596 758 660 sd
777 596 988 662 concordiam
1007 595 1123 685 profici
1144 619 1262 685 posse,
1281 601 1351 688 qui:

282 702 469 791 pompeiani
482 700 601 782 duces,
619 719 741 787 cupere
755 721 834 763 cunr
850 701 975 767 Cnure
993 699 1104 787 lepti,
1121 699 1282 765 ducunt„

326 805 399 868 XV.
426 802 552 866 Idcirco
575 805 696 882 Caesar,
719 821 824 887 quum
846 803 933 870 forte
955 823 1033 866 cum
1057 823 1125 866 uun
1148 804 1277 892 legione
1291 805 1350 868 Bu·

282 906 432 970 throtum
448 905 631 991 profectus,
649 901 758 965 literas
774 902 956 990 legatorum
972 902 1165 990 accepisset,
1183 905 1293 968 statim
1309 928 1352 969 re·

281 1009 384 1072 currit
411 1005 558 1070 Oricum.
581 1002 646 1068 Sed
667 1026 772 1091 quum
798 1025 907 1091 neque
928 1005 1064 1072 bibulus
1088 1005 1131 1070 ad
1154 1006 1350 1094 colloquium

280 1107 507 1198 processisset,
524 1119 557 1169 ct
571 1105 654 1168 Libo
670 1105 871 1193 legatorum,
889 1127 974 1194 quos
985 1108 1090 1175 Cursor
1105 1105 1148 1172 ad
1160 1107 1349 1196 Pompeium

281 1211 409 1274 mittere
433 1207 601 1296 cupiebat,
627 1222 780 1294 praestare
800 1208 984 1294 penneltun
1009 1209 1129 1291 nollct3
1150 1231 1193 1274 ne
1208 1209 1350 1275 inducias

258 1312 412 1400 ,quidem
438 1307 618 1373 concedere
641 1307 765 1389 voluit,
792 1308 876 1372 nihil
896 1309 986 1376 aliud
1009 1310 1051 1374 ab
1077 1311 1229 1378 hostibus
1253 1313 1349 1400 quari

278 1413 437 1492 sentiens,
453 1431 550 1499 quam
564 1425 604 1474 ut
616 1431 717 1497 equa,
732 1408 899 1496 rebusque
908 1410 995 1493 aliis,
1011 1410 1132 1497 quibus
1143 1410 1348 1500 indigebant,

278 1513 483 1579 induciarum
515 1513 681 1592 obtentu,
711 1511 847 1575 chssem
872 1509 1054 1579 reficerent.
1083 1513 1168 1578 Nam
1197 1513 1287 1578 situs
1308 1514 1349 1576 illi

277 1637 390 1698 mare,
416 1615 461 1679 ita
485 1631 605 1678 terrem
630 1613 664 1676 in
693 1628 856 1700 potestate
882 1613 1172 1694 coniunctas,
1202 1615 1349 1680 stationi·

276 1719 404 1806 busque
420 1739 479 1807 per
499 1716 595 1780 litora
613 1713 795 1804 dispositis,
818 1735 887 1778 non
906 1714 1069 1802 aquandi,
1092 1737 1162 1780 non
1187 1715 1348 1804 lignandi,

276 1843 318 1883 ne
336 1817 492 1908 religandi
507 1817 640 1906 quidem
655 1837 753 1882 nares
765 1815 951 1882 fucultatem
964 1815 1072 1882 debat.
1089 1815 1187 1882 Unde
1196 1833 1233 1881 et
1244 1818 1349 1882 Mus

273 1921 390 2003 buius,
409 1941 512 2009 quum
529 1921 563 1984 in
580 1941 711 1983 summo
726 1918 850 2006 frigore
867 1934 903 1982 et
917 1918 1028 2006 inopis
1043 1939 1104 2007 per
1120 1917 1247 1990 multos
1261 1918 1346 1998 dics,

271 2046 459 2112 quanquam
478 2043 616 2109 corpore
633 2041 738 2108 oeger,
754 2018 921 2084 discedere
939 2042 979 2084 cs
993 2020 1130 2085 navibus
1152 2019 1274 2101 nollet,
1291 2043 1346 2084 ne·

271 2147 337 2213 que
360 2126 405 2188 ibi
427 2124 532 2188 curari
552 2137 679 2210 posset,
702 2137 802 2185 aucto
827 2121 945 2186 morbo
966 2119 1055 2186 diem
1077 2143 1176 2188 suum
1193 2119 1290 2195 obiit,
1308 2122 1346 2184 In
1408 2194 1409 2217 χ

272 2225 340 2306 ejus
357 2226 467 2292 locum
488 2223 646 2288 suffectus
663 2237 712 2286 est
728 2244 844 2301 nem03
860 2221 918 2288 sed
937 2222 1075 2310 singulis
1090 2221 1249 2287 classibus
1265 2245 1345 2311 pre·

270 2329 386 2418 positi,
406 2351 467 2392 suo
482 2347 535 2390 eas
552 2324 686 2388 arbitrio
701 2323 871 2412 regebant.

315 2429 404 2495 XVI.
428 2429 556 2493 Interea
578 2427 613 2490 L.
632 2424 815 2507 Vibullius,
835 2423 895 2511 qui
915 2421 1221 2491 subducentis
1243 2445 1342 2513 espo-

270 2532 370 2599 nendi
393 2532 497 2595 otium
514 2526 665 2609 nondum
684 2527 792 2592 fuerat
814 2542 946 2605 noctus,
968 2548 1046 2589 cum
1071 2523 1230 2611 Pompeio
1250 2547 1343 2613 agere

267 2633 419 2698 instituit.
437 2622 480 2696 A‘t
498 2630 551 2694 ille
567 2628 760 2709 interfatus,
780 2626 895 2709 «Quid
913 2626 1014 2706 mibi,
1036 2626 1160 2712 inquit,
1181 2642 1241 2691 aut
1260 2627 1341 2706 vita,

266 2750 345 2800 «aut
360 2736 487 2799 civitate
508 2754 592 2819 opus
613 2745 681 2810 est,
705 2752 805 2817 quam
822 2726 982 2793 beneficio
1001 2726 1136 2791 Csesaris
1154 2726 1280 2794 babere
1295 2727 1341 2789 vi·

266 2834 413 2901 «deborf
425 2833 518 2913 cujus
531 2832 578 2895 rei
592 2830 704 2919 opinio
718 2829 790 2895 tolli
802 2852 871 2895 nou
881 2828 1021 2917 poterit,
1031 2850 1138 2915 quum
1149 2828 1186 2891 in
1199 2827 1340 2907 lutiam,

265 2970 278 2995 a
289 2962 329 3003 cx
347 2960 411 3027 qua
427 2934 592 3025 profectus
613 2948 705 3013 sunt,
726 2930 883 2996 reductus
900 2929 1143 2995 existimabor».
1160 2928 1253 2993 netto
1269 2952 1340 3017 per·

267 3042 370 3122 fecto,
395 3042 499 3103 Cesar
521 3036 591 3099 haec
612 3033 699 3097 dicta
720 3032 876 3121 cognovit
889 3031 932 3097 ab
949 3030 1008 3110 iis,
1026 3028 1085 3117 qui
1099 3029 1338 3095 interfuerant:

265 3142 488 3208 interfuerunt
501 3154 609 3202 autem
622 3136 813 3201 Scribonius
826 3134 928 3213 Libo,
949 3134 985 3198 L.
1002 3132 1183 3213 Lucceius,
1209 3148 1245 3197 et
1262 3132 1339 3197 scri·

231 3304 236 3316 .
264 3264 341 3336 ptor
351 3235 1008 3325 historiarumTheopbsnes,quibuscutu
1018 3255 1070 3297 res
1080 3232 1338 3303 maximascom·

263 3348 430 3411 municare
451 3338 627 3430 Pompeius
642 3354 865 3403 consueverat.
886 3335 953 3401 Sed
970 3352 1043 3401 tum
1063 3334 1241 3399 etiamalio
1259 3334 1336 3399 faci·

263 3470 344 3513 nore
362 3442 553 3533 Pompeiani
575 3440 819 3505 declaraverunt
832 3460 1010 3503 aversante
1027 3458 1108 3524 pace
1122 3436 1335 3501 voluntatem.

263 3549 385 3615 Crebra
409 3546 496 3608 inter
521 3544 639 3607 milites
663 3541 821 3628 utrinque
847 3539 1011 3627 colloquia
1038 3536 1178 3618 fiebant,
1204 3537 1334 3601 modico

261 3648 469 3719 interfluente
486 3668 582 3709 amne
596 3656 658 3708 :eo
670 3644 706 3708 P.
719 3643 888 3707 Vatinium
900 3640 1001 3705 mittit
1014 3640 1135 3720 (iesu,
1147 3640 1206 3727 qui
1218 3661 1335 3728 magna

261 3776 341 3821 voce
364 3750 479 3840 saepius
500 3747 736 3836 proclamaret,
760 3744 905 3809 laberetur
925 3740 1040 3807 civbus
1058 3740 1107 3803 nd
1121 3742 1201 3803 cives
1216 3738 1334 3826 &gatos

260 3858 299 3922 de
310 3878 391 3947 pace
409 3855 543 3929 inirem,
565 3846 656 3937 quod
661 3846 868 3936 pradonibus
885 3842 1078 3930 etfugits'vs's
1094 3840 1257 3907 ἰιὶιιιζςεαὲ
1272 3842 1332 3903 lle·

261 3980 419 4048 sponsum
439 3970 487 4017 est
505 3950 547 4016 ab
567 3951 667 4014 altera
686 3966 796 4037 parte,
813 3950 854 4011 A.
877 3948 1054 4009 Varronem
1073 3958 1200 4032 postero
1218 3943 1272 4006 die
1288 3940 1335 4005 nd

294 4164 392 4231 §XIV
407 4161 465 4208 Diu.
478 4186 512 4199 -·-
523 4160 585 4207 Ctes.
