2875 4900
320 396 1363 419 mmmmmmmmmmmnwwmmmmmmu

461 608 746 696 ioannis
781 564 1232 699 Fuut'usuauu

368 861 1329 1051 surrentinus-ouum

540 1164 1158 1290 Lrvrnnonuu
1398 1130 1401 1140 ’

685 1442 865 1521 LIBER
901 1444 996 1521 LVI

502 1643 876 1727 intercurrerunt
902 1668 980 1724 xci
1008 1668 1193 1725 Liviam.

648 1921 1038 1955 ...ω-θος»...-

719 2152 961 2221 ΕΡΙΤΟΜΕ

532 2319 662 2375 uruat
686 2319 992 2376 noussesrur
1016 2324 1162 2379 parur.

316 2459 366 2510 Cn.
377 2457 519 2529 Pompeius
528 2495 536 2520 ,
546 2475 630 2527 quum
639 2455 728 2510 adhuc
737 2475 817 2528 eques
826 2469 908 2520 esset,
918 2477 978 2510 eum
988 2458 1099 2530 imperio
1109 2461 1248 2514 consulari
1259 2463 1378 2516 adversus

345 2540 490 2594 &morium
501 2540 596 2592 missus
605 2552 654 2592 est.
668 2540 799 2595 Sertorius
809 2541 908 2613 aliquot
919 2543 996 2596 urbes
1007 2545 1169 2614 expugnavit
1175 2583 1184 2610 ,
1199 2546 1376 2618 plurimasque

346 2623 466 2676 civitates
479 2623 506 2675 in
519 2635 672 2694 potestatem
690 2641 765 2676 suam
778 2621 888 2695 redegit.
906 2626 955 2696 Ap.
970 2626 1096 2679 Claudius
1107 2631 1255 2696 proconsul
1265 2629 1378 2680 Thracas

345 2705 463 2776 pluribus
472 2704 568 2774 pnliis
577 2705 649 2759 vicit.
660 2706 695 2770 Q.
704 2706 824 2759 Metellus
834 2709 973 2778 proconsul
985 2712 1016 2762 L.
1026 2709 1212 2776 Herculeium,
1223 2723 1376 2784 quaestorem

344 2788 467 2853 Sertorii,
477 2808 539 2843 eum
550 2790 665 2900 exerqitu
677 2789 781 2842 cecidit.

208 2998 213 3002 “
310 2987 337 3048 l.
357 2943 663 3048 Transanrssus
686 2984 720 3046 in
744 2984 930 3072 Hispaniam
952 2983 1134 3072 Perperna,
1160 2989 1379 3075 quemadmo-

191 3167 195 3173 ,
309 3087 388 3151 dum
412 3082 580 3175 superiore
598 3087 683 3151 libro
701 3085 919 3166 ostendimus,
941 3107 1052 3149 curam
1074 3105 1206 3152 senatus
1234 3090 1379 3178 duplica·

309 3204 416 3269 verat,
433 3189 515 3252 nihil
532 3211 623 3275 aeque
642 3187 835 3268 metuentis,
853 3207 968 3273 quam,
987 3207 1028 3249 ne
1046 3203 1160 3251 auctus
1178 3212 1275 3252 novo
1292 3212 1381 3252 exer-

310 3290 378 3352 citu
391 3289 553 3352 Sertorius
567 3289 601 3351 in
614 3289 736 3352 Italiam
750 3302 963 3350 reverteretur
978 3308 986 3348 :
1001 3286 1150 3350 Metellus
1167 3289 1283 3368 enim,
1303 3291 1380 3350 fessa

306 3392 372 3471 jam
384 3405 492 3468 astate,
507 3405 540 3452 et
553 3389 690 3452 statariis
704 3388 821 3475 pugnis
836 3385 1032 3451 assuefactus
1046 3386 1264 3450 velocissimae
1281 3389 1383 3450 virtu-

309 3491 348 3552 tis
361 3488 449 3552 hosti
462 3511 577 3576 parum
588 3489 764 3552 resistebat.
777 3484 972 3550 Idcirco'Cn.
981 3487 1172 3574 Pompeius,
1186 3489 1252 3574 qui
1265 3510 1382 3576 nuper,

308 3605 436 3676 recepta
451 3589 550 3653 Gallia
567 3589 745 3674 Cisalpina,
763 3609 948 3674 quanquam
964 3585 1098 3666 jubente
1117 3590 1260 3672 Catulo,
1276 3590 1385 3678 copias

308 3712 375 3754 non
392 3687 575 3768 dimiserat,
595 3689 733 3777 cupidus
748 3688 960 3775 hispaniensis
980 3688 1073 3768 beili,
1090 3705 1127 3751 ut
1146 3687 1187 3752 ad
1211 3713 1320 3778 opem
1338 3689 1354 3754 s
1371 3725 1385 3738 ·

307 3788 442 3853 rendam
467 3788 599 3852 Metello
623 3789 824 3869 mitteretur,
850 3787 891 3852 ad
912 3789 1036 3851 Urbem
1059 3789 1224 3871 haerebat,
1253 3815 1388 3878 semper

307 3893 414 3978 aliqua
437 3906 563 3977 reperta
586 3911 697 3968 musa,
717 3911 776 3951 eur
798 3889 975 3952 exercitum
998 3889 1059 3952 sub
1084 3889 1182 3977 signis
1208 3893 1386 3956 retineret.

308 3995 422 4080 Neque
445 3990 535 4055 aliud
559 3990 593 4052 in
617 4005 771 4077 promptu
792 3989 977 4078 praesidium
1001 4005 1088 4070 erat,
1115 4012 1229 4076 neque
1258 3991 1388 4056 ducum

307 4094 498 4180 qnisquam,
511 4091 569 4178 qui
586 4091 765 4155 sertoriano
778 4091 879 4178 vigori
896 4091 1014 4154 rectius
1030 4106 1273 4178 opponeretur.
1300 4093 1390 4181 Ergo
