2875 4900
224 348 279 417 IN
309 346 424 417 LOC.
451 346 545 416 LIB.
573 347 759 415 LXXXII
787 346 1003 419 LIVIANI.
1084 351 1150 423 103

84 466 282 556 fugientibus
298 488 456 531 romanus
472 465 563 531 miles
579 468 713 555 irrupit,
730 468 898 556 captisque
911 470 1039 552 castris,
1051 471 1152 537 victo·

83 591 159 640 rum
177 583 427 631 consummavit.

125 668 245 731 XVlll.
263 666 416 731 llostiurn
432 690 470 732 ea
485 666 539 733 die
555 685 689 734 centum
703 669 803 735 millia
818 692 898 734 ma
913 671 1152 760 perhibentur;

84 792 149 832 non
164 790 264 856 supra
278 766 391 833 decem
408 769 507 833 millia
525 793 602 835 curn
615 771 774 836 Archelao
789 772 976 837 Chalcidem
998 776 1153 863 perfuge-

85 884 178 934 runt:
191 892 300 957 neque
315 884 404 934 tanta
418 869 459 943 de
474 871 658 959 asperrimis
671 872 825 961 gentibus
840 874 976 939 victoria
989 876 1063 963 plus
1073 874 1155 941 duo·

86 970 189 1035 decim
197 971 352 1035 Romanis
367 970 516 1054 abstulit,
531 972 559 1037 si
571 971 706 1059 quidem
720 974 969 1039 Commentariis
978 976 1074 1041 Sullae
1086 998 1154 1039 cre·

86 1070 191 1135 dimus
206 1094 214 1135 ε
232 1070 481 1159 quatuordeeim
500 1070 699 1137 desideratos
714 1074 816 1139 fuisse
834 1076 964 1157 scribit3
979 1076 1037 1141 sed
1055 1098 1154 1141 exeo

84 1194 221 1235 nurnero
245 1171 328 1237 duos
350 1172 412 1239 sub
432 1194 598 1263 vesperam
617 1175 798 1240 revertisse.
815 1176 869 1241 Ob
892 1177 991 1257 hujus
1008 1179 1153 1245 victoria

84 1274 223 1338 laetitimn
248 1274 343 1338 ludos
363 1273 485 1339 Thebis
508 1274 596 1363 apud
619 1276 849 1365 OEdipodeum
870 1275 997 1343 fontem
1023 1278 1155 1361 edenti,

84 1377 170 1441 missi
191 1400 209 1441 a
227 1376 388 1457 Curione,
408 1392 534 1466 captam
549 1377 752 1442 Athenarum
767 1400 892 1460 arcem,
912 1394 1156 1470 tyrannumque

84 1480 116 1541 in
137 1478 292 1541 Minervae
313 1478 471 1565 templum
495 1470 698 1567 confugisse,
717 1480 890 1561 nuntiant,
911 1503 1014 1568 quum
1037 1480 1155 1545 eodem

84 1578 150 1660 die,
163 1596 202 1644 ut
210 1594 322 1666 postea
334 1594 539 1667 compertum
553 1595 619 1660 est,
631 1579 766 1644 victoria
774 1578 1012 1644 SullaeAthenis
1019 1582 1156 1645 Curioni

85 1680 322 1745 nuntiaretur:
348 1679 600 1769 multiplicatum
627 1676 751 1744 deinde
776 1702 834 1767 spe
859 1680 990 1746 alterius
1015 1681 1158 1753 victoriae

84 1780 240 1871 gaudium
257 1796 324 1863 est,
342 1779 533 1860 cujuscerta
544 1803 579 1846 se
591 1780 804 1869 promissaab
816 1779 1010 1869 Trophonio
1022 1781 1155 1864 afferre,

85 1882 248 1965 Qslitius,
265 1881 424 1971 negotiari
436 1882 471 1945 in
484 1882 607 1949 Graecia
619 1882 753 1965 solitus,
766 1881 948 1947 affirmabat
959 1906 968 1949 t
980 1885 1076 1947 etiarn
1089 1884 1157 1950 Sal·

83 1984 200 2049 vienus
212 1983 406 2072 legionarius
418 1983 526 2067 miles,
541 1983 701 2049 adstitisse
715 1983 778 2047 sibi
790 1984 933 2072 speciem
942 1984 1029 2049 lovis
1041 2006 1079 2047 ea
1092 2006 1157 2049 ma·

81 2086 213 2165 jestate,
234 2106 299 2171 qua
322 2083 481 2171 Olympiae
502 2083 677 2167 viseretur,
702 2086 858 2166 asseruit3
890 2082 988 2149 linem
1012 2085 1157 2150 civilium

83 2184 264 2266 bellorum,
279 2183 382 2271 qualis
397 2206 475 2249 mox
486 2201 711 2273 consequutus
725 2200 789 2265 est,
804 2184 1044 2273 praedicentem.

15 2288 16 2331 ἶ
127 2286 220 2350 XIX.
245 2286 350 2349 Laetus
374 2284 425 2349 his
448 2286 642 2374 imperator,
669 2302 707 2349 ut
731 2287 901 2380 prasentia
923 2288 1155 2371 constitueret,

80 2386 247 2468 judicibus
262 2408 304 2450 ex
321 2385 390 2452 aliis
407 2386 537 2454 Graeciae
557 2387 741 2454 civitatibus
758 2388 916 2473 excitatis,
933 2389 1157 2473 Elatensibus,

82 2488 176 2578 quod
189 2488 291 2554 Taxili
307 2487 503 2554 Mithridatis
521 2489 672 2579 praesecto
687 2507 798 2579 portas
812 2491 1011 2575 clauserant,
1027 2491 1159 2559 liberta·

83 2608 168 2674 tem,
186 2613 285 2678 quarn
299 2588 511 2656 macedonico
528 2590 670 2680 Philippi
687 2591 774 2657 bello
792 2593 981 2676 amiserant,
1001 2593 1155 2659 reddidit.

82 2693 262 2758 Thebanos
277 2691 413 2757 dimidio
429 2692 497 2782 agri
510 2693 695 2776 mulctavit,
712 2710 747 2758 et
762 2693 854 2782 quod
868 2693 945 2759 inde
958 2696 1160 2783 provenisset

84 2797 117 2860 in
138 2809 326 2884 posterum,
346 2815 408 2882 pro
429 2791 593 2876 donariis,
613 2817 686 2882 quae
704 2795 878 2883 Olympiae,
899 2811 933 2859 et
951 2795 1105 2883 Delphis,
1125 2809 1160 2858 et

84 2897 244 2986 Epidauri
262 2895 456 2978 abstulerat,
471 2897 557 2980 lovi,
576 2911 609 2960 et
623 2897 782 2986 Apollini,
798 2913 832 2961 et
842 2892 1032 2984 AEscuupio
1045 2917 1159 2962 conse·

84 2997 197 3063 esurit.
215 2998 392 3063 Armorum
409 2994 527 3062 deinde
544 2997 713 3063 hostilium
726 3021 880 3063 acervum
895 2996 1016 3087 gabino
1029 2996 1160 3079 cinctu,

83 3101 192 3190 patrio
211 3121 302 3163 more
321 3097 382 3164 diis
396 3097 473 3163 belli
489 3098 680 3187 praesidibus
699 3098 872 3178 cremavit3
886 3112 1159 3162 monumentum·

84 3225 148 3290 que
158 3200 263 3266 felicis
277 3200 378 3290 praelii
388 3200 499 3282 Marti,
509 3201 745 3290 victoriaeque,
761 3199 923 3297 etl'eneri
936 3197 1158 3266 dedicendum

87 3319 227 3366 curavrt.

126 3405 205 3470 XX.
235 3403 348 3487 Quum
376 3405 461 3470 inter
488 3405 557 3472 bec
584 3428 624 3470 ex
647 3404 813 3472 continuis
836 3404 1004 3470 laboribus
1028 3404 1159 3472 modica

84 3503 197 3593 quiete
211 3504 288 3568 satis
304 3506 441 3572 refectos
456 3529 533 3571 curn
549 3507 743 3596 corporibus
761 3506 903 3571 militurn
923 3504 1051 3570 animos
1062 3523 1159 3594 puta-

85 3623 149 3690 ret,
168 3604 359 3671 Chalcidem
378 3629 455 3670 curn
473 3608 617 3674 exercitu
632 3609 799 3697 profectus
815 3621 875 3672 est.
889 3605 955 3671 Sed
974 3605 1051 3693 quia
1067 3607 1161 3672 navi·

87 3708 147 3772 bus
169 3707 294 3772 carenti
315 3709 406 3774 facile
428 3709 582 3798 praecludi
604 3709 711 3774 aditus
731 3724 879 3798 poterat,
906 3706 1082 3797 presidiis,
1100 3708 1160 3773 ubi

88 3812 297 3897 profuturum
310 3809 495 3893 judicabat,
515 3809 694 3899 dispositis,
714 3811 858 3876 Athenas
874 3809 1031 3898 perrexit,
1043 3823 1083 3872 ut
1094 3831 1161 3896 poe-

123 4017 138 4082 S
156 4021 229 4070 xm
247 4022 350 4072 Persen.
367 4019 411 4070 lib.
433 4021 471 4070 lx
488 4031 513 4071 et
533 4022 567 4072 X.
594 4047 629 4060 -
644 4021 769 4072 Plutarch.
794 4049 829 4058 -
849 4019 958 4084 Appiae.
975 4043 1011 4054 -
1029 4015 1078 4065 Dio
1095 4015 1163 4084 apud

91 4101 167 4153 Valet.
