2875 4900
295 394 349 462 sn
374 392 485 460 noc.
506 392 600 459 tm.
622 392 706 459 csv
734 392 949 463 nivinus.
1089 394 1155 494 527

92 514 285 601 intemperie
293 512 467 591 stimulati,
482 512 682 599 quicumque
691 526 748 575 aut
759 513 941 595 Ciceronis,
957 531 1013 579 aut
1024 520 1160 583 omnino

93 616 212 703 quietis
230 630 330 702 atque
353 613 463 701 legum
480 611 593 700 cupidi
612 626 724 692 erant,
749 612 838 675 illum
862 614 923 677 sibi
943 615 1048 680 virum
1070 622 1159 682 omni

92 732 212 781 conatu
228 714 468 781 restituendum
482 714 516 776 in
531 713 674 800 priorem
685 712 795 776 locum
807 734 876 778 esse
890 728 1082 783 statuerunt.
1097 719 1161 783 Sed

92 816 223 897 deerat,
242 816 300 903 qui
317 815 452 880 referret
461 812 503 877 ad
516 830 684 892 senatum,
701 813 848 899 quamvis
859 814 939 879 adeo
950 838 1092 905 pronum
1103 869 1111 900 ,
1124 836 1162 883 ut

93 918 191 981 nullis
203 916 353 981 derebus
364 931 440 979 ante
456 915 583 978 consuli
599 914 714 977 vellet:
734 912 791 977 sed
809 916 975 999 consides,
992 942 1094 1005 quum
1112 942 1161 984 es-

94 1034 168 1083 sent
187 1019 273 1082 inter
288 1018 437 1081 inimicos
455 1016 641 1096 Ciceronis,
660 1038 772 1103 cupere
790 1038 822 1079 se
839 1016 1007 1100 dicebant,
1024 1022 1081 1084 sed
1098 1022 1163 1109 lege

92 1118 240 1206 impediri
246 1141 260 1196 ,·
274 1140 349 1181 narn
365 1116 400 1180 id
414 1132 512 1205 ceput
528 1115 608 1204 legis
627 1115 761 1179 Clodius
773 1118 806 1179 in
822 1119 918 1181 curiae
930 1136 1022 1207 poste
1035 1120 1161 1205 fixerat,

93 1242 134 1283 ne
147 1224 218 1307 quis
230 1219 430 1282 adsertorum
444 1217 592 1305 referret,
610 1240 652 1279 rte
665 1221 734 1305 quis
749 1218 941 1301 decerneret,
965 1246 1006 1285 rte
1022 1223 1162 1311 disputa-
1248 1243 1254 1251 '

94 1335 161 1399 ret,
177 1344 217 1383 rte
229 1320 415 1407 loqueretisr,
430 1319 610 1407 nepedibus
624 1322 701 1397 iret,
715 1342 755 1383 ne
766 1320 925 1384 sen'berrdo
936 1324 1066 1389 adesset.

140 1422 225 1485 XLI.
242 1420 369 1485 Idcirco
388 1420 552 1484 Domitius
568 1435 688 1505 praetor
705 1442 737 1481 se
753 1418 834 1483 dixit
846 1420 1039 1503 relaturum,
1055 1425 1085 1487 si
1093 1446 1165 1489 con·

94 1520 178 1585 sules
190 1522 321 1585 nollent.
340 1521 432 1584 Nihil
448 1535 556 1583 tamen
570 1517 679 1606 perlici
691 1540 730 1583 eo
741 1540 827 1583 anno
839 1522 965 1607 potuit,
979 1546 1164 1611 quanquam

95 1636 248 1709 praeterea
267 1619 497 1685 studiosissimi
517 1620 684 1684 Ciceronis
705 1618 854 1683 homines
870 1622 903 1684 in
927 1624 1165 1712 magistratibus

95 1738 249 1811 agerent,
266 1721 390 1784 tribuni
404 1736 496 1800 octo,
516 1721 552 1785 P.
566 1721 736 1809 Nigidius,
748 1722 783 1785 L.
802 1722 976 1803 Lentulus,
993 1740 1163 1812 praetores3

95 1840 231 1911 eratque
251 1822 483 1909 inexplicabilis
504 1822 538 1884 in
558 1823 648 1886 Urbe
668 1824 903 1904 consternatio,
921 1846 1023 1911 quum
1035 1844 1164 1893 senatus

95 1924 381 2011 propensissimam
400 1924 600 1986 voluntatem
617 1925 767 1987 consules
783 1946 841 2011 per
857 1946 985 1988 causam
1002 1924 1081 2014 legis
1092 1950 1166 1991 mo·

95 2040 262 2106 rarentur3
273 2023 366 2111 plebs
378 2039 412 2087 et
421 2024 507 2109 lacta
522 2023 722 2112 improbaret
732 2023 854 2103 Clodii,
868 2039 901 2087 et
914 2024 1084 2107 eumdem,
1097 2050 1164 2114 quo

95 2127 218 2190 laceret
235 2123 382 2212 quotidie
395 2124 506 2211 plura,
523 2121 699 2201 adjuraret.
723 2125 757 2186 ls
766 2122 878 2210 populi
896 2144 1008 2185 sensus
1028 2124 1166 2187 maxime

96 2226 130 2289 in
144 2226 271 2289 theatro
282 2241 315 2287 et
328 2222 517 2311 spectaculis
534 2222 724 2309 erumpebat
738 2245 745 2285 :
761 2243 866 2309 eoque
878 2220 1009 2286 Clodius
1023 2238 1092 2287 toto
1104 2246 1166 2288 suo

96 2326 269 2391 tribunatu
285 2323 461 2412 spectando
474 2322 650 2403 abstinuit,
668 2323 743 2386 licet
763 2323 856 2385 multi
875 2346 915 2386 eo
932 2338 1079 2411 tempore
1096 2348 1166 2389 ma·

96 2426 208 2518 gnifici
228 2426 315 2508 ludi,
333 2441 474 2513 etsuper
491 2446 606 2490 omnes
623 2446 643 2487 a
659 2423 705 2489 Μ.
719 2424 841 2488 Scauro
852 2424 1084 2513 apparatissimi
1096 2410 1168 2492 ede-

97 2545 222 2593 ventur.

142 2629 244 2694 XLll.
267 2627 325 2692 llle
348 2628 436 2692 enim
462 2627 593 2692 aedilitio
619 2649 756 2690 munere
778 2625 962 2713 (noscenda
986 2629 1072 2692 enim
1096 2631 1165 2694 haec

96 2753 234 2818 quoque
254 2745 303 2794 est
324 2729 465 2808 insania,
489 2751 557 2816 quo
577 2729 686 2792 minus
706 2729 835 2792 ruinam
858 2729 1011 2794 libertatis
1027 2731 1167 2796 admire-

97 2831 195 2917 mur)
213 2832 377 2894 theatrum
395 2829 622 2894 tantummodo
642 2830 683 2894 ad
705 2832 938 2918 temporarium
956 2854 1053 2895 usum
1072 2833 1166 2909 fecit,

97 2933 218 3021 triplici
238 2955 333 2996 scena
356 2953 364 2995 t
386 2931 450 2994 ima
472 2953 545 3018 pars
568 2952 587 2993 e
608 2953 770 2994 marmore
790 2933 869 3010 fuit,
895 2931 1000 2994 media
1026 2932 1166 3013 evitro,

97 3055 229 3098 summa
250 3032 368 3095 tabulis
387 3031 554 3097 inauratis.
579 3033 756 3094 Columnas
779 3055 815 3095 ea
841 3047 1003 3095 structura
1028 3033 1168 3096 habebat

97 3150 260 3198 trecentas
273 3134 436 3221 sexaginta
450 3131 807 3221 duodequadragenum
822 3132 943 3220 pedum
956 3134 1064 3222 :signa
1082 3144 1169 3197 aen'ea

97 3238 188 3300 inter
201 3237 369 3298 columnas
383 3235 444 3297 tria
459 3234 576 3315 mill‘u3
591 3234 727 3323 duplum
743 3257 860 3322 nempe
872 3234 955 3317 ejus,
969 3234 1059 3321 quod
1072 3235 1170 3300 Pom-

98 3337 255 3426 peianum
271 3336 454 3416 theatrum,
470 3335 533 3398 sub
551 3335 665 3400 eadem
681 3351 826 3422 tempora
844 3349 1014 3398 structum.
1031 3335 1170 3422 Sicyone

99 3439 182 3504 olim
199 3437 453 3525 prestantissimi
469 3437 610 3524 pictores
627 3439 781 3518 luerunt3
798 3457 912 3498 eorum
927 3457 1026 3522 opera
1043 3437 1169 3520 omnia,

100 3553 269 3628 quotquot
279 3539 314 3600 in
328 3537 462 3625 publico
477 3539 704 3616 servabantur,
722 3551 854 3625 propter
871 3559 911 3600 aes
930 3537 1072 3600 alienum
1090 3537 1169 3601 civi·

101 3643 178 3706 tatis
190 3638 334 3719 addicta,
351 3639 392 3702 nd
409 3655 639 3702 ornamentum
650 3637 769 3701 theatri
785 3638 836 3700 sui
853 3637 1017 3702 transtulit
1031 3640 1167 3702 Romam

99 3745 262 3826 Scaurus3
279 3741 552 3830 cbomgiumque‚
568 3757 662 3806 antea
683 3741 873 3804 translatitie
893 3741 1034 3822 cultum,
1055 3741 1170 3827 exqui-

138 3973 154 4038 ς
166 3976 222 4023 11..
233 3974 286 4024 Cic.
300 3989 348 4039 pro
357 3975 489 4038 Sextaesp.
502 3973 585 4032 313in
594 3974 642 4020 Pis.
656 3987 711 4037 esp.
726 3973 769 4030 13,
783 3983 807 4020 et
820 3985 867 4035 pro
878 3970 967 4028 domo,
977 3985 1031 4033 cap.
1043 3968 1091 4025 263
1105 3967 1169 4014 idem

100 4058 134 4107 sd
144 4059 222 4108 Attic.
234 4060 286 4116 111,
297 4058 339 4115 15,
351 4069 376 4106 et
390 4069 449 4122 post
463 4055 546 4105 Redit.
559 4057 586 4104 in
598 4058 654 4104 Sen.
664 4071 719 4119 esp.
731 4071 744 4103 a
757 4066 782 4102 et
794 4063 816 4110 t.
829 4081 863 4090 -
879 4053 895 4118 s
909 4054 975 4102 ΧΠ.
986 4051 1039 4100 Cic.
1048 4065 1095 4113 pro
1105 4053 1171 4098 Sext.

100 4159 157 4208 rap.
172 4145 214 4203 ³1,
230 4145 275 4200 32,
289 4137 371 4198 δίψα
385 4142 416 4190 ad
426 4144 458 4202 Q.
470 4141 535 4188 fratr.
547 4142 572 4199 1,
584 4156 610 4187 a.
