2875 4900
291 364 362 463 376
463 368 532 437 πο.
560 364 898 436 rnnrnsnsnn
929 359 1176 433 snrrtnn.

289 510 388 576 quarn
409 500 447 549 ut
464 472 654 575 magistratu
675 484 885 566 dejiceretur3
908 506 1046 572 eamque
1068 485 1103 548 in
1126 506 1194 576 rem
1215 486 1348 549 conscri-

288 605 378 676 ptam
393 588 460 669 jam
482 588 683 677 rogationem
710 585 870 651 Gabinius
889 585 1040 651 habebat.
1062 584 1147 667 Sed,
1164 584 1347 675 deprecante

290 689 529 777 Pompeio,res
546 690 681 759 omissa:
699 688 775 777 ipsi,
786 686 948 775 quidquid
960 687 1120 768 voluerat,
1138 686 1348 753 liberalissime

287 792 352 874 jam
373 791 468 855 etiam
486 790 527 853 ab
543 805 658 853 senatu
673 811 808 877 quoque
825 788 993 853 decretum
1009 804 1076 870 est,
1093 805 1265 877 postquam
1285 790 1348 852 iru-

288 895 400 959 stra'et
416 916 491 957 cum
507 891 671 979 periculo,
690 892 830 954 lbrtunoe
846 891 1021 979 gratiaeque
1034 890 1183 978 Pompeii
1201 912 1236 953 se
1252 890 1347 953 obniti

288 995 457 1060 sentiebat.
790 1060 797 1079 ἱ

330 1094 484 1159 XXXIV.
507 1094 623 1181 Neque
638 1108 747 1157 tamen
764 1091 925 1157 retinendi
944 1092 1143 1179 conscriptas
1160 1092 1194 1154 in
1214 1090 1348 1155 Ciliciam

285 1196 428 1284 legiones
450 1210 607 1282 praetextu
618 1194 734 1258 consul
744 1194 889 1274 carebat,
906 1194 982 1282 quia
993 1194 1128 1257 coloniae
1141 1192 1263 1274 latinae,
1277 1214 1349 1279 quas

288 1296 373 1359 bello
390 1295 526 1359 marsico
542 1297 602 1359 Cn.
620 1294 796 1383 Pompeius
819 1294 930 1383 Magni
946 1309 1038 1382 pater
1053 1310 1141 1357 trans
1156 1292 1280 1357 Padum
1297 1293 1348 1357 de·

287 1393 441 1477 duxerat,
458 1396 632 1485 instigante
647 1397 685 1460 C.
705 1396 850 1476 Caesare,
866 1395 1000 1459 consilia
1021 1394 1062 1458 de
1075 1394 1216 1483 petenda
1232 1395 1349 1458 civitate

286 1518 420 1560 romana
440 1497 596 1588 agitantes
612 1496 833 1585 suspicionem
848 1519 958 1561 rerum
982 1518 1141 1561 novarum
1162 1497 1345 1561 exciverant

286 1600 460 1689 Pompeius
480 1599 570 1664 haud
589 1599 732 1682 diutius,
752 1622 851 1686 quam
866 1622 1036 1663 necessum
1051 1614 1137 1679 erat,
1156 1599 1269 1662 Romae
1285 1618 1347 1661 mo-

285 1716 396 1783 ratus,
414 1702 642 1783 brundisium,
666 1701 725 1765 ubi
746 1701 880 1765 classem
897 1700 1040 1789 opperiri
1056 1698 1214 1781 jusserat,
1231 1715 1265 1763 et
1279 1697 1347 1761 inde

286 1824 398 1867 versus
416 1804 584 1867 Orientem
601 1803 768 1891 proiectus
785 1817 843 1867 est.
863 1805 908 1866 At
927 1800 1054 1884 Rhodi,
1070 1824 1259 1889 quanquam
1278 1822 1346 1888 pro·

285 1920 428 1994 peraret,
448 1904 616 1969 disserenti
633 1918 743 1968 tamen
760 1902 938 1968 Posidonio
954 1902 1046 1969 dedit
1062 1924 1217 1991 operam,
1239 1899 1347 1967 deiude

285 2008 320 2071 in
341 2006 485 2071 Ciliciam
504 2005 689 2095 profectus,
713 2003 839 2068 fontem
861 2020 1024 2092 caputque
1045 2003 1143 2083 belli,
1168 2001 1345 2090 undequin-

285 2107 473 2195 quagesimo
490 2104 562 2186 die,
579 2126 677 2193 quam
696 2104 870 2169 Brundisio
891 2106 1047 2187 solverat,
1066 2104 1250 2169 universam
1263 2102 1346 2167 rede·

285 2208 331 2298 git
346 2208 381 2271 in
398 2204 602 2296 potestatem.
619 2205 658 2269 Id
674 2205 757 2270 adeo
769 2216 887 2294 praeter
899 2205 1048 2269 omnium
1062 2221 1095 2268 et
1107 2204 1210 2293 ipsius
1224 2222 1346 2292 quoque

285 2309 475 2397 opinionem
493 2309 615 2372 lactum
634 2323 703 2389 est,
725 2323 764 2370 ut
785 2306 894 2394 potins
914 2306 1140 2393 gravissimum
1163 2304 1212 2368 ibi
1234 2303 1345 2367 bellum

285 2433 360 2475 cum
377 2409 647 2475 exercitatissimis
662 2409 743 2474 mari
758 2407 968 2489 hominibus,
987 2422 1021 2471 et
1036 2406 1164 2471 arcibus
1183 2401 1347 2471 munitissi-

285 2512 346 2576 mis
364 2512 514 2576 futurum
529 2511 709 2594 videretur3
728 2511 870 2599 ideoque
889 2510 1025 2574 navibus
1045 2532 1084 2573 ex
1106 2509 1201 2572 omni
1217 2527 1345 2573 numero

284 2609 416 2676 delectis
431 2612 611 2702 sexaginta,
628 2625 814 2701 magnoque
831 2625 997 2676 armorum
1016 2626 1114 2698 atque
1129 2610 1343 2674 machinarum

284 2731 440 2801 apparatu
455 2729 522 2778 erat
538 2717 714 2802 profectus.

326 2814 463 2878 XXXV.
487 2813 550 2878 Sed
574 2813 646 2878 duae
667 2813 873 2903 potissimum
893 2835 945 2877 res
962 2829 1126 2876 maturum
1150 2811 1240 2876 bello
1256 2809 1343 2873 finem

284 2913 468 2980 de'derunt:
486 2917 601 3000 altera,
619 2933 727 2980 terror
740 2937 781 2980 ex
796 2913 1022 3003 magnitudine
1041 2912 1195 2999 famaque
1215 2911 1344 2999 impera·

285 3017 382 3098 totis3
396 3017 515 3097 altera,
536 3041 609 3105 spes
623 3031 758 3106 propter
777 3014 1010 3096 lenitudinem,
1027 3037 1125 3102 quam
1145 3035 1223 3102 erga
1243 3027 1344 3099 captos

284 3113 477 3205 deditosque
494 3117 687 3182 ostenderat.
707 3117 813 3205 Igitur
827 3117 867 3180 ab
884 3117 975 3181 omni
990 3131 1101 3204 parte,
1117 3114 1216 3180 vitata
1232 3116 1343 3202 legato·

282 3223 358 3280 rum
378 3219 565 3301 severitate,
587 3219 627 3285 ad
650 3220 845 3306 Pompeium
860 3217 1035 3282 veniebant
1050 3233 1216 3296 oratores;
1232 3230 1264 3280 et
1280 3212 1342 3290 ille,

282 3320 418 3407 receptis
436 3321 471 3384 in
490 3319 587 3385 fidem
610 3319 787 3401 dedititiis,
808 3320 930 3384 horum
954 3318 1076 3382 indicio
1097 3317 1235 3381 latebras
1251 3312 1342 3404 pessi·

284 3441 412 3484 morum
427 3419 586 3503 discebat,
603 3424 661 3510 qui
682 3423 883 3486 conscientia
902 3422 1061 3486 scelerum
1082 3420 1220 3484 salutern
1237 3416 1342 3502 despe-

283 3538 408 3602 rantes,
431 3524 625 3613 conjugibus
644 3523 819 3610 liberisque
838 3523 871 3585 in
892 3523 1019 3587 castella
1039 3521 1160 3584 montis
1184 3517 1281 3582 Tauri
1297 3535 1342 3576 se·

282 3623 414 3710 positis,
433 3647 536 3712 prope
551 3625 756 3690 Coracesium
775 3625 895 3690 Ciliciae
905 3623 1073 3688 castellum
1084 3620 1126 3685 ad
1140 3640 1274 3684 ancoras
1286 3631 1342 3678 sta·

284 3724 372 3790 bant
400 3724 464 3790 Sed
480 3725 569 3790 haud
591 3727 674 3790 ultra
695 3727 838 3814 primurn
853 3740 1062 3816 congressum
1079 3722 1209 3787 duravit
1220 3720 1271 3784 his
1282 3713 1343 3779 ani·

593 3817 609 3844 Ι

315 3952 332 4018 S
345 3953 468 4002 XXXIII.
481 3933 686 4019 PlutsApoplitb.
696 3953 769 4003 Rom.
780 3970 836 4019 cap.
848 3955 893 4014 373
904 3953 971 4002 idem
983 3953 1010 4001 in
1025 3955 1112 4018 Pomp.
1128 3949 1164 3988 —'
1179 3950 1236 3999 nio.
1249 3972 1282 3984 -
1294 3942 1340 3992 Cic·

281 4049 327 4100 pro
341 4035 393 4102 lege
407 4036 494 4085 stanit
511 4053 565 4103 cap.
583 4053 626 4085 aa.
641 4065 676 4075 -
693 4037 709 4101 S
728 4039 851 4087 xxxiv.
865 4039 968 4086 sueton.
982 4039 1010 4084 in
1023 4039 1086 4088 Cass.
1098 4052 1154 4100 cap.
1167 4037 1191 4084 8.
1206 4059 1241 4070 -
1255 4033 1339 4078 ΔΜ·

278 4118 304 4166 ἱη
319 4120 401 4170 enon.
413 4148 448 4158 -
457 4121 520 4170 Plut.
533 4149 568 4159 -
577 4121 656 4170 strab.
670 4120 713 4169 lib.
729 4123 780 4182 XI,
795 4138 851 4186 pag.
862 4131 923 4184 ⁴9²·
934 4151 969 4160 -
981 4124 1047 4173 utor.
1056 4149 1092 4159 -
1105 4121 1157 4171 Cic.
1167 4146 1202 4158 -
1211 4113 1313 4180 appiu-
