2875 4900
316 384 370 457 IN
400 386 516 456 LOC.
537 387 633 458 LIB.
657 389 724 457 CV
756 388 972 459 LIVIANI.
1112 386 1206 489 559Ι

111 508 327 598 sequebatur,
342 530 502 596 auresque
518 508 683 597 praebebat
703 509 791 573 inter
806 508 953 574 eundum
970 510 1011 575 de
1034 511 1112 601 legis
1130 515 1182 577 in·

110 610 293 676 commodis
321 608 502 674 disserenti.
536 608 634 673 Unde
664 626 772 675 metus
804 610 936 675 incessit
960 612 1182 697 Trebonium,

110 715 311 798 missumque
329 710 398 775 lieri
418 713 577 775 Catonem
593 710 699 790 jussit.
726 710 779 775 Sic
800 732 837 775 ea
856 710 924 775 dies
947 730 1095 803 exempta
1115 732 1181 797 est,

108 829 147 876 111
168 812 294 877 nemini
314 811 526 875 tribunorum
541 812 640 877 verba
662 811 704 875 ad
727 812 887 899 populum
910 814 1016 879 lacere
1041 834 1178 881 vacaret.

110 914 288 978 Obtinebat
300 912 405 994 enim,
422 928 460 976 ut
475 913 517 976 de
531 913 657 1001 legibus
669 913 785 1001 privati
801 913 962 1001 primum,
974 916 1030 1002 qui
1041 918 1179 1000 vellent,

108 1014 228 1079 deinde
241 1014 446 1104 magstratus
463 1013 626 1096 dicerent;
643 1037 702 1096 ne,
716 1014 743 1079 si
757 1015 882 1103 priores
895 1015 930 1077 hi
944 1025 1051 1082 'essent
1060 1019 1179 1103 auditi,

107 1117 332 1181 auctoritatem
350 1116 470 1179 horum
485 1115 603 1204 privati
617 1130 842 1202 sequerentur.
858 1113 984 1181 Idcirco
1001 1118 1037 1183 P.
1051 1119 1179 1203 Gallus,
1272 1130 1280 1141 '

107 1242 149 1283 ne
163 1216 321 1307 postridie
336 1217 409 1281 foro
425 1215 662 1298 excluderetur,
679 1216 714 1278 in
733 1215 823 1279 curia
839 1233 1033 1303 pernoctare
1049 1222 1177 1305 statuit,

105 1320 308 1383 tutissimum
321 1318 411 1382 hunc
425 1333 595 1405 receptum
611 1332 718 1397 ratus,
739 1330 772 1380 et
789 1317 1094 1385 commodissimum
1111 1344 1178 1386 una

106 1444 180 1484 cum
198 1421 272 1485 luce
287 1420 322 1483 in
337 1419 529 1484 concionem
544 1417 728 1506 proditu‘ro.

148 1523 223 1585 XX.
248 1520 312 1584 Sed
329 1521 367 1584 C.
377 1519 579 1596 Trebonius,
602 1518 758 1583 omnibus
779 1519 917 1583 occlusis
940 1522 1037 1585 curies
1052 1524 1178 1608 januis,

105 1620 321 1711 presidioque
338 1637 539 1685 armatorum
551 1620 721 1709 opposito,
738 1636 840 1685 totam
857 1620 903 1685 ibi
921 1639 1050 1687 noctem
1072 1640 1105 1689 et
1125 1648 1176 1690 se·

104 1724 236 1813 quentis
256 1722 320 1787 diei
337 1738 462 1811 partem
483 1744 633 1811 magnam
656 1720 799 1786 otiosum
825 1744 1019 1787 consumere
1042 1726 1174 1815 coegit:

104 1826 235 1890 Ateium
252 1846 328 1888 cum
343 1825 467 1887 Catone
482 1838 516 1887 et
526 1822 685 1903 Favonio,
700 1822 865 1887 ethorum
880 1823 1008 1905 amicis,
1020 1826 1080 1889 alia
1091 1828 1176 1893 mul-

103 1923 227 2005 titudo,
246 1938 470 2012 proeocmpato
490 1922 532 1987 de
552 1924 655 1987 multa
671 1939 770 1988 nocte
785 1922 873 2003 loco,
891 1924 1051 1989 concione
1067 1928 1175 2013 prohi-

103 2024 260 2089 buerunt.
287 2024 338 2088 llli
362 2041 471 2089 tamen
497 2025 607 2088 omnia
630 2024 756 2100 conati,
783 2024 944 2087 Favonius
972 2040 1006 2089 et
1029 2026 1171 2093 Ninnius

102 2127 182 2191 clam
202 2142 331 2214 reperto
346 2125 455 2208 aditu,
474 2127 554 2189 Cato
577 2142 610 2190 11
633 2125 746 2190 Ateius
769 2124 906 2189 aliorum
929 2125 1075 2191 humeris
1097 2130 1173 2211 sub-
1247 2152 1253 2163 ·

102 2228 171 2309 lati,
197 2226 486 2291 obnuntiaret-unt.
508 2229 668 2291 Caeterum
690 2225 739 2289 ris
757 2224 1012 2291 adversariorum
1035 2229 1172 2295 validior

102 2328 181 2395 luit:
200 2328 360 2393 submotis
371 2327 422 2392 his
437 2350 456 2391 a
473 2328 560 2408 foro,
575 2327 791 2416 pulsatisque,
809 2343 907 2415 atque
923 2330 1020 2394 etiam
1037 2331 1170 2397 interfe-

103 2432 159 2496 ctis
180 2430 321 2497 aliorum
339 2426 429 2494 haud
450 2430 579 2517 paucis,
599 2452 702 2516 quum
718 2429 816 2494 etiam
840 2430 875 2494 L.
895 2431 1012 2496 Annali
1029 2434 1171 2501 senatori

101 2533 236 2597 Crassus
260 2531 329 2619 ipse
355 2530 468 2594 faciem
494 2553 608 2619 pugno
633 2529 850 2614 contudisset,
876 2553 936 2620 per
956 2533 1023 2600 vim
1050 2537 1171 2622 perlata

101 2633 150 2697 1111
170 2649 232 2700 est.

141 2737 236 2801 XXI.
248 2737 332 2800 Ecce
347 2752 473 2819 autem,
491 2736 614 2825 populo
626 2735 692 2816 jam
711 2736 887 2824 incipiente
903 2736 1018 2820 dilabi,
1031 2741 1169 2806 recurrit

100 2837 133 2899 in
159 2839 270 2902 forum
293 2838 423 2919 Ateius,
446 2837 602 2926 collegam
623 2837 750 2901 Gallum
774 2859 874 2901 manu
898 2837 1043 2918 ducens,
1072 2841 1168 2926 quie

101 2940 186 3004 curia
210 2940 246 3002 in
266 2941 460 3004 concionem
482 2953 631 3019 venerat,
647 2938 760 3025 ibique
784 2937 889 3002 fuerat
909 2937 1107 3003 vulneratus.
1130 2939 1168 3004 ld

101 3039 275 3104 ostendens
289 3039 492 3104 multitudini
507 3039 637 3120 Ateius,
656 3039 770 3126 reique
786 3037 1035 3102 convenientem
1051 3038 1170 3104 oratio-

100 3159 172 3204 nem
198 3162 311 3222 orsus,
334 3161 531 3229 magnopere
552 3139 682 3227 plebem
710 3138 955 3220 commovebat3
986 3161 1111 3226 quum,
1131 3163 1166 3206 re
1258 3167 1262 3176 ¹

99 3240 265 3322 nuntiata,
292 3240 442 3305 consules
466 3239 546 3327 (nec
565 3239 653 3303 enim
675 3241 791 3328 procul
815 3239 892 3305 inde
917 3261 1032 3329 magna
1057 3241 1166 3330 stipati

99 3363 197 3406 manu
209 3341 356 3429 aberam)
371 3343 563 3430 repulerunt
578 3340 728 3405 tribunos
741 3366 750 3424 3
768 3355 946 3428 vocataque
964 3341 1071 3404 statim
1084 3365 1165 3408 con-

98 3443 212 3526 cione,
235 3443 333 3508 etiam
356 3442 397 3507 de
421 3442 597 3530 provinciis
617 3441 766 3522 Caesaris,
797 3442 830 3504 in
852 3440 1116 3530 quinquennium
1136 3445 1166 3508 ei

97 3543 327 3634 prorogandis,
350 3544 556 3631 pertulerunt
573 3543 687 3631 legem.
713 3540 766 3605 lbi
790 3564 922 3630 quoque
947 3561 1164 3633 repugnatum

98 3661 145 3708 est
162 3646 204 3710 ab
219 3645 351 3727 iisdem,
367 3661 400 3708 et
417 3645 515 3725 Cato,
533 3665 600 3706 non
616 3642 682 3721 jam
698 3641 740 3706 ad
752 3643 928 3731 populum,
942 3643 999 3708 sed
1014 3642 1056 3706 ad
1072 3645 1165 3708 Pom-

99 3747 228 3832 peiurn,
251 3767 402 3811 sermone
422 3766 600 3826 converso,
624 3744 756 3831 ‹ipsum
780 3765 849 3809 non
873 3744 1069 3833 intelligere,
1092 3767 1164 3833 quae

99 3847 256 3930 «laceret,
274 3847 451 3913 testabatur
467 3869 476 3912 1
501 3868 591 3910 nunc
606 3845 743 3910 enimin
760 3861 950 3911 caeterorum
965 3845 1066 3934 magis
1080 3845 1165 3934 capi·

98 3963 167 4030 «ta,
193 3973 291 4038 quam
316 3970 394 4014 suos
416 3948 516 4040 ipsius
536 3948 708 4028 humeros,
730 3948 887 4014 Caesarem
906 3946 1069 4026 attollere3
1087 3968 1162 4010 cum

130 4129 145 4193 S
162 4133 236 4182 xlx.
246 4133 310 4181 l’lnt.
319 4133 344 4180 in
354 4134 457 4191 Crasso,
476 4131 523 4179 sub
531 4128 615 4179 finem.
626 4155 661 4167 -α
671 4130 730 4178 Dio.
