2875 4900
275 380 329 449 IN
360 381 472 449 LOC.
499 381 592 449 LlB.
620 379 708 448 CVI
738 377 949 447 LIVIANI.
1082 373 1150 471 587

91 512 211 578 motus,
233 498 413 587 imperabat
430 498 565 579 auxilia,
581 520 653 586 quar
669 519 747 561 mox
764 496 870 584 pretio
887 496 1087 578 remitteret;
1103 498 1151 561 ci-

90 599 281 687 vitatumque
306 599 452 681 reditus,
479 616 513 663 et
537 598 671 664 donaria
698 598 896 687 templorum
924 599 1148 686 computabat.

90 699 312 789 Hierosolymis
338 702 436 767 mam
463 724 596 767 auream
623 700 750 765 trabem
777 724 818 764 ex
843 701 965 789 templo
997 702 1152 781 sustulit,

90 799 231 866 Eleazaro
244 802 362 884 dante,
376 826 418 867 ne
430 802 512 892 quid
523 818 677 889 praeterea
689 800 730 865 de
743 824 835 866 sacro
846 803 1000 870 thesauro
1011 804 1150 867 tolleret.

89 900 127 961 tt
137 902 248 965 Crasso
261 904 369 992 potior
379 904 517 994 pecunia
531 902 593 967 [ide
603 903 753 991 jurisque
762 903 894 981 jurandi
905 904 1062 992 religione
1074 904 1149 969 fuit.

91 1000 186 1088 lgitur
198 1018 230 1067 et
247 1005 314 1069 duo
327 1006 425 1069 millia
439 1006 655 1084 talentorum,
674 1025 747 1090 quae
764 1003 939 1091 Pompeius
959 1004 1151 1090 reliquerat,

91 1115 119 1163 et
137 1102 294 1191 quidquid
316 1122 469 1194 praeterea
487 1104 557 1169 auri
577 1104 749 1170 inventum
769 1104 805 1171 in
825 1106 902 1167 fano
914 1120 980 1186 est,
1000 1104 1150 1169 detraxit.

91 1200 124 1263 lu
137 1225 208 1269 cara
217 1208 308 1296 Syria
321 1208 399 1273 urbs
414 1208 476 1272 fuit
488 1206 599 1271 multis
611 1206 819 1286 nominibns3
834 1229 910 1269 nam
924 1206 1149 1293 etbambycen

91 1317 119 1365 et
129 1304 280 1374 Edessam
293 1310 474 1399 appellant3
488 1325 520 1372 et
536 1309 577 1372 ab
595 1308 684 1397 Syris
698 1308 835 1397 lllagog,
853 1330 872 1371 a
885 1306 1005 1371 Graecis
1018 1321 1152 1395 propter

91 1406 297 1475 celebritatem
311 1400 440 1479 delubri
451 1412 631 1501 Hierapolis
642 1412 829 1476 vocabatur.
846 1412 950 1477 Deam
963 1411 1089 1499 Syriam
1105 1410 1152 1473 ibi

91 1507 230 1577 colebant
240 1514 427 1612 prodigiosa
439 1516 565 1579 forma:
585 1536 726 1603 superne
744 1512 878 1593 mulier,
896 1512 1051 1577 inferiore
1063 1527 1154 1599 parte

90 1612 223 1697 corporis
245 1615 280 1679 in
301 1614 424 1703 piscem
447 1613 626 1681 desinebat.
649 1615 782 1679 Derceto
802 1605 860 1677 aut
875 1613 1037 1701 Atargatis
1053 1634 1152 1675 roca·

91 1704 186 1777 batur.

129 1812 214 1878 XXI.
244 1815 466 1881 Semiramidis
493 1831 628 1881 matrem
658 1816 758 1881 fuisse
787 1814 920 1903 quidam
949 1814 1150 1879 fabulantur.

92 1907 185 1978 Greci
201 1916 363 1985 Venerem
386 1940 426 1983 eo
449 1917 602 1997 nomine,
622 1934 680 1983 aut
698 1919 874 1997 Juaomm,
897 1940 970 2005 pars
986 1916 1151 1981 Naturam

91 2012 145 2075 coli
156 2020 322 2103 putabant.
336 2022 375 2085 ln
389 2020 621 2108 antiquissimis
635 2020 848 2085 Hebraeorum
861 2019 951 2083 libris
958 2019 1074 2107 Dagon
1085 2035 1150 2098 est,

91 2110 200 2195 piscem
216 2119 419 2209 significante
437 2120 608 2185 vocabulo.
621 2121 663 2186 ·In
682 2121 780 2202 hujus
800 2120 869 2185 aetle
888 2123 1004 2185 Crasso
1026 2120 1150 2183 factum

91 2234 177 2310 omep
190 2220 303 2287 ferunt
312 2222 604 2312 appropinquantis
617 2222 780 2289 interitus.
789 2224 867 2291 Erat
877 2246 954 2288 cum
965 2222 1151 2288 eoPublius

92 2309 183 2401 ttius,
202 2326 260 2410 qui
281 2347 389 2414 nuper
403 2348 423 2389 a
438 2326 563 2390 Caesare
579 2324 680 2389 lectos
704 2325 830 2413 equites
850 2324 937 2390 mille
953 2322 1151 2403 adduxerat,

91 2410 175 2485 donis
189 2424 383 2492 militaribus
398 2440 531 2516 propter
542 2425 698 2492 virtutem
712 2426 753 2491 ab
769 2449 811 2492 eo
829 2425 941 2492 multis
954 2426 1148 2493 honoratus.

92 2514 194 2598 Quum
212 2529 340 2594 exirent
356 2530 449 2609 fano,
466 2526 610 2616 primum
627 2527 669 2594 ad
686 2529 773 2593 fores
788 2529 925 2618 impegit
942 2527 1148 2608 adolescens,

91 2637 157 2684 mox
170 2643 260 2712 pater
273 2652 373 2718 super
388 2651 508 2718 corpus
524 2629 658 2709 jacentis
678 2631 871 2718 provolutus
887 2647 946 2695 est.
965 2631 1037 2696 Nec
1050 2652 1149 2694 omen

91 2730 206 2792 autum
229 2730 345 2796 mortis
362 2753 400 2796 ea
419 2729 503 2798 aedes
521 2732 655 2812 Crasso,
674 2731 732 2799 sed
753 2731 850 2796 etiam
869 2754 999 2798 causam
1022 2730 1151 2794 dedisse

91 2819 223 2914 ridetur;
237 2831 331 2921 quod
348 2834 409 2898 hac
422 2834 561 2901 maxime
577 2833 702 2914 injuria
711 2833 867 2900 credibile
879 2850 929 2899 est
944 2847 1149 2898 commotum

92 2918 207 2994 Edessa
234 2933 417 3022 principem
441 2935 627 3024 Abgarum,
652 2935 772 3002 exitiali
794 2936 938 3001 romanis
967 2933 1152 3024 legionibus

92 3026 283 3117 proditione,
301 3035 436 3100 consilia
450 3058 528 3102 cum
543 3037 671 3104 Parthis
685 3038 832 3104 sociasse.

128 3127 231 3198 XXII.
250 3135 344 3200 Idem
368 3158 475 3202 annus
498 3138 625 3204 crebras
647 3138 824 3206 illustrium
846 3139 992 3203 virorum
1015 3156 1150 3201 accusa·

92 3224 185 3295 tiones
200 3234 335 3319 babuit,
352 3253 385 3304 et
397 3254 513 3326 praeter
526 3255 723 3306 memoratos
735 3254 847 3317 antea,
863 3237 910 3302 Μ.
923 3237 1044 3328 Coelius
1061 3233 1151 3324 apud

91 3327 339 3421 Cubomitium,
351 3342 389 3412 C.
399 3339 537 3408 Messius
548 3341 636 3431 apud
646 3343 682 3406 P.
690 3341 862 3406 Servilium
869 3355 1043 3428 pretores,
1055 3339 1152 3402 item·

92 3449 147 3512 que
165 3436 291 3510 Drusus
312 3457 346 3506 et
360 3441 510 3508 Vatinius
525 3467 545 3507 a
560 3444 719 3509 Cicerone
741 3441 867 3507 defensi
883 3457 972 3506 sunt.
993 3442 1152 3506 Praeterea

91 3531 120 3594 C·
133 3535 227 3624 Cato,
243 3545 318 3610 Sex.
331 3545 485 3626 Sufenas,
502 3546 559 3636 qui
578 3546 611 3608 in
629 3545 817 3626 tribunatu,
837 3543 972 3608 sublatis
993 3543 1151 3621 comitiis,

92 3651 212 3725 magnas
231 3647 345 3712 turbas
361 3645 511 3727 dederat,
527 3671 556 3711 a.
568 3646 601 3712 d.
621 3669 699 3712 oon.
717 3645 889 3732 quintiles,
906 3645 1017 3710 farore
1035 3645 1153 3710 trium·

120 3858 134 3923 S
150 3865 208 3916 XX·
222 3871 325 3940 loseph.
337 3873 424 3938 Antiq.
434 3873 505 3932 xIV,
521 3889 567 3932 ιι,
583 3883 608 3922 et
620 3871 651 3922 de
662 3875 690 3922 B.
703 3871 763 3921 Jud.
777 3875 805 3931 1,
823 3873 849 3920 6.
867 3899 904 3908 -
918 3873 1052 3937 Hegesipp.
1068 3873 1094 3930 1,
1108 3887 1150 3919 al.

92 3966 122 3977 -
133 3946 193 3998 Plio.
202 3953 236 4012 V,
248 3957 291 4006 23.
305 3984 340 3994 -
353 3957 433 4008 strab.
446 3957 490 4006 lib.
502 3959 580 4018 xvt,
599 3975 624 4022 p.
638 3959 689 4018 748
702 3968 728 4005 et
743 3957 802 4018 785.
814 3985 849 3994 -
862 3958 965 4006 Lucian.
978 3957 1010 4008 de
1021 3959 1076 4022 Syr.
1091 3957 1152 4004 Des.

90 4049 120 4058 ·-
140 4031 225 4086 Horat.
243 4041 297 4088 Art.
315 4041 384 4089 l’oet.
401 4048 425 4098 t.
441 4068 476 4078 -
489 4040 506 4105 5
520 4042 592 4090 XXI.
605 4041 681 4092 ovid.
699 4042 800 4090 bletam.
816 4042 860 4100 IV,
882 4039 924 4096 45.
942 4069 977 4078 -·
999 4040 1099 4088 Luciau.
1120 4065 1156 4080 a

92 4106 186 4164 Diodor.
204 4121 244 4182 11,
264 4133 288 4181 4.
304 4149 337 4162 -
358 4126 419 4189 fleg.
435 4127 464 4184 1,
479 4124 504 4172 5.
519 4150 554 4162 -
573 4122 694 4173 Plutarch.
