2875 4900
262 374 331 455 dds
431 372 501 439 JO.
527 370 877 440 FREINSHEMII
905 368 1152 437 SUPPLEM.

263 493 342 557 lium
351 486 515 580 prepicisci
521 538 531 570 ‚
547 514 601 571 ne,
619 493 649 555 si
664 492 816 555 resisteret
831 491 1029 553 ininicorum
1041 487 1224 565 colummis,
1235 489 1325 575 peti·

262 593 370 658 culum
385 592 459 656 iride
474 594 652 681 mmublicoe
667 596 811 656 orimmr.

305 694 488 758 LXXXIII.
503 694 639 757 Interim
655 715 731 757 cum
744 692 916 780 praecipuis
934 689 1094 755 sodalium
1108 690 1153 752 ita
1168 710 1327 776 eompara-

260 814 363 878 verat,
388 813 443 878 ut,
467 798 700 885 quamprimum
719 817 751 859 se
766 794 912 860 Faesulas
927 796 1102 882 peruenisse
1122 802 1324 879 cognossent,

260 898 408 963 banchis
427 909 523 986 utque
542 896 692 985 Cethegus
716 890 794 961 cum⁴
809 899 883 959 sicis
899 895 1028 959 &mum
1050 895 1209 961 Ciceronis
1228 896 1324 972 irent,
1408 909 1409 916 ¹

252 1013 384 1089 propter
400 1000 592 1087 dignitatem
611 1002 741 1062 minime
757 998 970 1078 excludendi,
992 1014 1024 1062 et
1040 999 1142 1086 specie
1159 996 1329 1059 secretioris

260 1100 414 1190 colloquii
425 1100 586 1163 seductum
597 1096 803 1188 corffcderent
809 1124 823 1180 ‚·
837 1101 986 1164 L.Bestiu
998 1099 1042 1187 (is
1051 1098 1254 1162 tribunatum
1262 1096 1329 1184 ple-

261 1202 310 1266 bis
327 1217 395 1266 erat
414 1200 576 1287 initurus)
593 1201 696 1265 subito
713 1204 863 1265 concione
882 1216 1020 1278 vocatu,
1039 1199 1215 1265 Ciceronem
1232 1218 1329 1260 accu-

260 1316 357 1381 saret,
380 1302 593 1365 metz'culmum
616 1300 789 1381 homnem,
813 1312 845 1364 et
865 1304 915 1365 sui
930 1302 1052 1363 timoris
1066 1296 1247 1386 implentem
1260 1320 1329 1360 cre·

261 1402 352 1467 dulos
366 1425 378 1465 :
386 1405 543 1491 proximo
557 1403 669 1467 deinde
684 1418 792 1482 nocte,
807 1403 973 1466 duodecim
990 1402 1067 1466 locis
1087 1402 1165 1467 Urbs
1180 1400 1329 1464 incersde·

261 1517 346 1568 retur
388 1505 417 1569 ei
435 1506 568 1595 negotio
584 1521 702 1593 praeter
710 1506 777 1585 jam
792 1503 897 1569 dictos
910 1506 946 1569 L.
958 1504 1105 1585 Cassius,
1123 1502 1159 1567 P.
1170 1502 1329 1567 Gabinius

260 1606 375 1693 Capito
385 1608 447 1687 ‚«L.
456 1606 602 1671 Statilius
616 1623 709 1671 erant
722 1607 903 1694 praefuturi.

303 1708 483 1773 LXXXIV.
507 1710 584 1773 Hseo
606 1709 843 1798 vigilantissimi
869 1708 1012 1773 consulis
1038 1728 1118 1771 cusa
1140 1706 1175 1769 in
1200 1706 1330 1769 irritum

260 1810 370 1873 omnia
388 1808 583 1873 reciderunt.
604 1810 637 1873 Is
654 1810 687 1873 in
708 1812 817 1874 l'orum
836 1831 1040 1899 progressus,
1057 1807 1203 1871 Catilinae
1217 1807 1331 1897 fiagam

261 1928 294 1975 et
308 1912 441 1976 consilia
451 1912 600 1999 exposuit
614 1912 757 2000 populo,
771 1913 815 1976 ita
828 1912 1016 1993 moderans,
1034 1926 1072 1973 ut
1089 1909 1331 1999 negligentibus

261 2030 403 2078 extrema
414 2015 525 2078 omnia
541 2012 735 2094 metuenda,
749 2014 886 2078 intentis
899 2013 1057 2100 optimam
1068 2032 1159 2099 spem
1173 2009 1331 2074 ostende·

261 2130 328 2179 ret:
342 2136 448 2202 neque
465 2114 530 2178 l'alli
547 2137 602 2179 eos
614 2130 781 2203 pateretur
796 2112 871 2179 ficta
887 2114 1031 2179 Catilinae
1044 2110 1216 2193 modestia,
1228 2134 1332 2199 quem

260 2217 362 2280 exsilii
382 2238 478 2280 causa
494 2217 601 2281 solum
617 2217 880 2298 venissemus,
903 2216 1003 2279 literis
1021 2213 1091 2294 ejus
1107 2213 1250 2302 deeepti,
1272 2230 1336 2277 aut

260 2316 370 2381 studio
388 2318 529 2406 partium
548 2306 766 2383 dictitabant:
783 2318 841 2382 sed
857 2340 978 2406 paucos
995 2332 1069 2404 post
1081 2314 1149 2379 dies
1160 2315 1333 2404 epistolam

260 2418 330 2498 ejus
349 2420 383 2483 in
396 2435 511 2484 senatu
528 2420 569 2503 Q.
581 2420 717 2486 Catulus
729 2419 876 2485 recitavit
892 2419 957 2483 hoc
971 2416 1139 2507 exemplos
1408 2494 1409 2505 ἵ

303 2521 467 2586 LXXXV.
487 2524 547 2586 «L.
568 2523 704 2588 Catilina
732 2522 774 2604 Q.
793 2523 910 2586 Catulo
935 2520 1085 2585 salutem.
1113 2517 1248 2607 Egregia
1270 2531 1333 2581 tua

245 2621 379 2718 infidos,
399 2646 434 2687 re
456 2625 602 2713 cognita,
621 2641 709 2715 grata
732 2625 831 2706 mihi,
853 2625 979 2714 magnis
996 2623 1031 2686 in
1055 2622 1136 2686 meis
1157 2621 1334 2710 periculis,

259 2722 434 2788 «fiduciam
447 2726 726 2792 commendationi
740 2749 820 2792 meae
832 2727 948 2791 tribuit
962 2725 1197 2813 :quamobrem
1213 2722 1334 2786 defen·

259 2826 408 2890 «sionem
424 2827 459 2889 in
473 2828 609 2891 oonsilio
627 2851 714 2893 novo
728 2851 796 2893 non
816 2829 915 2892 statui
927 2851 1059 2916 parare3
1075 2826 1334 2891 satisfactionem

259 2951 320 2992 «en
343 2929 430 2992 nulla
455 2929 655 2995 conscientia
673 2930 714 2994 de
736 2931 831 3020 eulpa
852 2951 1039 3018 proponere
1060 2927 1209 3008 deerevi3
1228 2948 1334 3013 quam

259 3029 410 3094 «medius
428 3029 525 3096 fidius
539 3053 648 3096 veram
663 3032 739 3096 lieet
755 3053 943 3120 cognoscas.
959 3028 1089 3109 Injuriis
1104 3026 1335 3092 contumeliis·

190 3205 193 3222 ι
260 3162 275 3190 ι
283 3152 348 3218 que
360 3132 558 3213 concitatus,
572 3132 662 3221 quod
675 3135 785 3196 fructu
795 3132 915 3197 laboris
927 3130 1160 3218 industriaeque
1171 3151 1251 3192 mete
1262 3131 1336 3216 prit-

258 3247 392 3312 «vatus,
409 3247 528 3296 statum
552 3232 715 3322 dignitatis
734 3257 802 3298 non
822 3234 1031 3315 obtinebam,
1050 3232 1214 3320 publicam
1233 3230 1335 3295 mise·

260 3362 273 3387 ι
282 3355 395 3396 rorum
405 3355 534 3398 causam
549 3357 609 3424 pro
626 3357 698 3399 mea
707 3335 947 3400 consuetudine
958 3334 1086 3422 suscepi
1098 3356 1106 3397 :
1117 3354 1186 3395 non
1196 3332 1276 3420 quin
1284 3355 1334 3398 aes

258 3433 423 3497 «alienum
438 3435 518 3498 meis
530 3434 721 3499 nominibus
729 3458 770 3498 ex
782 3433 1041 3523 possessionibus
1050 3433 1173 3496 solvere
1183 3455 1333 3521 possem,

260 3555 386 3620 equum
407 3551 440 3599 et
458 3534 570 3598 alienis
591 3535 782 3600 nominibus
803 3535 976 3600 liberalitas
993 3533 1149 3598 Orestillae
1162 3534 1229 3598 suis
1246 3533 1336 3600 filias-

259 3657 346 3722 «que
363 3636 465 3723 copiis
482 3636 698 3724 persolverem
721 3636 779 3702 sed
796 3636 887 3725 quod
904 3660 971 3701 non
990 3635 1107 3724 dignos
1124 3635 1253 3700 honam
1266 3636 1333 3701 ho·

259 3736 385 3800 :mines
395 3736 551 3800 honestos
560 3737 726 3822 videbam,
739 3761 860 3826 meque
870 3740 949 3802 falsa
959 3737 1144 3827 suspicione
1152 3738 1331 3804 alienatum

257 3869 270 3892 «ι
280 3859 366 3918 esse,
380 3837 575 3920 sentiebam,
592 3839 657 3903 hoe
674 3839 808 3904 nomine
825 3841 902 3905 satis
915 3841 1069 3905 honestas
1082 3862 1143 3927 pro
1159 3861 1235 3904 meo
1251 3863 1331 3905 casn

294 4044 310 4110 s
330 4047 473 4095 nxxxffl.
499 4047 607 4112 Appias.
628 4074 662 4084 —
683 4047 781 4095 Sallust.
807 4062 861 4112 cap.
883 4048 925 4100 43.
949 4073 985 4082 -
1015 4045 1032 4111 S
1054 4045 1197 4092 Lxxm.
1226 4046 1279 4094 Cic.
1302 4049 1331 4098 in

259 4131 331 4181 Catil.
346 4131 381 4178 11.
719 4158 721 4161 -
