2875 4900
230 382 282 451 IN
313 381 424 451 LOC.
451 380 544 449 Llll.
574 378 775 449 LXXXIV
804 380 1016 453 Ltvluttt.
1092 380 1158 468 143

112 498 232 564 dubitari
244 524 312 565 non
324 517 471 590 poterat,
488 502 569 590 quin
582 522 725 589 quorum
739 501 771 563 in
789 516 888 565 manu
900 500 941 564 ad
956 501 989 565 id
1003 506 1157 592 temporis

112 601 271 687 respublica
288 603 419 683 fuisset,
437 624 537 691 penes
555 602 686 667 eosdem
705 602 738 665 in
755 617 922 690 posterum
936 626 1070 693 quoquc
1082 628 1158 693 per·

112 722 241 767 mansura
261 718 389 767 summa
405 726 515 767 rerum
531 720 624 770 essct.

144 804 180 866 X.
191 804 343 869 Praeterea
354 804 528 886 libertinis,
540 805 697 893 quitum,
709 805 822 870 eadem
831 808 998 872 annitente
1006 810 1159 893 factione,

109 904 135 963 in
150 906 288 995 quinque
301 921 334 969 et
345 904 476 995 triginta
487 905 592 969 tribus
601 905 767 970 distributi
781 923 891 989 crant,
908 908 1065 997 novisque
1078 910 1157 975 civi·

36 1026 37 1071 1
109 1002 158 1069 bus
170 1008 321 1071 omnibus
341 1006 383 1072 ael
399 1007 551 1094 quaelihet
567 1007 659 1071 usuri
680 1005 885 1072 videbantur.
904 1009 975 1073 Nec
990 1026 1099 1075 tamen
1115 1034 1155 1077 eo

108 1104 211 1189 secius,
227 1108 387 1195 quianon
406 1122 475 1171 erat
495 1107 704 1197 ambiguum,
722 1130 764 1173 nc
781 1110 940 1174 sexcentis
954 1111 1088 1199 quidem
1106 1136 1157 1179 se·

108 1208 342 1273 natusoonsultis
354 1208 504 1296 compelli
512 1208 633 1272 Sullam
646 1208 686 1272 ad
702 1206 910 1275 dimittendas
924 1210 1031 1299 copias
1043 1236 1157 1301 posse,

105 1304 137 1368 ad
149 1307 317 1373 imminens
326 1309 450 1374 bellum
465 1331 591 1373 summa
603 1309 815 1374 contentione
826 1312 936 1376 omnia
948 1314 1155 1401 parabantur.

105 1406 200 1473 'lanta
213 1412 362 1499 prolecto
375 1432 485 1473 rerum
502 1411 669 1492 omnium,
684 1427 717 1475 et
730 1412 892 1499 praecipue
908 1412 1064 1497 militurn,
1081 1439 1157 1481 con·

36 1538 37 1543 ¹
105 1522 197 1573 tractre
209 1512 311 1599 copiae
320 1528 416 1593 sunt,
430 1527 469 1576 ut
484 1512 516 1575 in
528 1511 779 1576 Commentariis
794 1513 861 1577 suis
874 1514 962 1577 Sulla
974 1518 1155 1605 scripserit,

103 1632 127 1670 se
145 1612 288 1677 adversm
302 1612 479 1702 qusitdect'm
489 1616 632 1701 parisiam
648 1612 849 1677 adversarum
864 1613 976 1695 duces,
998 1619 1154 1706 quadrin-

101 1715 187 1793 gentis
197 1726 228 1779 et
242 1713 463 1803 quadragenta
476 1714 652 1777 cohortibus
666 1716 830 1778 Dalmatas
837 1760 847 1795 ,
862 1716 896 1777 itt
906 1714 1036 1781 ltaliam
1050 1732 1154 1783 ἱναηε·

101 1815 200 1877 misisse
219 1839 231 1879 .·
253 1814 326 1895 alii,
348 1814 498 1879 cohortes
522 1814 600 1902 ipsis
622 1814 850 1904 quingenariae
873 1814 971 1880 fuisse
997 1817 1153 1885 ducentas

102 1916 193 1979 statim
206 1916 246 1981 ab
259 1916 369 1997 initio,
385 1914 533 1997 traslunt;
550 1932 727 2004 posteaque
738 1931 871 1981 auctum
884 1939 962 1981 cum
978 1928 1153 1984 numerum

101 2036 174 2097 esse,
187 2016 279 2105 qnod
291 2018 379 2082 Sulla
394 2016 436 2081 ab
449 2016 589 2081 externis
603 2016 669 2081 oris
682 2016 816 2080 veniens
831 2016 934 2081 hostis
950 2017 1049 2082 Italiae
1062 2019 1152 2084 vide·

101 2114 197 2201 batur3
216 2118 368 2183 consules
383 2133 416 2182 et
425 2116 532 2182 Carbo
545 2117 678 2205 privatis
690 2116 806 2183 studiis
819 2116 1003 2206 reipublicae
1016 2119 1153 2186 amabile

101 2236 206 2283 nomen
223 2218 452 2283 obtenderent.
965 2281 969 2287 .

136 2318 188 2384 Xl.
207 2320 335 2409 Vulgus
353 2320 453 2409 igitur
469 2319 615 2383 certatim
633 2333 835 2383 sacramento
850 2317 994 2402 dicebat,
1013 2336 1062 2386 tot
1077 2322 1152 2389 illu·

99 2420 199 2484 strium
215 2421 364 2486 virorum
379 2420 569 2486 auctoritate
582 2434 802 2501 commotum,
816 2418 874 2507 qui
884 2421 1031 2510 partibus
1043 2445 1079 2488 sc
1092 2423 1152 2490 du·

99 2541 142 2583 ces
152 2522 356 2588 offerebant:
373 2544 447 2586 narn
465 2537 668 2610 praeterens,
684 2521 742 2608 qui
758 2520 859 2584 modo
875 2538 954 2586 sunt
965 2525 1150 2606 memorati,

99 2625 331 2710 Apfllaudius,
350 2625 391 2706 Q.
402 2623 581 2704 Sertorius,
598 2625 635 2687 G.
647 2622 770 2686 Marius
789 2620 994 2706 adolescens,
1016 2625 1062 2690 Μ.
1078 2627 1150 2690 Ma·

36 2759 37 2772 .
99 2723 168 2806 rius',
180 2727 264 2790 clara
278 2725 414 2788 nomina
427 2723 578 2806 aderant,
594 2737 749 2812 praeterea
758 2721 888 2804 Marcii,
902 2725 1009 2805 Bruti,
1023 2725 1150 2809 Albini,

97 2825 203 2908 quihus
224 2828 361 2914 insuper
377 2825 617 2898 Albinovanus,
636 2822 765 2886 Flavius
783 2822 926 2886 Fimbria
947 2824 1016 2887 caii
1035 2825 1150 2903 frater,

36 2929 37 2944 ¹
99 2923 317 3016 Damasippus,
332 2941 365 2990 et
377 2925 517 2989 abitalia
531 2925 578 2988 Μ.
590 2923 805 3011 Lamponius,
821 2923 958 2988 Pontius
966 2924 1149 3010 Telesinus,

99 3023 369 3117 GuttaCapuanus
379 3042 594 3091 accesserunt.
604 3025 740 3090 Interim
749 3025 971 3106 Sulla,certus
982 3026 1015 3090 in
1025 3028 1148 3093 ltaliam
1202 3102 1209 3111 ‚

98 3128 235 3212 transire,
259 3148 320 3216 per
334 3126 503 3190 Thessalos
521 3141 554 3190 et
574 3123 799 3190 Macedoniam
817 3125 1057 3213 Dyrrhachium
1074 3153 1150 3218 pro-

98 3227 186 3294 iectus
204 3247 272 3312 est,
293 3227 351 3294 ubi
367 3228 500 3293 classem
516 3225 557 3292 ad
577 3227 686 3314 copias
708 3224 963 3315 transponendas
979 3249 1150 3296 occurrere

95 3346 227 3404 iusserat.

133 3433 202 3498 XlI.
220 3433 286 3496 Hic
303 3431 365 3496 loci
381 3431 551 3519 Satyrum,
569 3428 711 3516 qualesa
724 3425 903 3516 pictoribus
919 3443 952 3491 et
966 3429 1070 3517 poetis
1086 3429 1147 3495 fin·

97 3548 222 3617 guntur,
236 3532 418 3599 adductum
429 3530 471 3596 ad
483 3531 603 3624 Sullam
614 3531 743 3610 ferunt,
759 3529 792 3591 in
802 3529 984 3618 Nymphaeo
1002 3549 1148 3622 captum,

97 3653 185 3715 quum
205 3635 292 3699 sorte
311 3647 428 3698 somnts
447 3653 578 3722 operam
604 3630 705 3696 daret.
725 3632 819 3695 Juxta
839 3631 1041 3719 Apolloniam
1068 3637 1148 3700 vici-

98 3753 160 3797 nam
177 3736 383 3825 Dyrrhachio
397 3733 616 3824 Nympharum
633 3748 697 3814 est,
716 3755 806 3796 sacer
823 3749 893 3796 tum
911 3733 1020 3817 locus,
1038 3736 1097 3800 ubi
1113 3738 1147 3799 in

97 3832 197 3899 virenti
206 3853 238 3901 et
250 3837 321 3900 laeta
331 3835 430 3915 valle,
439 3833 627 3923 campisque
638 3831 844 3915 florentibus,
854 3833 1055 3901 subterranei
1066 3837 1149 3925 ignis

124 4061 190 4124 sir.
200 4065 266 4116 uc.
278 4044 344 4128 e'effi
356 4065 386 4112 s.
400 4063 428 4114 c.
441 4065 483 4112 st.
497 4089 532 4100 -
542 4063 594 4111 ttv.
609 4063 675 4129 upa.
693 4089 728 4100 -
742 4062 848 4127 appan.
867 4061 920 4109 cu.
933 4061 977 4109 ut.
992 4063 1012 4109 r.
1030 4089 1064 4100 -
1083 4063 1148 4128 sn.

98 4143 150 4194 llot.
160 4148 184 4197 in
197 4150 276 4208 Sulla,
289 4165 342 4214 sap.
357 4164 399 4199 rt.
410 4175 445 4186 -
458 4147 565 4213 Appian.
