2875 4900
274 372 328 440 ru
359 372 469 443 noc.
498 373 592 439 mn.
621 370 693 437 cu
724 371 939 440 mulam.
1071 374 1141 469 ²¹47

98 492 199 557 lanum
220 491 422 555 sermonibus
440 491 556 573 etiam,
572 512 656 578 quos
676 488 797 553 habete
817 489 932 555 solitus
948 509 1036 572 erat,
1055 493 1145 557 Allo·

99 593 196 683 broges
216 592 449 682 coarguebant,
467 606 649 681 quaerentes
670 591 711 655 ab
733 612 794 671 eo,
812 590 931 655 nihilne
950 614 1053 656 seeum
1069 606 1145 658 esset

97 694 205 781 desani
217 694 374 781 St'bydinis
386 694 559 783 loquutus?
571 694 602 759 N
604 714 656 757 am
671 714 710 757 ex
724 689 814 755 libris
828 714 940 755 earum
953 709 986 756 et
999 692 1145 783 haruspi-

97 818 159 859 cum
172 797 348 885 responsis,
362 816 491 881 regnum
508 796 619 859 Romoe
632 792 731 859 tribus
747 792 898 859 Corneliis
904 795 1059 883 portendi
1067 818 1144 859 con·

97 894 277 963 firmaverat:
303 910 377 962 onte
392 921 423 961 se
448 896 584 962 Cinnam
608 912 640 959 et
659 893 784 959 Sullam
792 892 923 981 fitisse;
945 918 978 959 se
996 899 1140 979 artium,

96 1022 169 1085 quern
185 1023 298 1065 necesse
312 1014 388 1065 esset
408 998 489 1065 Urbe
497 1000 602 1087 potiri
611 1020 624 1061 .·
636 1010 793 1085 praterea
813 1019 874 1059 esse
892 1020 1014 1061 annum
1029 998 1072 1061 ab
1093 1000 1144 1061 in·

95 1100 186 1163 cendit
206 1100 354 1190 Capitolii
369 1100 551 1165 vicesimum
560 1146 570 1179 ,
589 1110 707 1186 etpost
726 1098 903 1161 Vestalium
917 1098 1144 1163 absolutionem

95 1199 249 1284 decimum,
277 1225 371 1291 quem
399 1224 480 1289 saepe
496 1200 725 1289 proedieitsent
748 1198 924 1288 haruspices
952 1199 1034 1265 bello
1061 1201 1148 1265 civrb'

95 1318 236 1369 cnoenacm
243 1304 334 1392 fore.
355 1302 483 1369 Idcirco
503 1318 634 1365 senatus
656 1300 852 1381 lentulum,
869 1300 1018 1365 abdicato
1040 1302 1143 1391 magi-

95 1418 197 1486 smtu,
207 1406 350 1494 itemque
363 1420 516 1485 caeteros,
530 1404 564 1467 in
576 1402 676 1467 libera
692 1399 840 1465 custodia
853 1401 1022 1467 habendos
1039 1425 1144 1490 quum

95 1507 267 1589 censuisset,
284 1506 442 1571 Lentulus
462 1505 498 1569 P.
519 1503 659 1569 Lentulo
674 1503 859 1590 Spintheri,
878 1503 935 1590 qui
954 1519 1025 1567 tum
1042 1504 1143 1569 aditis

95 1620 163 1687 erat,
176 1609 334 1697 Cethegus
350 1608 392 1691 Q.
408 1604 604 1687 Cornificio,
620 1604 764 1668 Statilius
783 1606 819 1669 C.
835 1605 969 1686 Caesari,
985 1606 1143 1671 Gabinius

82 1700 130 1767 ·Μ.
153 1708 281 1789 Crasso,
306 1706 487 1796 Caeparius,
514 1707 572 1794 qui
595 1720 753 1769 retractus
776 1728 816 1769 ex
839 1704 915 1795 fuga
936 1706 1060 1790 fuerat,
1081 1711 1142 1775 Cu.

94 1802 226 1871 Terentio
241 1807 385 1873 senatori
400 1806 585 1871 traduntur.

128 1906 218 1973 XCV.
239 1906 438 1996 Supplicatio
456 1906 552 1969 etiam
577 1905 712 1969 nomine
735 1906 902 1971 Ciceronis
917 1905 1066 1989 decreta,
1085 1912 1142 1995 qui

94 2002 184 2072 honor
194 2009 317 2074 nemini
327 2024 402 2073 ante
416 2029 492 2071 eum
508 2021 618 2095 togato
632 2006 830 2095 contigerat,
844 2007 895 2071 his
910 2006 1017 2071 verbis
1032 2031 1041 2072 ε
1058 2012 1147 2097 quod

95 2106 190 2173 llrbem
201 2110 367 2187 tremat,
386 2106 471 2172 ccede
483 2109 579 2185 cives,
601 2104 734 2169 Italiam
746 2105 828 2168 bello
841 2105 1009 2171 liberasset.
1028 2108 1141 2190 Quum

93 2206 235 2276 interhaec
246 2210 371 2301 agenda
380 2208 574 2298 praeterisset
585 2206 667 2288 dies,
683 2205 825 2270 obscuro
832 2204 899 2284 jam
915 2208 1047 2289 consul,
1062 2210 1144 2296 quid

91 2327 183 2376 actum
194 2331 277 2379 esset
287 2361 296 2394 ,
308 2310 432 2401 poprdo
446 2308 614 2397 exposuit,
629 2307 722 2385 cujus
737 2328 853 2395 magna
867 2329 940 2394 pars
954 2310 1052 2396 paulo
1068 2326 1143 2375 autc

92 2408 161 2478 bello
179 2417 308 2482 laverat.
333 2415 427 2479 Tunc
444 2426 574 2492 autem,
591 2406 702 2474 subito
720 2424 919 2474 commutata
935 2427 1065 2494 mente,
1087 2413 1143 2478 Ci-

92 2533 223 2580 oemnem
239 2517 281 2584 ad
299 2516 411 2580 caelum
432 2513 589 2578 tollebant
610 2509 778 2588 laudibus,
797 2509 986 2576 incendium
1004 2515 1142 2580 maxime

91 2609 238 2699 detestati,
267 2615 362 2705 quod
381 2614 443 2680 sibi
466 2613 614 2701 inprimis
631 2612 854 2676 calamitosum
870 2613 942 2678 fore
959 2637 1026 2679 non
1044 2614 1142 2682 dubi·

92 2713 193 2782 tabant.
209 2721 307 2784 Forte
324 2714 440 2780 eodem
459 2714 528 2796 die,
546 2713 726 2801 eademque
743 2713 825 2777 hora
838 2713 921 2795 diei,
938 2739 1003 2803 qua
1019 2740 1079 2804 per
1090 2719 1141 2783 fo·

91 2835 149 2880 turn
161 2819 318 2900 conjurati
332 2818 367 2881 in
381 2815 448 2882 aede
461 2813 650 2881 Concordiae
664 2813 889 2897 ducebantur,
905 2817 992 2880 lovis
1008 2817 1141 2882 simula·

90 2933 166 2982 oum
176 2919 215 2984 ad
227 2937 339 2985 ortum
350 2919 442 2999 solis,
453 2917 488 2982 in
501 2931 679 3006 conspectu
690 2915 788 2980 curiae
801 2917 946 3003 forique,
956 2919 1141 3001 altioribus,

90 3037 172 3101 quam
190 3039 303 3104 anua,
320 3021 482 3086 columnis
497 3017 685 3106 impositum
704 3032 769 3097 est,
792 3039 896 3104 quum
911 3018 1045 3082 biennio
1064 3039 1141 3086 ante

90 3115 231 3206 locatum,
251 3145 359 3211 neque
374 3138 491 3196 ,tamen
517 3119 560 3184 ob
584 3117 767 3182 tarditatem
787 3117 894 3204 operis
916 3133 1075 3185 statutum
1098 3121 1140 3185 ad

90 3239 147 3284 eam
165 3223 247 3290 diem
272 3239 367 3290 esset.
387 3223 493 3312 Igitur
509 3219 600 3309 quod
618 3217 735 3283 eodem
754 3233 900 3306 tempore
919 3219 1076 3307 patefacta
1092 3239 1142 3287 est

89 3323 289 3411 conspiratio,
307 3323 398 3412 quod
419 3325 568 3388 futurum
590 3343 629 3386 eo
647 3319 742 3409 signo
763 3319 810 3384 sic
829 3321 936 3408 posito
954 3321 1140 3413 haruspices

89 3425 328 3510 responderant,
353 3447 420 3490 non
448 3423 518 3486 sine
546 3420 681 3484 nurnine
706 3419 844 3484 deorum
867 3423 964 3486 tantis
989 3425 1140 3511 periculis

88 3541 213 3612 ereptam
228 3550 299 3592 esse
317 3527 496 3605 civitatem,
513 3521 736 3588 crediderunt.

123 3627 231 3696 XCVI.
255 3627 434 3706 Postridie,
456 3649 560 3714 quum
583 3624 700 3688 iterum
723 3638 855 3686 senatus
875 3623 1069 3702 haberetur,
1088 3627 1140 3690 in·

88 3725 242 3796 troductus
259 3755 277 3795 a
294 3730 426 3794 consule
442 3729 478 3794 P.
493 3725 697 3814 Tarquitius,
715 3724 773 3812 qui
795 3723 960 3812 professus
971 3725 1139 3792 indicium

87 3823 197 3912 luerat,
224 3833 376 3897 Crassum
401 3830 487 3894 inter
511 3829 697 3908 conjuratos
725 3825 925 3908 nominavit,
951 3827 1140 3908 nobilitate,

114 4035 227 4099 sxctv.
239 4041 336 4088 Sallust.
347 4065 382 4076 -
397 4038 461 4086 l’lnt.
472 4063 507 4074 -·
520 4036 629 4100 Appiae.
641 4059 675 4072 -
690 4033 742 4081 Cic.
755 4059 791 4070 -
806 4031 913 4096 §XCK
924 4035 1029 4096 Quintil.
1042 4037 1081 4092 11,
1098 4038 1138 4084 16.

86 4144 114 4153 ·-
123 4121 170 4172 cie.
181 4124 205 4171 in
218 4125 265 4173 Pis.
279 4141 333 4188 cap.
346 4125 374 4177 3,
391 4135 415 4170 ct
425 4125 450 4169 in
460 4120 532 4170 Catil.
543 4121 593 4172 111.
605 4119 628 4166 8.
643 4145 677 4154 -
692 4115 789 4165 Sallust.
806 4145 838 4154 -
854 4118 912 4164 Dio.
