2875 4900
280 366 353 437 626
457 368 524 434 lo.
551 362 895 433 FREINSHEMll
928 363 1171 433 SUPPLEM.

279 489 424 569 abirent,
440 487 545 551 Caesar
559 482 730 573 dispositus
743 483 887 571 legiones
901 482 1013 549 subito
1027 484 1094 549 risu
1105 487 1212 549 facere
1224 482 1268 551 sd
1280 510 1351 551 snu-

278 612 333 653 ros
343 603 449 669 jussit.

324 690 409 755 LIX.
434 691 484 753 lta
505 708 609 774 quum
626 685 745 767 vineae,
768 708 848 773 quas
869 686 906 750 in
926 688 1057 753 occirlto
1074 688 1236 754 babuerat
1254 713 1349 778 expe·

280 791 380 871 uus,
405 789 552 855 celeriter
578 785 852 868 admoverentur,
878 802 914 851 et
932 786 1102 855 hostilium
1125 790 1349 855 machinarum

279 907 408 959 amenta
434 890 591 975 nervique
615 886 725 975 pluvit
745 888 882 953 resoluti
903 889 1112 980 languerent,
1134 892 1300 980 oppidum
1319 894 1349 955 ri

279 1010 410 1082 captum
434 1006 484 1057 est
504 1012 512 1055 :
532 987 706 1073 homines,
733 990 815 1055 citra
837 988 1012 1055 discrimen
1039 1015 1136 1058 sexus
1164 994 1350 1081 eratisque,

280 1098 364 1163 cresi.
386 1097 435 1159 De
453 1090 666 1181 quadraginta
687 1091 852 1172 millibus,
874 1092 928 1157 vix
945 1092 1141 1184 octingenti,
1164 1094 1209 1159 sd
1229 1112 1348 1175 castra,

281 1220 353 1285 que
375 1196 410 1259 in
431 1192 598 1282 proximo,
620 1191 678 1257 sed
695 1192 775 1257 locis
797 1194 894 1275 tutis,
918 1194 1164 1284 Vercingetorix
1187 1194 1350 1276 babebat,

280 1310 461 1363 eraserunt.
484 1291 568 1358 Inde
590 1292 784 1382 Gergoviam
804 1294 889 1359 itum
908 1310 976 1376 est,
999 1296 1033 1359 in
1058 1296 1216 1363 altissimo
1239 1316 1351 1363 monte

279 1398 422 1487 positum
437 1396 663 1459 Arvernorum
672 1394 842 1483 oppidum.
859 1395 923 1460 Sed
933 1397 1039 1461 arnnis
1052 1398 1167 1463 Elaver
1177 1400 1273 1487 prius
1287 1417 1352 1477 erat

279 1498 515 1579 transeundus,
530 1496 623 1578 cujus
636 1512 753 1585 pontes
766 1518 881 1561 omnes
895 1497 1142 1586 Vercingetorix
1156 1499 1350 1588 abmperst,

281 1617 335 1677 et,
362 1622 404 1663 ne
429 1596 618 1663 transeundi
642 1598 783 1686 spatium
806 1596 923 1661 Caesuri
945 1598 1162 1680 concederet,
1184 1599 1229 1663 ab
1252 1601 1350 1665 slters

280 1724 408 1791 semper
427 1702 529 1789 ripae
549 1699 682 1789 regione
702 1700 928 1763 Rornanorum
947 1715 1051 1763 cutm
1065 1699 1264 1765 metabatur.

325 1805 391 1869 LX.
411 1800 556 1867 'landem
574 1803 697 1882 Cesar,
714 1800 851 1865 silvestri
863 1801 938 1865 loen
953 1801 1068 1889 positis
1082 1801 1211 1884 ussuis,
1230 1804 1352 1889 postri-

281 1904 334 1971 die
356 1926 432 1968 cum
454 1903 569 1992 viginti
591 1902 783 1967 cohortibus
798 1903 948 1967 occultus
966 1901 1083 1968 eodem
1097 1902 1172 1966 loco
1187 1902 1352 1981 substitit,

282 2021 409 2069 reterns
421 2004 528 2091 copias
538 2025 616 2067 cum
629 2002 883 2090 impedimentis,
894 2002 1173 2092 quemadmodum
1186 2004 1355 2092 prioribus

282 2104 398 2169 diebus
419 2102 573 2167 omnibus
593 2104 701 2169 lacere
720 2120 949 2186 consueverat,
971 2104 1103 2169 dimisit.
1122 2106 1258 2185 Hostes,
1279 2128 1354 2169 sno·

282 2206 364 2269 visse
382 2227 458 2268 cum
476 2219 548 2268 toto
564 2203 707 2269 exercitu
724 2207 881 2269 Caesarem
894 2205 1056 2286 arbitrati,
1074 2228 1136 2269 sun
1154 2228 1245 2269 more
1264 2205 1355 2269 inse·

282 2318 441 2392 quuntur.
460 2304 504 2366 Ut
523 2304 610 2367 enim
625 2303 766 2384 falleret,
783 2326 852 2369 nnn
873 2320 955 2369 totss
970 2306 1134 2393 legiones,
1147 2306 1207 2371 sed
1220 2323 1357 2407 quartas

281 2427 428 2492 quasque
440 2404 593 2471 cohortes
605 2404 784 2469 retinuerat
797 2427 806 2469 ε
818 2406 865 2493 ita
877 2405 1045 2471 constsbnt
1057 2407 1224 2497 legicnmn
1236 2430 1356 2479 nume

281 2528 354 2586 rus,
369 2522 418 2588 et,
432 2504 573 2570 diductis
587 2503 774 2590 ordinibus,
788 2508 911 2595 species
921 2507 1037 2595 prioris
1048 2507 1267 2572 multiusdiuis
1283 2531 1355 2573 non

281 2629 364 2696 tegre
379 2603 588 2676 efficiebatur.
614 2606 663 2669 ltn
682 2607 804 2689 Caesar,
824 2606 975 2696 digressis
998 2609 1172 2691 hostibus,
1194 2609 1357 2676 subitario

282 2729 381 2796 opere
413 2723 547 2796 pontem
577 2707 707 2789 refecit,
735 2708 919 2796 militesque
944 2709 1149 2793 transduxit5
1171 2708 1357 2800 eademque

283 2824 379 2872 nocte
395 2829 579 2898 progressas
598 2809 737 2896 reliquas
754 2811 864 2898 copies
878 2812 1049 2876 revocsrit

326 2910 409 2974 LXI.
430 2908 562 2991 Quintis
577 2908 696 2974 deiude
711 2912 823 2974 castris
840 2911 882 2975 sd
902 2912 1095 3000 Gergoviam
1113 2929 1246 2978 ventum
1266 2937 1277 2978 s
1298 2938 1357 2980 eo-

282 3010 424 3098 demque
439 3011 546 3076 stntim
562 3033 638 3076 cum
653 3012 805 3076 omuibus
823 3013 925 3101 copiis
944 3013 1189 3103 Vercingetorix
1205 3018 1356 3080 soeoesit.

284 3112 398 3193 Quum
414 3110 467 3176 hic
483 3112 630 3176 locorum
647 3111 728 3176 situs
741 3129 840 3195 esset,
856 3114 945 3178 utin
961 3116 1059 3202 plano
1074 3133 1177 3180 cestra
1192 3132 1356 3182 metatum

283 3213 461 3293 Caesarem,
482 3235 522 3277 ex
542 3213 765 3301 superioribus
787 3216 867 3280 locis
886 3215 970 3281 Galli
984 3219 1164 3305 plurimum
1180 3219 1356 3298 infestare,

283 3312 388 3376 Caesar
410 3313 551 3377 vicissim
578 3336 695 3378 nocere
718 3315 757 3382 iis
782 3316 863 3381 nibil
882 3333 1007 3406 posset3
1029 3319 1146 3384 collem
1171 3342 1190 3384 e
1215 3321 1357 3408 regione

283 3413 373 3478 urbis
389 3414 506 3494 situm,
524 3429 626 3480 noctu
648 3414 772 3496 dejecto
792 3417 942 3505 praesidio
957 3421 1194 3501 Arvernum,
1211 3441 1358 3510 nempe·

283 3513 344 3594 rit,
365 3512 453 3586 unde
466 3512 508 3578 nd
521 3531 635 3578 cetera
650 3539 785 3605 quoque
801 3519 946 3601 castella,
962 3521 1145 3608 urbemque
1160 3522 1261 3609 ipsam
1280 3524 1356 3588 adi·

283 3631 353 3678 tum
370 3630 504 3702 pararet.
523 3615 587 3680 Sed
602 3639 678 3682 eum
700 3619 822 3684 abhoc
842 3637 983 3702 conatu,
1004 3621 1164 3686 sollicitati
1179 3645 1199 3686 s
1212 3623 1357 3688 Vercin-

282 3715 425 3805 getorige
446 3713 549 3780 AEdui
566 3716 801 3786 abstraxerunt.
822 3722 988 3788 Auxilium
1003 3723 1046 3786 ab
1062 3723 1114 3788 his
1130 3723 1357 3812 pmtnlarerst

282 3820 387 3884 Custr
410 3816 523 3882 decem
546 3819 655 3884 millis.
678 3821 737 3886 llis
762 3839 801 3888 ut
821 3823 1039 3912 preficereusr
1058 3826 1146 3914 ipse,
1169 3827 1356 3915 funesque

283 3919 351 3998 ejus
364 3942 441 3984 cum
457 3920 525 3986 aliis
543 3921 746 4010 principibus
761 3924 803 3989 sd
818 3927 976 3992 Caessrem
992 3929 1284 4015 poemitterenusr,
1302 3929 1357 3992 u-

315 4133 332 4198 s
344 4135 433 4186 nrm.
444 4136 515 4186 om.
528 4163 564 4174 -
572 4137 635 4185 ces.
