2875 4900
260 358 327 427 126
422 341 870 429 Jo.FRE1NsuEM'11
904 314 1146 429 surram.

256 497 432 571 caeperunt.
456 482 542 545 Tum
558 502 636 545 vero
655 479 836 570 fugientem
859 482 999 547 Cinnam
1017 482 1150 569 quidam
1175 482 1324 547 centurio

256 599 466 670 assequutus,
483 581 524 646 ad
537 602 643 671 genua
660 581 723 645 sibi
742 582 959 663 accidentem,
974 584 1200 671 annulumque
1213 583 1323 672 magni

256 684 350 772 pretii
363 684 571 763 offerentem,
586 683 698 746 stricto
711 682 818 772 gladio
830 684 978 747 confodit
988 706 996 747 ε
1005 706 1069 747 non
1080 685 1324 770 adsignandam

255 787 467 872 sponsionem,
483 780 722 868 sedfoedr'ssimi
735 785 1031 874 tyrannipuniarrdi
1040 806 1139 849 coroa
1153 809 1185 848 se
1199 785 1321 864 adesse,

257 885 418 973 praefatus.

302 988 391 1051 XVI.
418 986 537 1049 Occiso
558 986 678 1066 Cinna,
700 987 760 1050 Cn.
779 986 886 1051 Carbo
903 985 1116 1073 presentibus
1136 985 1226 1051 haud
1248 1008 1325 1049 sane

257 1088 360 1168 laetus,
369 1087 525 1151 revocatis
540 1086 725 1150 eDalmatia
738 1086 907 1168 militibus,
913 1085 1172 1150 dominationem
1185 1086 1326 1150 retinere

258 1189 361 1252 nihilo
373 1186 551 1252 modestior
566 1186 668 1250 Cinna
682 1187 881 1251 conabatur:
891 1209 999 1275 neque
1011 1186 1152 1251 tribunis
1164 1186 1267 1275 plebis
1283 1185 1325 1249 ad

215 1300 226 1319 ‘
258 1289 389 1353 comitia
404 1286 552 1353 habenda
568 1286 674 1352 redire
686 1286 877 1367 jubentibus
893 1288 1156 1377 obtemperabat,
1171 1288 1278 1353 donec
1290 1310 1325 1351 se

259 1390 480 1479 magistratum
499 1389 529 1453 ei
544 1388 756 1478 abrogaturos
774 1406 853 1453 sunt
868 1386 992 1454 minati.
1008 1389 1072 1454 Sed
1087 1391 1236 1471 comitia,
1252 1390 1327 1453 licet

257 1491 413 1579 repetita,
431 1491 500 1555 siue
517 1512 670 1556 successu
683 1492 819 1555 suerum
831 1513 840 1555 :
853 1491 953 1555 semel
963 1489 1077 1555 avibus
1090 1513 1158 1555 non
1170 1490 1326 1556 addicen-

259 1593 364 1675 tibus,
382 1593 418 1655 in
433 1592 528 1655 aliam
544 1590 650 1673 diem3
666 1592 803 1672 iterum,
822 1593 899 1679 quia
915 1594 1015 1656 Luna
1035 1593 1225 1682 Cererisque
1240 1608 1326 1656 tacta

259 1692 300 1757 de
314 1693 392 1757 coelo
410 1692 484 1757 fana
494 1708 601 1774 erant,
610 1714 649 1757 ex
661 1692 872 1779 haruspicum
887 1716 1054 1781 responso,
1067 1711 1141 1782 post
1151 1694 1326 1759 solstitium

259 1794 363 1859 dilata.
375 1792 505 1857 Netum
518 1792 650 1881 quidem
662 1792 820 1857 suffectam
832 1795 1006 1905 quisqam
1016 1809 1080 1876 est,
1093 1794 1230 1883 totoque
1238 1818 1326 1859 anno

259 1896 465 1961 considatum
485 1896 591 1959 Carbo
610 1894 698 1958 solus
714 1894 822 1984 gessit.

303 1996 407 2061 XVII.
427 1996 554 2059 Interea
571 1996 659 2061 Sulla
677 1994 867 2059 ordinandis
887 1997 1019 2061 Graeciae
1034 1996 1132 2061 rebus
1147 2020 1206 2085 per
1220 1997 1325 2060 Thes·

259 2100 369 2165 saliam
391 2096 563 2173 incedens,
584 2110 720 2185 propter
742 2097 892 2176 Archelai
913 2098 1087 2179 morbum,
1114 2100 1246 2163 larissae
1266 2120 1329 2185 per

259 2203 383 2290 aliquot
397 2200 466 2265 dies
483 2200 646 2281 substitit;
665 2200 801 2287 ejusque
818 2222 887 2264 non
907 2222 998 2265 secus
1016 2201 1082 2290 egit
1097 2222 1224 2280 curam,
1243 2220 1281 2262 ac
1298 2201 1326 2261 si

260 2304 398 2393 legatus,
415 2316 472 2365 aut
488 2302 610 2389 collega
625 2303 710 2365 foret
728 2324 736 2364 :
752 2300 843 2366 unde
857 2324 1007 2366 rumores
1021 2304 1099 2383 orti,
1116 2324 1184 2365 non
1203 2301 1327 2393 optima

261 2404 326 2470 fide
337 2418 518 2494 pugnatum
529 2403 562 2466 in
571 2402 693 2466 lloeotia
704 2424 790 2484 esse,
803 2403 1042 2491 praemiumque
1054 2402 1248 2491 proditionis
1262 2402 1329 2466 hoc

261 2505 421 2570 Archelao
437 2503 525 2585 dari,
542 2503 819 2590 quemadmodum
844 2526 912 2567 non
933 2505 994 2568 alia
1013 2504 1055 2568 de
1078 2527 1170 2568 causa
1192 2521 1328 2567 necatus

260 2625 348 2666 unus
364 2603 513 2667 omnium
534 2602 730 2668 Mithridatis
748 2604 927 2667 amicorum
943 2605 1061 2668 Aristio
1075 2606 1159 2670 foret
1174 2606 1328 2693 (caeteros

261 2704 348 2767 enim
374 2719 505 2790 accepta
533 2705 630 2767 classe
656 2693 749 2768 Sulla¹
772 2703 977 2791 dimiserat),
1004 2707 1161 2770 Archelao
1191 2706 1326 2770 discors.

260 2804 366 2868 Etiam
388 2805 563 2892 appellatus
582 2804 623 2867 ab
639 2805 727 2868 Sulla
743 2807 850 2868 socius
872 2823 906 2870 et
927 2807 1050 2870 amicus
1066 2807 1179 2895 populi
1199 2807 1328 2870 romani

172 2895 176 2906 ⁴
261 2905 451 2995 Cappadox,
472 2905 609 2993 acceptis
630 2904 765 2992 insuper
788 2905 900 2969 decem
923 2906 1065 2970 millibus
1083 2906 1235 2996 jugerum
1259 2907 1328 2997 agri

260 3006 404 3087 euboici,
417 3008 451 3069 in
464 3005 609 3070 eamdem
621 3006 840 3093 suspicionem
852 3007 1040 3072 trahebatur
1052 3031 1059 3072 :
1071 3029 1143 3096 quae
1156 3008 1242 3072 Sulla
1256 3009 1328 3097 ipse

261 3109 294 3172 in
307 3107 555 3172 Commentariis
573 3107 639 3170 suis
656 3107 754 3171 relata
770 3107 876 3174 diluit.

303 3209 424 3272 XVIII.
438 3209 500 3271 Per
513 3209 709 3272 Thessaliam
723 3208 842 3274 deinde
856 3227 889 3274 et
904 3209 1129 3274 Macedoniam
1146 3208 1188 3274 ad
1199 3209 1328 3273 Helles·

260 3325 400 3397 pontum
414 3308 558 3372 ¹ducenti
585 3327 800 3374 occurrerunt
826 3311 922 3400 legati
947 3311 1164 3391 Mithridatis,
1195 3326 1328 3375 caetcras

259 3410 451 3473 conditiones
470 3411 606 3498 probare
629 3433 733 3497 regom
756 3413 960 3494 nuntiantes,
987 3414 1043 3476 sed
1065 3413 1329 3501 Paphlagoniam
1388 3455 1394 3460 -

259 3511 421 3599 saepem
436 3512 476 3575 de
490 3513 620 3576 novibus
636 3515 731 3576 etiam
740 3518 931 3601 premissum
949 3515 1032 3578 mlii!
1045 3516 1219 3578 arbitrari:
1232 3514 1327 3579 addi·

261 3605 392 3676 derunt
403 3611 537 3692 deinde,
555 3613 705 3700 oeqmbres
724 3636 755 3677 se
773 3616 964 3680 condr'tiorres
981 3620 1148 3705 impetrare
1166 3617 1209 3679 ab
1225 3617 1328 3680 altem

259 3708 447 3804 imperatore
464 3713 498 3778 C.
508 3713 647 3777 Fimbria
664 3719 809 3802 potuisse.
827 3719 900 3783 Hoc
917 3720 1079 3808 precipue
1095 3718 1183 3783 dicto
1198 3741 1328 3783 exacer-

296 3950 385 4018 SXV.
405 3949 528 3998 Plutarch.
546 3975 581 3984 -
599 3949 716 4014 Appiam*
728 3965 763 3986 a-
781 3947 797 4015 s
814 3951 885 3998 m.
899 3951 964 4000 vell.
982 3953 1024 4007 n,
1042 3957 1084 4006 at.
1096 3977 1133 3987 -
1146 3951 1199 3998 le.
1212 3951 1327 4016 Eplc-
1387 4007 1393 4014 ,

260 4033 382 4082 Plutarch.
397 4033 423 4078 in
443 4031 525 4090 Sulla,
543 4045 596 4096 cap.
612 4031 652 4087 46.
668 4059 703 4069 -
718 4033 768 4081 DIo
782 4032 849 4098 apud
870 4034 938 4082 Fulv.
953 4035 1037 4082 Ursin.
1061 4061 1095 4070 -
1115 4031 1132 4098 5
1149 4034 1234 4080 xvn.
1247 4034 1326 4082 strab.

260 4118 303 4166 lib.
317 4119 351 4166 IX
369 4128 393 4162 et
405 4119 464 4162 ΧΠ.
481 4141 515 4152 -ν
533 4115 657 4164 Plutarch.
677 4145 711 4154 -
731 4117 837 4182 Appian.
855 4116 969 4164 Mithrid.
988 4145 1023 4154 -
1040 4116 1114 4164 Illod.
