2875 4900
318 393 388 465 302
491 392 561 462 10.
588 396 615 462 F
620 393 928 464 REINSIIEMII
959 393 1203 462 SUPPLEM.

317 531 410 603 parte
422 513 569 601 corporis
583 513 696 602 pueri,
712 513 739 576 si
753 511 857 592 forte,
871 510 952 576 dum
965 511 1030 600 pila
1042 533 1077 576 se
1091 530 1255 596 exercent,
1269 537 1364 602 pecca-

314 617 453 694 vissent,
467 614 587 702 exlege
598 611 669 678 ludi
680 613 815 678 verbera
827 613 1042 700 perferebant.

360 715 515 780 XXXIX.
533 715 611 778 Non
632 714 733 802 igitur
757 711 970 800 quaerendum
992 729 1059 794 est,
1085 737 1144 778 cur
1165 714 1228 778 hoc
1245 716 1364 780 consule

315 815 508 904 praeteribi.
534 816 651 880 Crasso
670 813 784 878 servile
809 811 1010 882 demandatis
1029 814 1151 882 bellum
1174 833 1319 900 senatus;
1338 833 1363 878 at

313 916 471 1005 collegam
489 915 559 995 ejus
574 916 634 980 Cu.
652 913 817 979 Aufidium
840 934 913 1002 quan
936 937 1030 981 causa
1050 917 1241 998 removerit,
1262 917 1363 980 diffici-

314 1018 378 1081 lius
395 1018 438 1080 sit
458 1015 575 1079 dicere.
599 1014 722 1096 Credo,
746 1015 913 1103 praelatum
931 1016 976 1082 illi
1000 1017 1153 1081 Crassum
1171 1017 1215 1080 ob
1230 1017 1362 1105 peritiam

307 1118 361 1182 rei
379 1117 525 1181 militaris
542 1115 659 1196 fuisse,
672 1115 765 1195 cujus
779 1117 845 1196 jam
862 1131 937 1180 ante
956 1115 1046 1180 haud
1061 1117 1296 1181 contemnenda
1313 1116 1362 1180 do·

312 1232 466 1282 cumenta
483 1216 637 1282 dederat:
653 1231 686 1282 et
707 1232 775 1280 erat
794 1216 833 1282 iis
855 1216 1057 1303 temporibus
1079 1239 1253 1306 permagna
1272 1215 1361 1280 Crassi

312 1319 487 1384 auctoritas
495 1365 505 1400 ,
513 1316 837 1407 proficiscentemque
846 1318 940 1382 multi
953 1318 1077 1384 nobiles
1087 1318 1119 1382 in
1132 1319 1254 1384 bellum
1263 1333 1362 1406 sponte

313 1420 443 1509 sequuti
459 1435 548 1484 sunt.
566 1419 724 1508 Legiones
737 1419 771 1482 in
785 1419 975 1485 universum
987 1418 1128 1484 habebat
1145 1437 1242 1501 octo;
1259 1419 1361 1506 quippe

313 1522 462 1611 priorum
475 1521 649 1584 consulum
666 1520 844 1596 exercitum
859 1520 936 1592 novi
951 1519 1096 1586 delectus
1109 1535 1274 1586 auxerant.

356 1623 425 1686 XL.
442 1621 547 1710 Igitur
565 1621 642 1709 quia
658 1637 814 1686 venturus
832 1621 867 1684 in
882 1621 1039 1686 Picenum
1053 1623 1224 1710 Spartacus
1240 1635 1318 1702 erat,
1332 1633 1360 1681 ut

312 1747 388 1788 eum
404 1737 625 1810 praeverteret,
643 1723 833 1786 festinanter
856 1722 957 1810 copiis
975 1721 1101 1804 ductis,
1120 1724 1261 1811 legatum
1279 1742 1358 1786 suum

311 1823 511 1888 Mummium
532 1845 610 1886 cum
628 1822 743 1909 viginti
761 1822 975 1906 cohortibus,
994 1823 1036 1888 ad
1055 1821 1358 1888 circumveniendum

310 1941 434 2013 atergo
453 1924 599 1998 bostem,
620 1921 748 1987 diverso
771 1923 886 1986 itinere
910 1924 1016 2004 misit,
1037 1945 1111 1987 cum
1133 1923 1305 2003 mandatis,
1317 1937 1359 1998 ut,

310 2048 415 2113 quum
437 2041 631 2114 perventum
653 2039 759 2104 esset,
783 2047 849 2110 quo
873 2025 1048 2108 voluisset,
1070 2027 1260 2113 Spartacum
1284 2023 1358 2110 sequi

310 2143 501 2206 contentus,
514 2149 530 2188 a
544 2122 722 2216 pugnando
737 2123 923 2188 abstineret.
936 2128 980 2188 At
992 2125 1056 2206 ille,
1070 2126 1166 2190 simul
1181 2127 1283 2213 aliqua
1300 2143 1358 2209 spes

310 2228 395 2291 bene
409 2225 559 2315 gerendae
574 2225 622 2288 rei
638 2223 784 2311 cupienti
801 2225 911 2292 animo
929 2227 1067 2290 allucere
1084 2227 1173 2309 visa,
1192 2242 1298 2315 spreto
1312 2225 1359 2286 in·

310 2330 401 2417 perio
418 2327 559 2391 contulit
576 2327 686 2414 signa,
705 2325 875 2413 victusque
892 2327 1011 2390 multos
1027 2327 1133 2391 amisit
1151 2329 1287 2408 militcs;
1302 2324 1360 2413 plu·

309 2452 361 2495 res
372 2478 382 2511 ,
393 2427 525 2509 abjectis
538 2428 635 2493 armis
648 2424 661 2508 ,'
675 2425 717 2491 ad
735 2429 886 2493 Crassum
905 2429 1107 2519 refugerunt.
1121 2429 1199 2511 Ille,
1215 2423 1358 2493 Mummio
1391 2417 1392 2430 ¹

309 2532 426 2595 acriter
443 2531 620 2617 increpito,
640 2528 797 2593 militibus
820 2528 881 2591 alia
902 2526 993 2592 dedit
1010 2550 1120 2609 arma,
1137 2544 1359 2615 sponsoresque

310 2630 436 2718 exegit,
454 2652 492 2693 ec
508 2652 575 2693 non
594 2629 782 2693 omissuros.
1089 2634 1093 2641 '
1341 2621 1344 2627 ¹

354 2733 440 2797 XLI.
457 2730 584 2795 Deinde
600 2732 818 2819 quingentos,
838 2728 994 2817 aquibus
1013 2729 1142 2793 initium
1162 2748 1274 2797 ortum
1289 2730 1358 2816 luge

310 2834 434 2915 fuerat,
458 2847 548 2896 sorte
565 2830 699 2911 ductos,
723 2852 813 2895 more
833 2832 991 2912 majorum
1013 2830 1089 2903 fusti
1109 2834 1270 2919 percussit
1284 2855 1293 2895 ε
1307 2831 1359 2893 hoc

309 2935 445 3024 propius
461 2930 558 2997 fidem
576 2948 641 3013 cst,
665 2955 764 3020 quam
782 2931 872 3021 quod
893 2932 963 3013 alii,
986 2947 1092 2995 totum
1111 2934 1304 3011 exercitum,
1321 2930 1358 2993 le·

311 3036 423 3123 giones
440 3049 514 3099 octo
530 3032 704 3097 decimatas
719 3033 828 3114 aiunt,
847 3033 1052 3119 militumque
1066 3032 1107 3097 ad
1121 3034 1221 3099 millia
1236 3049 1358 3121 quatuor

310 3157 351 3199 eo
369 3134 529 3225 supplicio
551 3134 694 3222 periisse.
717 3134 787 3199 Nec
807 3134 870 3197 alio
893 3151 1040 3221 tempore
1062 3135 1251 3201 clarioribus
1272 3134 1358 3199 docn-

310 3238 429 3300 mentis
449 3236 616 3323 apparuit,
637 3257 735 3322 quam
753 3235 899 3299 saluteris
921 3236 963 3301 sit
981 3236 1148 3317 severitas,
1172 3237 1230 3303 ubi
1251 3235 1358 3301 leuiora

309 3336 452 3400 remedia
468 3352 728 3402 contemnuntur
743 3359 751 3401 :
766 3358 841 3401 nant
857 3338 1031 3424 posthanc
1047 3337 1358 3412 animadversionem,

308 3434 401 3499 ducis
411 3436 548 3515 majore,
560 3458 658 3523 quam
675 3436 794 3518 hostis,
809 3454 900 3501 metu
910 3436 996 3526 apud
1011 3460 1087 3503 suos
1099 3440 1248 3521 excitato,
1261 3437 1357 3501 decen

309 3534 408 3597 millia
418 3534 630 3621 fugitiuorum
642 3535 777 3601 seorsim
788 3538 901 3602 stativa
913 3538 1103 3603 habentium
1119 3562 1300 3629 aggressus,
1313 3554 1358 3599 sex

308 3635 410 3699 millia
425 3656 540 3699 eorum
555 3634 735 3719 interfecit,
752 3639 902 3725 cepitque
917 3657 1111 3729 nongentos.
1126 3640 1253 3729 Reliqui
1268 3657 1357 3727 quum

307 3736 349 3800 ad
371 3734 502 3799 ducem·
519 3737 732 3825 refugissent,
756 3741 889 3804 Crassus
917 3740 951 3803 in
976 3741 1082 3830 ipsum
1105 3764 1239 3830 quoque
1261 3736 1357 3804 intulit

309 3838 415 3929 signa,
432 3858 693 3926 prosperumque
708 3840 855 3927 praelium
873 3840 959 3905 fecit.

343 4005 359 4070 s
372 4004 500 4052 xxm.
513 4002 577 4051 Plus
588 4003 614 4051 iu
626 4003 729 4063 Crasso,
743 4020 797 4067 esp.
808 4004 832 4051 θ’.
845 4032 880 4042 -
890 4005 1000 4071 Appitn.
1009 4006 1063 4056 Cir.
1073 4006 1117 4055 lib.
1129 4009 1149 4055 l.
1161 4034 1196 4043 -
1209 4006 1313 4060 Osos-V.
1323 4008 1356 4053 ²61

307 4114 344 4125 -
359 4088 376 4152 §
393 4088 445 4135 XL.
462 4085 570 4151 Appias.
589 4114 624 4123 -
640 4086 657 4150 s
673 4088 739 4134 XLI.
754 4089 827 4135 Oros.
847 4114 882 4125 -
900 4088 989 4151 Polyb.
1002 4090 1046 4137 lib.
1054 4090 1103 4149 VI,
1120 4106 1174 4155 csp.
1192 4091 1233 4138 35.
1253 4116 1285 4129 -
1301 4086 1355 4135 Plut-

307 4171 459 4236 -Appisn
1272 4197 1276 4205 .
