2875 4900
304 398 373 471 580
481 397 548 465 JO.
576 392 917 490 FREINsnnMu
947 392 1189 463 SUPPLEM.

300 524 388 587 enisa
416 518 531 583 luerat.
554 517 680 603 Corpus
701 528 858 577 matronae
882 536 987 601 quum
1011 514 1046 577 in
1068 499 1141 577 loro
1162 513 1339 601 propositum

300 638 400 705 esset,
425 636 500 709 post
520 618 693 682 funebrem
714 614 934 679 laudationem
959 617 1069 704 rapuit
1091 616 1247 705 populus,
1267 630 1296 679 et
1313 614 1339 676 in

299 747 415 813 campo
436 721 555 788 Martio
573 718 737 806 sepelivit,
754 717 894 781 tribunis
912 718 1144 802 incitantibus,
1166 718 1221 805 qui
1237 714 1276 780 ad
1289 715 1340 779 bor

298 829 339 893 ab
363 825 474 891 amicis
497 822 627 887 Caesaris
653 834 752 907 atque
773 818 924 907 Pompeii
950 817 1108 883 conducti
1130 818 1273 898 fuerant,
1297 830 1340 879 aut

298 942 415 1018 sponte
439 924 614 1013 captabant
641 921 702 985 bac
732 918 920 984 adulatione
944 919 1195 1010 propotentium
1216 919 1340 983 viromn

296 1032 442 1122 gratiam.

340 1135 383 1198 11.
397 1131 433 1195 L.
446 1127 611 1194 Domitius
628 1124 839 1205 reclamabat,
856 1126 888 1187 ia
903 1121 1007 1189 loom
1019 1145 1144 1188 scenam
1155 1120 1341 1209 irfirrr'mor·

296 1248 402 1312 tuum,
423 1226 514 1317 nefas
530 1248 592 1289 esse
609 1224 762 1289 dictitans
779 1246 912 1311 :neque
930 1240 1040 1289 tamen
1058 1225 1141 1289 ratio
1161 1223 1257 1289 valuit
1271 1218 1341 1309 apud

295 1347 471 1421 occupatos
493 1326 685 1408 affectibus,
708 1342 742 1390 et
767 1325 910 1389 consulis
929 1325 1156 1389 auctoritatem
1176 1346 1236 1413 pro
1256 1320 1340 1385 nihilo

294 1432 407 1498 baberi
429 1428 657 1495 translatitium
679 1441 757 1491 erat.
775 1425 841 1490 Sed
858 1424 1104 1514 prudentiores,
1122 1442 1157 1491 et
1172 1426 1285 1514 quibus
1297 1422 1341 1485 ali·

294 1557 357 1622 qua
374 1530 528 1621 publicae,
545 1544 601 1591 aut
625 1527 722 1591 etiam
745 1548 811 1590 suae
834 1528 880 1591 rei
905 1550 983 1591 eura
1000 1543 1088 1607 erat,
1107 1528 1212 1616 gravis
1231 1524 1341 1588 incessit

293 1651 418 1715 metus,
430 1632 519 1711 lore,
533 1646 589 1711 ut,
605 1630 669 1692 hoc
679 1629 767 1691 inter
777 1628 863 1693 duos
875 1628 1004 1693 sublato
1015 1628 1199 1693 conconliar
1209 1628 1342 1716 pignore,

292 1736 428 1801 ambitio
457 1733 651 1798 aemulorum
677 1730 826 1794 civilibus
849 1730 947 1793 armis
972 1728 1155 1795 collidatur,
1181 1730 1249 1795 Nec
1269 1729 1341 1791 sau·

293 1835 419 1901 dandus
442 1832 571 1899 virtutis
596 1846 629 1894 et
651 1829 815 1920 gravitatis
838 1852 905 1894 sure
926 1828 1023 1895 laude
1047 1831 1178 1913 Coesar,
1200 1831 1256 1920 qni
1273 1830 1340 1894 intra

292 1939 423 2005 tertium
441 1934 548 2016 diem,
569 1954 667 2021 mam
695 1932 766 1995 haee
790 1932 938 1995 nuntiata
960 1948 1069 2013 erant,
1089 1931 1132 1996 ad
1155 1928 1339 2021 imperatoria

291 2040 403 2103 munia
419 2036 525 2101 rediit.

334 2142 393 2205 111.
413 2142 505 2203 Inter
524 2136 594 2199 haec
610 2137 647 2199 A.
663 2133 794 2201 Gabinii
809 2156 922 2215 eausa,
942 2135 1032 2198 vario
1047 2150 1080 2197 et
1099 2133 1255 2223 pudendo
1266 2130 1339 2213 judi·

291 2243 416 2306 ciorum
440 2255 559 2305 eventu
588 2236 779 2325 agitabatur.
805 2234 862 2300 Ille
884 2235 1019 2324 periculi
1039 2237 1090 2301 sui
1110 2260 1180 2300 non
1206 2238 1340 2325 ignarus,
1392 2269 1393 2276 .

290 2346 392 2431 quum
411 2361 560 2429 magnam
576 2337 641 2402 vim
658 2337 727 2401 auri
744 2336 786 2400 ad
804 2337 1024 2402 conciliandos
1037 2337 1098 2402 sibi
1112 2338 1263 2402 homines
1275 2357 1340 2425 pra·

289 2443 445 2522 misisset,
461 2455 598 2504 exeunte
611 2438 789 2527 septembri
804 2456 906 2504 noctu
919 2437 1066 2504 introivit
1079 2439 1113 2503 in
1128 2441 1270 2522 Urbem3
1282 2460 1341 2528 pau·

288 2565 410 2632 cosque
427 2556 502 2630 post
517 2539 618 2605 diesa
635 2541 672 2606 C.
691 2541 849 2606 Memmio
863 2541 997 2606 tribuno
1018 2542 1121 2632 plebis
1141 2544 1185 2608 ad
1200 2543 1339 2632 populum

287 2645 403 2710 acriter
430 2659 479 2708 est
505 2660 682 2708 accusatus.
713 2644 826 2725 Quum
852 2642 1062 2707 damnaretur
1087 2667 1182 2727 reus,
1207 2645 1340 2718 Sisenna,

287 2747 416 2813 Gabinii
436 2745 539 2826 lilius,
555 2745 596 2810 ad
615 2745 713 2833 pedes
727 2745 873 2809 Memmii
893 2744 1086 2834 procubuit,
1105 2769 1168 2835 pro
1184 2764 1274 2835 patre
1294 2743 1341 2807 de·

287 2847 526 2938 precabundus.
539 2848 623 2911 Eum
635 2847 811 2912 Memmius
820 2847 906 2912 truci
915 2847 1010 2910 vultu
1021 2865 1198 2931 aversatus,
1207 2850 1341 2936 aliquam

286 2950 345 3016 diu
362 2950 456 3014 bumi
479 2949 583 3029 jacere
608 2949 691 3012 sivit.
717 2951 794 3012 Haec
819 2947 959 3037 species,
983 2963 1017 3012 et
1040 2947 1132 3036 quod
1157 2965 1341 3014 excussus?

287 3075 386 3116 manu
400 3047 612 3115 adolescentis
630 3049 772 3112 annulus
792 3049 974 3130 visebatur,
996 3049 1039 3112 ita
1056 3051 1194 3115 mutavit
1209 3051 1340 3127 animos,

286 3170 340 3235 ut,
355 3150 611 3241 approbantibus
626 3151 770 3231 cunctis,
784 3173 803 3212 a
817 3151 951 3214 tribuno
966 3150 1070 3240 plebis
1082 3153 1182 3218 Laelio
1199 3153 1341 3219 Gabinius

285 3255 511 3322 dimitteretur.
525 3253 641 3317 Postea
653 3273 787 3338 quoque
799 3267 888 3317 tanta
899 3254 933 3315 in
943 3252 1108 3331 judicibus
1117 3255 1271 3344 rogandis
1278 3275 1341 3319 con·

285 3356 388 3419 tentio
407 3357 466 3418 Cn.
486 3353 635 3440 Pompeii
654 3351 739 3433 suit,
761 3354 894 3416 Caesaris
913 3375 984 3417 eam
1003 3354 1114 3418 amieis
1134 3356 1226 3420 enise
1244 3355 1340 3444 opim-

283 3453 445 3534 lantibus,
466 3469 504 3517 ut
523 3475 541 3516 a
561 3453 598 3518 L.
622 3453 783 3535 Lentulo,
802 3451 938 3518 flaminis
961 3453 1047 3537 filio,
1068 3455 1156 3543 apud
1176 3459 1213 3521 C.
1235 3455 1340 3521 Allium

282 3571 454 3645 praetorem
472 3555 643 3634 majestatis
660 3555 842 3643 postulatus
857 3554 1032 3638 Gabinius,
1049 3580 1180 3622 summo
1193 3559 1342 3624 dedecore

278 3655 426 3738 judicum
442 3655 672 3721 absolveretur.

316 3831 333 3898 s
344 3835 365 3880 1.
382 3831 414 3880 11.
427 3830 455 3879 C.
470 3829 535 3894 69&
551 3830 582 3877 Α.
598 3829 625 3878 C.
638 3829 680 3884 54·
696 3855 731 3866 -·
740 3829 803 3879 ca.
815 3831 847 3878 de
860 3831 888 3880 B.
903 3831 967 3880 Gall.
978 3832 1056 3881 libN.
1067 3860 1103 3870 -
1114 3834 1239 3883 Pluttmb.
1247 3836 1274 3881 in
1287 3833 1341 3880 Cn·

279 3925 305 3964 et
318 3917 406 3981 Pomp.
418 3941 451 3951 —-
463 3913 527 3972 nio,
542 3913 586 3961 lib.
599 3913 726 3961 xxm.
740 3941 775 3950 —
788 3914 841 3964 Liv.
855 3915 921 3981 Epit.
933 3943 969 3952 —-
980 3916 997 3982 s
1010 3919 1045 3966 11.
1057 3917 1181 3966 Plutarch.
1194 3946 1230 3956 -
1243 3918 1333 3982 Appias

281 3998 334 4047 civ.
348 3999 393 4048 lib.
406 4001 439 4048 11.
452 3995 561 4045 —Velb
573 3999 612 4056 11,
631 4003 673 4059 47.
688 4021 724 4033 -·
742 4000 832 4045 Lucan.
850 3999 874 4054 1,
895 4015 920 4046 v.
938 4015 995 4048 ιιι.
1012 4027 1048 4037 -
1065 4000 1199 4050 vatam
1211 4003 1258 4061 IV,
1274 4001 1297 4047 6.
1310 4023 1339 4034 -

280 4085 365 4132 Seuer.
375 4083 476 4134 consol.
486 4081 517 4130 ιι]
526 4083 604 4131 Marc.
614 4097 667 4146 cap.
678 4087 719 4135 tt.
730 4107 766 4116 -
777 4079 793 4145 S
803 4081 848 4129 111.
860 4081 913 4130 Cic.
925 4083 958 4130 ad
967 4085 999 4146 Q.
1013 4084 1081 4132 batt.
1095 4085 1145 4141 111,
1157 4099 1181 4144 ι,
1192 4100 1223 4140 a,
1240 4085 1268 4140 3,
1279 4089 1307 4136 4,
1318 4089 1341 4124 et

280 4164 311 4214 ad
321 4165 397 4216 Attio.
407 4167 452 4226 w,
470 4167 510 4216 m.
522 4164 785 4221 -Val.blax.V111‚
802 4179 823 4212 r.
834 4191 869 4202 ·-
883 4165 939 4214 Dio.
