2875 4900
289 312 341 382 ΙΝ
371 310 483 381 LOC.
509 312 603 380 tlB.
630 312 727 381 CIII
759 312 972 381 LIVIANI.
1094 310 1162 405 491

100 432 241 514 Vatinio,
268 444 306 497 ut
327 432 432 497 Vettio
448 434 591 521 proemia
606 433 861 527 decemerentur,
881 432 981 519 deque
997 432 1168 495 nominatis
1236 436 1240 450 '

98 534 136 595 ab
149 556 184 596 eo
200 536 334 621 questio
349 532 525 600 haberemr.
542 534 678 599 Interim
695 534 824 599 Vettius
840 533 928 622 apud
943 535 1095 599 Crassum
1109 533 1168 598 Di«

97 634 205 717 ritem,
217 633 261 699 de
271 634 305 697 vi
316 635 513 722 postulatus,
529 658 634 723 quum
647 635 771 701 fraudis
781 634 948 711 architecti
958 632 1084 697 consilii
1099 648 1166 696 tam

97 736 265 823 praecipitis
279 752 434 802 eventum
449 735 673 827 desperarent,
687 739 721 803 in
737 760 865 803 carcere
878 736 1004 801 occisus
1017 749 1083 815 ιιι,
1097 736 1167 799 cm

97 858 161 901 sare
179 837 404 926 suspicionem
423 838 460 902 in
479 840 559 909 alios
583 840 759 911 transferre
783 841 873 925 niso,
892 859 1080 929 quanquam
1096 836 1166 929 ipse

97 936 177 1001 necis
192 952 311 1002 auctor
326 937 524 1005 crederetur.

134 1039 202 1103 cll.
217 1039 412 1127 Inpetravit
431 1055 540 1107 tamen
558 1042 599 1105 ab
615 1040 743 1107 addicta
757 1040 868 1129 plebe,
887 1057 927 1105 ut
941 1040 1027 1107 illius
1044 1038 1164 1103 volun-

96 1154 155 1203 tate
165 1140 328 1228 jussuque
343 1141 529 1228 praesidium
549 1142 613 1209 sibi
630 1141 848 1207 circumdaret
864 1164 872 1205 ε
892 1139 994 1205 verbo
1009 1138 1163 1203 adversus

95 1239 239 1325 insidias,
258 1264 389 1323 revera,
410 1260 448 1307 ut
467 1242 691 1333 opprimendis
708 1242 849 1309 inimicis
859 1265 902 1325 ¹se
914 1242 1068 1307 muniret.
1085 1241 1164 1305 Erat

94 1341 181 1428 plane
198 1343 392 1409 miserabilis
414 1360 604 1433 temporum
626 1361 749 1427 status,
769 1368 873 1433 quum
891 1358 1081 1433 paterentur
1099 1342 1162 1406 ho·

95 1444 208 1527 mines,
228 1467 303 1533 quas
316 1446 461 1529 nollent,
477 1446 667 1511 omitterent
683 1444 824 1527 mederi,
838 1467 943 1533 quum
957 1457 1112 1536 possent3
1128 1457 1162 1505 et

94 1558 193 1611 tamen
208 1568 251 1610 ne
270 1546 360 1611 taciti
376 1547 512 1635 quidem
528 1563 651 1613 sortem
667 1569 760 1611 suam
781 1544 1040 1635 indignarentur.
1058 1541 1160 1607 Ludis

94 1647 329 1734 Apollinaribus
342 1648 481 1712 maxime
495 1664 666 1737 perspecta
677 1646 792 1736 populi
802 1646 953 1711 voluntas
968 1660 1035 1725 est,
1055 1665 1159 1731 quum

94 1768 193 1835 neque
215 1749 336 1815 Coesari
353 1750 504 1836 presenti
524 1751 692 1838 plausum,
718 1765 752 1815 et
768 1749 803 1813 iu
826 1747 1021 1837 Pompeium
1048 1744 1159 1831 (colo-

94 1848 171 1911 niam
182 1850 271 1915 enim
288 1852 433 1939 Capuam
444 1849 646 1937 deducebat)
663 1849 921 1939 petulantissime
933 1850 1083 1916 invectus
1098 1848 1158 1911 Di-

94 1947 192 2033 philus
210 1950 376 2041 tragoedus
396 1953 440 2017 ita
458 1953 597 2040 placuit,
614 1970 653 2017 ut
672 1954 789 2041 saepius
805 1976 823 2017 a
841 1952 965 2042 populo
985 1950 1158 2031 juberetur

93 2068 247 2137 repetere,
270 2054 416 2119 «Nostra
435 2054 564 2118 miseria
582 2070 620 2119 tu
640 2076 674 2119 es
694 2076 873 2143 magnus23
895 2067 946 2137 et,
970 2051 1155 2115 «Virtutem

94 2151 215 2235 -istam,
229 2154 342 2219 veniet
354 2170 501 2244 tempus,
521 2178 626 2244 quum
641 2157 782 2246 graviter
798 2176 907 2245 gemes
916 2185 940 2218 ι.
1027 2242 1032 2251 .

127 2255 208 2320 0111.
226 2256 343 2321 Edicta
355 2279 433 2322 vero
447 2258 574 2340 Bibuli,
587 2259 786 2346 probrorum
798 2258 833 2321 in
846 2258 938 2325 illum
953 2272 987 2319 et
998 2256 1155 2321 Caesarem

92 2353 191 2437 plena,
207 2374 274 2421 tam
290 2374 386 2423 eraut
397 2357 545 2439 juctmda
559 2360 703 2448 populo,
717 2374 757 2423 ut
772 2360 897 2441 locum,
914 2357 973 2421 ubi
986 2375 1154 2445 propone-

90 2451 213 2540 bantur,
230 2482 300 2547 proe
316 2459 529 2526 multitudine
549 2462 747 2550 legentium,
764 2462 901 2527 transire
918 2482 1016 2526 nemo
1033 2473 1153 2547 posset.

91 2554 192 2638 Quum
217 2561 278 2626 ista
310 2562 451 2626 maxime
476 2561 614 2645 fierent,
648 2565 684 2627 C.
707 2564 888 2628 Antonium
916 2585 955 2630 ex
984 2559 1153 2652 provincia

90 2677 239 2726 reversum
273 2679 478 2728 accusatores
509 2664 740 2752 corripuerunt
767 2665 803 2728 L.
832 2665 988 2732 Caninius
1020 2662 1153 2740 Gallus,

91 2756 125 2840 Q.
135 2759 293 2830 Maximus
306 2764 517 2848 AEmilianus,
539 2781 572 2830 et
581 2767 628 2832 M.
639 2765 758 2834 Caelius
772 2765 951 2831 admodum
965 2763 1153 2829 adolescens

89 2861 166 2944 apud
178 2866 238 2930 Cn.
252 2868 430 2932 Lentulum
442 2867 648 2948 Clodianum,
661 2867 880 2932 Catilinariam
893 2866 1152 2948 conjurationem

90 2960 291 3049 objiciebant3
303 2991 365 3033 uec
378 2991 418 3034 eo
430 2969 567 3034 crimine
581 2971 769 3052 convictus,
784 2971 827 3034 ob
841 2969 918 3052 alia,
933 2991 1004 3056 quae
1018 2966 1150 3057 proprie

90 3059 118 3124 ἧι
132 3064 291 3143 judicium
315 3069 457 3135 deducta
480 3092 549 3136 non
573 3087 686 3153 crant,
711 3086 761 3135 est
787 3069 1040 3150 condemnatus,
1065 3068 1148 3132 male

89 3167 174 3247 gestis
190 3169 224 3233 in
247 3171 386 3238 Thracia
406 3172 516 3238 rebus.
531 3171 759 3238 Macedoniam
775 3173 977 3261 provinciam
994 3170 1148 3238 obtinue-

89 3279 148 3346 ffil,
172 3291 276 3360 toque
304 3274 440 3356 statim,
468 3289 507 3338 ut
535 3274 571 3338 in
595 3297 674 3364 agro
700 3274 886 3364 pistoriensi
910 3274 1015 3340 vietus
1041 3274 1149 3340 fuerat

90 3362 232 3454 Catilina,
254 3397 333 3438 cum
352 3375 504 3447 laureatis
527 3375 670 3444 fascibus
692 3376 859 3465 profectus
876 3375 973 3466 (quae
994 3397 1046 3440 res
1071 3391 1147 3465 post

90 3484 229 3538 atentiam
248 3476 283 3539 in
304 3498 404 3541 omen
424 3492 525 3542 tracta
538 3494 603 3559 est,
623 3479 716 3566 quasi
735 3478 905 3556 victoriam
918 3477 1089 3559 hostibus,
1105 3474 1147 3545 ad

90 3585 159 3649 qnos
175 3573 304 3644 laurum
320 3578 486 3644 victricem
502 3579 637 3662 tulerat,
653 3577 912 3668 portendissct),
928 3580 1032 3644 multa
1049 3578 1147 3654 sociis

117 3821 181 3886 801.
193 3833 294 3882 sumn
308 3861 345 3871 -
360 3835 424 3894 nto,
436 3835 481 3885 us.
495 3799 644 3886 xixvru.
654 3864 690 3874 -
699 3834 753 3888 cte.
768 3865 801 3875 -
815 3837 924 3904 appan
944 3864 979 3874 -
993 3835 1010 3901 s
1023 3839 1079 3886 cu.
1090 3836 1147 3899 cte,

89 3900 510 3980 allAttis-11‚19‚aoetat,stiu
520 3920 692 3986 vismpns.
706 3949 741 3960 -·
755 3921 1103 3978 sucos.-vsl.tltx.V12
1118 3935 1146 3981 ἐ

90 3986 1148 4076 *icllttlsttmnw,2.--t:ie.tnvn.esp.11,amoeniam.usti.⁸

87 4079 117 4105 ’-
129 4072 177 4128 biv.
187 4081 253 4147 Epis,
270 4112 305 4123 -
317 4087 368 4136 sut.
380 4087 474 4154 Obseq.
486 4089 592 4138 altio.
