2875 4900
262 369 331 484 7'28
434 393 502 459 ιο.
529 391 865 459 rnttnsutuu
893 371 1142 458 scritura.

260 535 367 600 neque
377 533 542 577 sermones
552 512 695 602 vulgari,
707 535 769 592 ne,
785 509 959 597 pertinacia
970 509 1074 574 hostis
1085 511 1234 600 cognita,
1248 511 1327 576 llae-

261 629 434 678 noscerent.

304 713 456 778 xxxvl.
479 713 542 779 Sed
557 714 627 778 baec
643 711 850 778 incommoda
867 735 926 800 spe
940 713 1132 802 propinqua·
1145 714 1261 777 mes&
1276 715 1325 778 le·

259 815 437 896 rabuntur,
464 815 555 903 quod
576 816 642 894 jam
669 815 834 877 frumenta
859 813 1059 902 incipiebant
1080 829 1325 878 maturescere:

259 917 372 998 simul,
387 917 463 1005 quia
476 919 597 1005 optima
612 915 816 997 valetudine,
830 937 1073 1003 aquarumque,
1087 932 1121 978 et
1130 931 1248 1002 prater
1258 916 1327 978 baa-

258 1031 422 1098 mentum‚
438 1032 636 1082 commeatus
648 1017 754 1080 ceteri
765 1017 858 1104 copia
870 1017 1064 1096 utebantur,
1077 1032 1164 1080 sone
1175 1039 1235 1080 sua
1245 1038 1327 1080 con-

258 1119 340 1181 tenti
356 1135 466 1199 erant;
482 1119 658 1206 praesertim
681 1118 757 1204 qtria
776 1117 898 1181 crebris
915 1117 1190 1204 Pompeianorum
1205 1117 1325 1180 transi-

257 1217 400 1282 tionibus
415 1217 605 1299 audiebant,
618 1219 653 1280 in
670 1217 801 1281 illorum
814 1217 926 1281 castris
937 1239 1006 1303 prae
1016 1216 1127 1304 inopia
1140 1214 1252 1303 pabuli
1267 1217 1323 1278 vix

256 1341 358 1406 equos
377 1320 570 1400 sustentari3
587 1334 700 1384 catera
716 1319 864 1398 jumenta
878 1317 1055 1397 interiisse;
1070 1337 1111 1379 ex
1126 1315 1323 1380 cadaverum

256 1417 370 1482 foetore
387 1419 421 1482 in
444 1433 583 1507 angrmto
607 1419 711 1508 spatio
734 1418 867 1481 morbos
891 1417 1070 1510 invulgati,
1091 1416 1323 1480 accedentibus

255 1519 430 1605 prasertim
451 1519 615 1583 laboribus
640 1518 859 1606 quotidianis,
879 1534 913 1582 et
932 1541 1025 1604 aquae
1047 1540 1174 1582 summa
1188 1518 1322 1606 inop'n,

254 1617 345 1706 quod
363 1641 476 1684 omnes
494 1621 581 1684 rivos
597 1635 630 1683 et
642 1617 794 1701 llumina,
811 1641 853 1683 ne
865 1641 924 1707 per
938 1619 1086 1705 Pompeii
1100 1617 1250 1706 presidia
1263 1619 1324 1683 de-

254 1735 439 1802 currerent,
455 1722 578 1810 nmgnis
594 1721 748 1810 operibus
766 1723 872 1784 Caesar
887 1721 1054 1784 averterat.
1071 1720 1162 1783 Inter
1179 1719 1266 1800 haec,
1283 1737 1323 1784 ut

255 1833 320 1882 tam
342 1821 528 1910 propinquo
549 1821 661 1902 hoste,
677 1835 711 1884 et
732 1821 767 1884 in
789 1843 873 1884 nova
894 1821 1021 1884 maone
1036 1820 1130 1899 belli,
1145 1820 1227 1884 nihil
1241 1823 1322 1885 satis

255 1935 362 1984 tutum
378 1939 436 1986 aut
451 1923 600 2009 quietum
617 1939 703 2003 erat,
726 1938 760 1985 et
776 1920 915 1986 subinde
933 1943 1025 1985 novae
1042 1920 1184 1984 nocendi
1200 1943 1321 1986 caren-

254 2017 354 2108 dique
368 2038 452 2085 artes
469 2022 744 2111 excogitabantur.

297 2121 465 2187 XXXVII.
480 2123 686 2211 Pompeiani,
700 2121 942 2203 animadverso,
955 2122 1105 2186 cohortes
1117 2122 1250 2186 Casas-is
1263 2145 1323 2186 no·

252 2236 309 2285 ctu
324 2221 365 2285 ad
388 2223 584 2287 munitiones
604 2224 781 2304 excubare,
798 2224 872 2286 loco
887 2223 1033 2287 stationis
1048 2223 1175 2312 ignium
1195 2223 1319 2288 indicio

253 2321 475 2408 deprehenso,
499 2323 672 2387 confertim
697 2323 893 2388 accedebant
915 2324 1060 2399 silentio,
1078 2340 1112 2388 et
1132 2324 1229 2389 simul
1245 2327 1319 2388 uni·

252 2423 335 2485 versi
353 2421 525 2487 mittebant
540 2423 669 2512 sagittas
686 2425 771 2489 intra
786 2425 927 2508 vallum,
942 2442 977 2490 et
995 2449 1015 2489 e
1033 2426 1169 2515 vestigio
1186 2450 1221 2491 se
1237 2427 1319 2491 reci-

252 2522 384 2611 piabant
405 2522 447 2588 ad
468 2546 545 2588 suos
563 2548 572 2588 τ
596 2524 659 2589 hoc
675 2542 770 2614 pacto
787 2550 890 2615 quum
912 2526 1008 2589 multi
1023 2528 1263 2609 sauciarentur,
1281 2528 1317 2591 id

251 2642 417 2715 repertum
442 2625 623 2690 remedium
649 2643 715 2710 est,
741 2644 780 2692 ut
803 2629 866 2692 alio
893 2629 968 2691 loco
991 2628 1225 2710 excubaretur,
1253 2631 1316 2693 alio

253 2727 342 2817 ignes
360 2726 482 2792 fierent.
502 2731 547 2793 At
568 2729 652 2791 sicut
672 2729 706 2791 in
732 2743 922 2816 tempestate
946 2726 1078 2816 quidam
1102 2751 1169 2815 prae
1193 2730 1316 2793 caeteris

251 2828 339 2917 gravi
355 2828 440 2891 mole
456 2826 573 2891 lluctus
589 2844 683 2910 sunt,
699 2852 784 2915 quos
801 2828 989 2892 decumam
1006 2829 1187 2916 appellant;
1204 2830 1248 2893 ita
1262 2830 1315 2892 in·

251 2944 300 2991 ter
317 2928 429 2992 crebra
445 2929 636 3010 certamina,
654 2928 734 2993 dum
756 2930 792 2993 hi
815 2945 942 2993 tentant
959 2930 1185 3017 eruptionem,
1201 2930 1247 2993 illi
1265 2954 1315 2994 re·

249 3029 393 3117 pellunt,
414 3052 483 3092 uno
501 3027 553 3093 die
572 3030 678 3095 tribus
699 3030 741 3095 ad
757 3030 995 3118 Dyrrhachium
1018 3030 1153 3117 praeliis,
1176 3032 1311 3096 totidem

250 3129 291 3193 ad
307 3130 504 3193 munitiones
520 3116 716 3195 concursum
731 3148 779 3195 est
793 3154 801 3194 ε
816 3132 937 3220 quippe
950 3130 1124 3219 Pompeius
1137 3130 1312 3197 distinendi

251 3230 353 3295 hostis
369 3254 462 3295 causa
478 3232 627 3320 pluribus
647 3234 726 3297 locis
743 3233 921 3297 tumultum
938 3232 1148 3314 excitaverat,
1163 3233 1221 3297 sed
1239 3234 1312 3296 obi·

249 3332 297 3395 vis
309 3333 518 3421 improspere.
533 3334 662 3422 Quippe
674 3334 839 3397 Volcatius
848 3333 962 3397 Tullus
973 3354 1049 3395 cum
1060 3332 1165 3396 tribus
1176 3334 1312 3397 omnino

249 3430 439 3496 cohortibus
461 3433 620 3521 legionem
642 3435 866 3523 pompeianam
880 3435 954 3497 loco
969 3432 1118 3520 depulit:
1137 3434 1310 3513 Germani,

251 3534 421 3621 eruptione
445 3534 477 3597 in
501 3553 727 3624 oppugnantes
745 3537 847 3619 lacta,
870 3534 1093 3622 compluribus
1118 3535 1310 3617 interfectis,

248 3632 428 3698 incolumes
451 3633 628 3699 redierunt.
651 3636 714 3701 Sed
739 3638 906 3725 praecipuae
928 3636 1054 3700 ferociae
1075 3638 1220 3723 praelium
1246 3660 1308 3701 una

282 3889 299 3955 s
311 3890 420 3939 XXXV.
440 3891 504 3939 l‘lut.
518 3890 544 3937 in
558 3892 651 3939 Anton.
664 3918 699 3929 -
713 3892 775 3940 Cas.
788 3918 824 3928 -
836 3892 853 3957 5
865 3892 985 3940 xxm.
995 3891 1059 3938 Vell.
1070 3917 1104 3927 -
1120 3890 1186 3938 Flor.
1201 3916 1236 3927 -
1250 3890 1309 3938 Ces.

248 4001 281 4011 -
298 3974 359 4021 Plot.
378 3976 403 4022 ln
418 3976 503 4039 Pomp.
519 3986 543 4023 et
561 3976 623 4023 Cos,
641 4002 674 4013 -·
692 3976 783 4024 Lucan.
803 4002 839 4011 —
859 3973 926 4023 Plin.
946 3974 1026 4030 XIX,
1044 3974 1068 4021 t.
1089 3999 1127 4009 -
1147 3970 1256 4037 Appiae.
1276 3996 1309 4009 ι·-

246 4060 346 4105 Sueten.
358 4057 384 4105 in
400 4058 462 4105 Caes.
476 4074 529 4123 cap.
540 4058 583 4108 68.
593 4086 627 4095 -
638 4057 747 4129 Polyom.
756 4060 828 4105 strat.
839 4056 881 4106 lib.
887 4058 958 4105 vm.
973 4077 1010 4094 -ι
1025 4055 1041 4120 S
1052 4056 1188 4104 XXXVII.
1202 4055 1267 4103 taor.
1278 4080 1307 4091 -·

245 4142 306 4187 lker.
321 4166 354 4175 -
367 4142 667 4233 Sueton.-pucan.t'1,
683 4142 742 4190 rat.
