<?xml version="1.0" encoding="UTF-8"?>
<!DOCTYPE html PUBLIC "-//W3C//DTD XHTML 1.0 Transitional//EN"
    "http://www.w3.org/TR/xhtml1/DTD/xhtml1-transitional.dtd">
<html xmlns="http://www.w3.org/1999/xhtml" xml:lang="en" lang="en">
 <head>
  <title>
</title>
<meta http-equiv="Content-Type" content="text/html;charset=utf-8" />
  <meta name='ocr-system' content='tesseract 3.04.00' />
  <meta name='ocr-capabilities' content='ocr_page ocr_carea ocr_par ocr_line ocrx_word'/>
</head>
<body>
  <div class='ocr_page' id='page_1' title='image "bibliothecaclas116lemagoog_0524.png"; bbox 0 0 2875 4900; ppageno 0'>
   <div class='ocr_carea' id='block_1_1' title="bbox 286 396 1170 484">
    <p class='ocr_par' dir='ltr' id='par_1_1' title="bbox 286 396 1170 484">
     <span class='ocr_line' id='line_1_1' title="bbox 286 396 1170 484; baseline -0.011 -13"><span class='ocrx_word' id='word_1_1' title='bbox 286 400 355 484; x_wconf 70' lang='lat'><strong>514</strong></span> <span class='ocrx_word' id='word_1_2' title='bbox 458 401 528 469; x_wconf 87' lang='lat' dir='ltr'><strong>JO.</strong></span> <span class='ocrx_word' id='word_1_3' title='bbox 552 396 893 468; x_wconf 81' lang='lat' dir='ltr'>FREINSHEMII</span> <span class='ocrx_word' id='word_1_4' title='bbox 925 396 1170 463; x_wconf 86' lang='lat' dir='ltr'><strong>SUPPLEM.</strong></span> 
     </span>
    </p>
   </div>
   <div class='ocr_carea' id='block_1_2' title="bbox 283 512 1342 4133">
    <p class='ocr_par' dir='ltr' id='par_1_2' title="bbox 283 512 1335 709">
     <span class='ocr_line' id='line_1_2' title="bbox 283 512 1335 607; baseline -0.01 -22"><span class='ocrx_word' id='word_1_5' title='bbox 283 544 374 602; x_wconf 84' lang='lat' dir='ltr'><strong>mm,</strong></span> <span class='ocrx_word' id='word_1_6' title='bbox 391 519 677 606; x_wconf 89' lang='lat' dir='ltr'><strong>Prutenorumque</strong></span> <span class='ocrx_word' id='word_1_7' title='bbox 691 518 858 607; x_wconf 77' lang='lat' dir='ltr'><strong>regiones,</strong></span> <span class='ocrx_word' id='word_1_8' title='bbox 876 532 909 579; x_wconf 87' lang='lat' dir='ltr'><strong>et</strong></span> <span class='ocrx_word' id='word_1_9' title='bbox 923 514 1119 596; x_wconf 86' lang='lat' dir='ltr'><strong>Marchiam,</strong></span> <span class='ocrx_word' id='word_1_10' title='bbox 1135 512 1335 601; x_wconf 80' lang='lat' dir='ltr'><strong>Saxoniaeque</strong></span> 
     </span>
     <span class='ocr_line' id='line_1_3' title="bbox 284 622 722 709; baseline -0.005 -25"><span class='ocrx_word' id='word_1_11' title='bbox 284 636 408 709; x_wconf 82' lang='lat' dir='ltr'><strong>partem</strong></span> <span class='ocrx_word' id='word_1_12' title='bbox 422 634 559 683; x_wconf 73' lang='lat' dir='ltr'><strong>extenta</strong></span> <span class='ocrx_word' id='word_1_13' title='bbox 576 622 722 683; x_wconf 81' lang='lat' dir='ltr'><strong>fuerunt.</strong></span> 
     </span>
    </p>

    <p class='ocr_par' dir='ltr' id='par_1_3' title="bbox 284 714 1341 1913">
     <span class='ocr_line' id='line_1_4' title="bbox 330 714 1338 809; baseline -0.008 -26"><span class='ocrx_word' id='word_1_14' title='bbox 330 724 385 785; x_wconf 92' lang='lat' dir='ltr'><strong>VI.</strong></span> <span class='ocrx_word' id='word_1_15' title='bbox 398 722 545 785; x_wconf 83' lang='lat' dir='ltr'><strong>Alterum</strong></span> <span class='ocrx_word' id='word_1_16' title='bbox 557 741 659 809; x_wconf 79' lang='lat' dir='ltr'><strong>genus</strong></span> <span class='ocrx_word' id='word_1_17' title='bbox 672 718 808 781; x_wconf 84' lang='lat' dir='ltr'><strong>Peucini</strong></span> <span class='ocrx_word' id='word_1_18' title='bbox 820 720 1060 805; x_wconf 87' lang='lat' dir='ltr'><strong>Bastarnaeque,</strong></span> <span class='ocrx_word' id='word_1_19' title='bbox 1072 716 1199 779; x_wconf 80' lang='lat' dir='ltr'>Peucen</span> <span class='ocrx_word' id='word_1_20' title='bbox 1211 714 1338 777; x_wconf 86' lang='lat' dir='ltr'><strong>insulam</strong></span> 
     </span>
     <span class='ocr_line' id='line_1_5' title="bbox 284 817 1338 907; baseline -0.009 -21"><span class='ocrx_word' id='word_1_21' title='bbox 284 824 326 887; x_wconf 90' lang='lat' dir='ltr'><strong>ad</strong></span> <span class='ocrx_word' id='word_1_22' title='bbox 338 822 420 885; x_wconf 92' lang='lat' dir='ltr'><strong>ostia</strong></span> <span class='ocrx_word' id='word_1_23' title='bbox 434 820 577 885; x_wconf 85' lang='lat' dir='ltr'>Danubii</span> <span class='ocrx_word' id='word_1_24' title='bbox 588 820 745 907; x_wconf 78' lang='lat' dir='ltr'><strong>positam,</strong></span> <span class='ocrx_word' id='word_1_25' title='bbox 758 834 791 881; x_wconf 90' lang='lat' dir='ltr'><strong>et</strong></span> <span class='ocrx_word' id='word_1_26' title='bbox 803 818 907 883; x_wconf 84' lang='lat' dir='ltr'><strong>vicina</strong></span> <span class='ocrx_word' id='word_1_27' title='bbox 918 818 1003 881; x_wconf 91' lang='lat' dir='ltr'><strong>inter</strong></span> <span class='ocrx_word' id='word_1_28' title='bbox 1012 819 1170 881; x_wconf 85' lang='lat' dir='ltr'><strong>Sarmatas</strong></span> <span class='ocrx_word' id='word_1_29' title='bbox 1180 817 1338 902; x_wconf 88' lang='lat' dir='ltr'><strong>Dacosque</strong></span> 
     </span>
     <span class='ocr_line' id='line_1_6' title="bbox 285 918 1340 1007; baseline -0.01 -19"><span class='ocrx_word' id='word_1_30' title='bbox 285 925 355 988; x_wconf 90' lang='lat' dir='ltr'><strong>loca</strong></span> <span class='ocrx_word' id='word_1_31' title='bbox 378 921 592 1007; x_wconf 81' lang='lat' dir='ltr'><strong>occupabant.</strong></span> <span class='ocrx_word' id='word_1_32' title='bbox 613 922 735 982; x_wconf 75' lang='lat' dir='ltr'><strong>Cetera</strong></span> <span class='ocrx_word' id='word_1_33' title='bbox 759 919 938 983; x_wconf 85' lang='lat' dir='ltr'><strong>Germaniae</strong></span> <span class='ocrx_word' id='word_1_34' title='bbox 956 934 1020 982; x_wconf 90' lang='lat' dir='ltr'><strong>tres</strong></span> <span class='ocrx_word' id='word_1_35' title='bbox 1043 918 1204 981; x_wconf 87' lang='lat' dir='ltr'><strong>habebant</strong></span> <span class='ocrx_word' id='word_1_36' title='bbox 1226 940 1264 979; x_wconf 84' lang='lat' dir='ltr'><strong>ex</strong></span> <span class='ocrx_word' id='word_1_37' title='bbox 1286 918 1340 979; x_wconf 89' lang='lat' dir='ltr'><strong>situ</strong></span> 
     </span>
     <span class='ocr_line' id='line_1_7' title="bbox 285 1018 1341 1107; baseline -0.008 -20"><span class='ocrx_word' id='word_1_38' title='bbox 285 1022 349 1087; x_wconf 86' lang='lat' dir='ltr'><strong>loci</strong></span> <span class='ocrx_word' id='word_1_39' title='bbox 361 1020 582 1085; x_wconf 79' lang='lat' dir='ltr'><strong>habitatorum</strong></span> <span class='ocrx_word' id='word_1_40' title='bbox 598 1018 816 1101; x_wconf 80' lang='lat' dir='ltr'><strong>differentias,</strong></span> <span class='ocrx_word' id='word_1_41' title='bbox 833 1018 1035 1107; x_wconf 89' lang='lat' dir='ltr'><strong>totidemque</strong></span> <span class='ocrx_word' id='word_1_42' title='bbox 1051 1020 1194 1083; x_wconf 91' lang='lat' dir='ltr'><strong>nomina.</strong></span> <span class='ocrx_word' id='word_1_43' title='bbox 1211 1019 1341 1107; x_wconf 69' lang='lat' dir='ltr'><strong>Ingaevo-</strong></span> 
     </span>
     <span class='ocr_line' id='line_1_8' title="bbox 285 1117 1340 1209; baseline -0.006 -24"><span class='ocrx_word' id='word_1_44' title='bbox 285 1144 344 1185; x_wconf 87' lang='lat' dir='ltr'><strong>nes</strong></span> <span class='ocrx_word' id='word_1_45' title='bbox 360 1120 419 1208; x_wconf 87' lang='lat' dir='ltr'><strong>qui</strong></span> <span class='ocrx_word' id='word_1_46' title='bbox 438 1120 628 1184; x_wconf 87' lang='lat' dir='ltr'><strong>scribuntur</strong></span> <span class='ocrx_word' id='word_1_47' title='bbox 644 1117 733 1207; x_wconf 89' lang='lat' dir='ltr'><strong>apud</strong></span> <span class='ocrx_word' id='word_1_48' title='bbox 750 1120 911 1203; x_wconf 85' lang='lat' dir='ltr'><strong>Plinium,</strong></span> <span class='ocrx_word' id='word_1_49' title='bbox 929 1143 983 1184; x_wconf 90' lang='lat' dir='ltr'><strong>eos</strong></span> <span class='ocrx_word' id='word_1_50' title='bbox 1001 1120 1190 1209; x_wconf 83' lang='lat' dir='ltr'><strong>Vigaevones</strong></span> <span class='ocrx_word' id='word_1_51' title='bbox 1210 1142 1276 1183; x_wconf 93' lang='lat' dir='ltr'><strong>non</strong></span> <span class='ocrx_word' id='word_1_52' title='bbox 1292 1118 1340 1181; x_wconf 89' lang='lat' dir='ltr'><strong>ab·</strong></span> 
     </span>
     <span class='ocr_line' id='line_1_9' title="bbox 285 1219 1340 1310; baseline -0.005 -23"><span class='ocrx_word' id='word_1_53' title='bbox 285 1221 383 1287; x_wconf 84' lang='lat' dir='ltr'><strong>surda</strong></span> <span class='ocrx_word' id='word_1_54' title='bbox 397 1221 583 1299; x_wconf 85' lang='lat' dir='ltr'><strong>conjectura</strong></span> <span class='ocrx_word' id='word_1_55' title='bbox 597 1223 713 1284; x_wconf 85' lang='lat' dir='ltr'><strong>Beatus</strong></span> <span class='ocrx_word' id='word_1_56' title='bbox 727 1220 903 1285; x_wconf 82' lang='lat' dir='ltr'><strong>Rhenanus</strong></span> <span class='ocrx_word' id='word_1_57' title='bbox 919 1220 1085 1310; x_wconf 85' lang='lat' dir='ltr'><strong>intelligit,</strong></span> <span class='ocrx_word' id='word_1_58' title='bbox 1100 1221 1145 1283; x_wconf 88' lang='lat' dir='ltr'><strong>sic</strong></span> <span class='ocrx_word' id='word_1_59' title='bbox 1159 1219 1340 1306; x_wconf 90' lang='lat' dir='ltr'><strong>appellatos,</strong></span> 
     </span>
     <span class='ocr_line' id='line_1_10' title="bbox 286 1319 1340 1410; baseline -0.006 -24"><span class='ocrx_word' id='word_1_60' title='bbox 286 1321 377 1410; x_wconf 88' lang='lat' dir='ltr'><strong>quod</strong></span> <span class='ocrx_word' id='word_1_61' title='bbox 389 1321 430 1386; x_wconf 88' lang='lat' dir='ltr'><strong>ad</strong></span> <span class='ocrx_word' id='word_1_62' title='bbox 446 1322 554 1385; x_wconf 89' lang='lat' dir='ltr'><strong>sinum</strong></span> <span class='ocrx_word' id='word_1_63' title='bbox 569 1322 665 1385; x_wconf 90' lang='lat' dir='ltr'><strong>maris</strong></span> <span class='ocrx_word' id='word_1_64' title='bbox 681 1321 870 1385; x_wconf 85' lang='lat' dir='ltr'><strong>incolerent.</strong></span> <span class='ocrx_word' id='word_1_65' title='bbox 885 1319 1038 1400; x_wconf 84' lang='lat' dir='ltr'><strong>Ejusdem</strong></span> <span class='ocrx_word' id='word_1_66' title='bbox 1052 1320 1146 1382; x_wconf 92' lang='lat' dir='ltr'><strong>Plinii</strong></span> <span class='ocrx_word' id='word_1_67' title='bbox 1164 1322 1340 1398; x_wconf 73' lang='lat' dir='ltr'><strong>Istaevones,</strong></span> 
     </span>
     <span class='ocr_line' id='line_1_11' title="bbox 286 1419 1340 1511; baseline -0.003 -25"><span class='ocrx_word' id='word_1_68' title='bbox 286 1422 451 1487; x_wconf 89' lang='lat' dir='ltr'><strong>Occiduos</strong></span> <span class='ocrx_word' id='word_1_69' title='bbox 467 1423 739 1511; x_wconf 79' lang='lat' dir='ltr'><strong>interpretantur,</strong></span> <span class='ocrx_word' id='word_1_70' title='bbox 754 1422 845 1509; x_wconf 91' lang='lat' dir='ltr'><strong>quod</strong></span> <span class='ocrx_word' id='word_1_71' title='bbox 859 1444 895 1485; x_wconf 89' lang='lat' dir='ltr'><strong>ea</strong></span> <span class='ocrx_word' id='word_1_72' title='bbox 909 1436 999 1508; x_wconf 83' lang='lat' dir='ltr'><strong>parte</strong></span> <span class='ocrx_word' id='word_1_73' title='bbox 1011 1419 1243 1502; x_wconf 68' lang='lat' dir='ltr'><strong>moltherus,</strong></span> <span class='ocrx_word' id='word_1_74' title='bbox 1255 1442 1340 1507; x_wconf 80' lang='lat' dir='ltr'><strong>quent</strong></span> 
     </span>
     <span class='ocr_line' id='line_1_12' title="bbox 287 1522 1341 1610; baseline -0.004 -24"><span class='ocrx_word' id='word_1_75' title='bbox 287 1523 485 1588; x_wconf 84' lang='lat' dir='ltr'><strong>accolebant.</strong></span> <span class='ocrx_word' id='word_1_76' title='bbox 506 1526 596 1588; x_wconf 90' lang='lat' dir='ltr'><strong>Inter</strong></span> <span class='ocrx_word' id='word_1_77' title='bbox 611 1524 672 1587; x_wconf 89' lang='lat' dir='ltr'><strong>hos</strong></span> <span class='ocrx_word' id='word_1_78' title='bbox 688 1524 858 1610; x_wconf 85' lang='lat' dir='ltr'><strong>intercepti</strong></span> <span class='ocrx_word' id='word_1_79' title='bbox 871 1522 1033 1586; x_wconf 82' lang='lat' dir='ltr'><strong>veteribus</strong></span> <span class='ocrx_word' id='word_1_80' title='bbox 1049 1524 1243 1586; x_wconf 87' lang='lat' dir='ltr'><strong>Hermiones</strong></span> <span class='ocrx_word' id='word_1_81' title='bbox 1258 1544 1341 1583; x_wconf 82' lang='lat' dir='ltr'><strong>roca·</strong></span> 
     </span>
     <span class='ocr_line' id='line_1_13' title="bbox 286 1621 1341 1711; baseline -0.005 -24"><span class='ocrx_word' id='word_1_82' title='bbox 286 1624 423 1705; x_wconf 86' lang='lat' dir='ltr'><strong>bantur,</strong></span> <span class='ocrx_word' id='word_1_83' title='bbox 438 1626 601 1689; x_wconf 91' lang='lat' dir='ltr'><strong>incertum</strong></span> <span class='ocrx_word' id='word_1_84' title='bbox 617 1623 725 1704; x_wconf 81' lang='lat' dir='ltr'><strong>unde3</strong></span> <span class='ocrx_word' id='word_1_85' title='bbox 745 1624 847 1710; x_wconf 89' lang='lat' dir='ltr'><strong>etqui</strong></span> <span class='ocrx_word' id='word_1_86' title='bbox 860 1621 1092 1711; x_wconf 87' lang='lat' dir='ltr'><strong>detorquendis</strong></span> <span class='ocrx_word' id='word_1_87' title='bbox 1107 1624 1270 1687; x_wconf 80' lang='lat' dir='ltr'><strong>vocabulis</strong></span> <span class='ocrx_word' id='word_1_88' title='bbox 1283 1623 1341 1685; x_wconf 87' lang='lat' dir='ltr'><strong>sine</strong></span> 
     </span>
     <span class='ocr_line' id='line_1_14' title="bbox 287 1724 1340 1812; baseline -0.008 -23"><span class='ocrx_word' id='word_1_89' title='bbox 287 1727 350 1789; x_wconf 89' lang='lat' dir='ltr'><strong>alio</strong></span> <span class='ocrx_word' id='word_1_90' title='bbox 366 1724 488 1789; x_wconf 89' lang='lat' dir='ltr'><strong>indicio</strong></span> <span class='ocrx_word' id='word_1_91' title='bbox 507 1726 702 1805; x_wconf 83' lang='lat' dir='ltr'><strong>conjecturae</strong></span> <span class='ocrx_word' id='word_1_92' title='bbox 718 1726 814 1788; x_wconf 88' lang='lat' dir='ltr'><strong>nimis</strong></span> <span class='ocrx_word' id='word_1_93' title='bbox 833 1724 1021 1812; x_wconf 86' lang='lat' dir='ltr'><strong>indulgent,</strong></span> <span class='ocrx_word' id='word_1_94' title='bbox 1041 1746 1095 1787; x_wconf 91' lang='lat' dir='ltr'><strong>eos</strong></span> <span class='ocrx_word' id='word_1_95' title='bbox 1113 1725 1286 1811; x_wconf 81' lang='lat' dir='ltr'><strong>proclivius</strong></span> <span class='ocrx_word' id='word_1_96' title='bbox 1302 1736 1340 1783; x_wconf 85' lang='lat' dir='ltr'><strong>est</strong></span> 
     </span>
     <span class='ocr_line' id='line_1_15' title="bbox 286 1824 1176 1913; baseline -0.002 -23"><span class='ocrx_word' id='word_1_97' title='bbox 286 1828 322 1891; x_wconf 92' lang='lat' dir='ltr'><strong>in</strong></span> <span class='ocrx_word' id='word_1_98' title='bbox 339 1827 426 1890; x_wconf 90' lang='lat' dir='ltr'><strong>mille</strong></span> <span class='ocrx_word' id='word_1_99' title='bbox 444 1848 569 1890; x_wconf 90' lang='lat' dir='ltr'><strong>errores</strong></span> <span class='ocrx_word' id='word_1_100' title='bbox 586 1824 749 1907; x_wconf 90' lang='lat' dir='ltr'><strong>incidere,</strong></span> <span class='ocrx_word' id='word_1_101' title='bbox 767 1848 865 1913; x_wconf 84' lang='lat' dir='ltr'><strong>quana</strong></span> <span class='ocrx_word' id='word_1_102' title='bbox 881 1848 980 1889; x_wconf 89' lang='lat' dir='ltr'><strong>unam</strong></span> <span class='ocrx_word' id='word_1_103' title='bbox 998 1825 1176 1888; x_wconf 83' lang='lat' dir='ltr'><strong>veritatem.</strong></span> 
     </span>
    </p>

    <p class='ocr_par' dir='ltr' id='par_1_4' title="bbox 287 1924 1342 3221">
     <span class='ocr_line' id='line_1_16' title="bbox 331 1924 1341 2014; baseline -0.007 -24"><span class='ocrx_word' id='word_1_104' title='bbox 331 1927 406 1990; x_wconf 90' lang='lat' dir='ltr'>VII.</span> <span class='ocrx_word' id='word_1_105' title='bbox 427 1927 476 1989; x_wconf 85' lang='lat' dir='ltr'><strong>Ex</strong></span> <span class='ocrx_word' id='word_1_106' title='bbox 500 1927 551 1989; x_wconf 91' lang='lat' dir='ltr'><strong>his</strong></span> <span class='ocrx_word' id='word_1_107' title='bbox 576 1942 689 2014; x_wconf 84' lang='lat' dir='ltr'><strong>gentes</strong></span> <span class='ocrx_word' id='word_1_108' title='bbox 714 1926 890 1989; x_wconf 84' lang='lat' dir='ltr'><strong>nobiliores</strong></span> <span class='ocrx_word' id='word_1_109' title='bbox 914 1924 955 1988; x_wconf 90' lang='lat' dir='ltr'><strong>ad</strong></span> <span class='ocrx_word' id='word_1_110' title='bbox 974 1926 1078 1990; x_wconf 85' lang='lat' dir='ltr'><strong>Rheni</strong></span> <span class='ocrx_word' id='word_1_111' title='bbox 1099 1927 1223 2014; x_wconf 84' lang='lat' dir='ltr'><strong>ripam,</strong></span> <span class='ocrx_word' id='word_1_112' title='bbox 1241 1940 1341 2014; x_wconf 79' lang='lat' dir='ltr'><strong>preter</strong></span> 
     </span>
     <span class='ocr_line' id='line_1_17' title="bbox 289 2024 1339 2114; baseline -0.002 -26"><span class='ocrx_word' id='word_1_113' title='bbox 289 2050 369 2114; x_wconf 76' lang='lat' dir='ltr'><strong>qaus</strong></span> <span class='ocrx_word' id='word_1_114' title='bbox 385 2028 418 2089; x_wconf 92' lang='lat' dir='ltr'><strong>in</strong></span> <span class='ocrx_word' id='word_1_115' title='bbox 436 2026 545 2090; x_wconf 73' lang='lat' dir='ltr'><strong>Galliac</strong></span> <span class='ocrx_word' id='word_1_116' title='bbox 561 2024 778 2113; x_wconf 88' lang='lat' dir='ltr'><strong>descriptione</strong></span> <span class='ocrx_word' id='word_1_117' title='bbox 799 2025 986 2106; x_wconf 82' lang='lat' dir='ltr'><strong>retulimus,</strong></span> <span class='ocrx_word' id='word_1_118' title='bbox 1003 2028 1109 2090; x_wconf 89' lang='lat' dir='ltr'><strong>Batavi</strong></span> <span class='ocrx_word' id='word_1_119' title='bbox 1127 2050 1197 2090; x_wconf 93' lang='lat' dir='ltr'><strong>non</strong></span> <span class='ocrx_word' id='word_1_120' title='bbox 1216 2027 1339 2089; x_wconf 88' lang='lat' dir='ltr'><strong>multum</strong></span> 
     </span>
     <span class='ocr_line' id='line_1_18' title="bbox 288 2126 1339 2215; baseline -0.003 -24"><span class='ocrx_word' id='word_1_121' title='bbox 288 2150 328 2191; x_wconf 86' lang='lat' dir='ltr'><strong>ex</strong></span> <span class='ocrx_word' id='word_1_122' title='bbox 344 2128 434 2215; x_wconf 89' lang='lat' dir='ltr'><strong>ripa,</strong></span> <span class='ocrx_word' id='word_1_123' title='bbox 450 2126 509 2189; x_wconf 92' lang='lat' dir='ltr'><strong>sed</strong></span> <span class='ocrx_word' id='word_1_124' title='bbox 523 2126 662 2189; x_wconf 90' lang='lat' dir='ltr'><strong>insulam</strong></span> <span class='ocrx_word' id='word_1_125' title='bbox 679 2128 785 2191; x_wconf 88' lang='lat' dir='ltr'><strong>Rheni</strong></span> <span class='ocrx_word' id='word_1_126' title='bbox 802 2128 904 2189; x_wconf 87' lang='lat' dir='ltr'><strong>amnis</strong></span> <span class='ocrx_word' id='word_1_127' title='bbox 921 2128 1087 2208; x_wconf 89' lang='lat' dir='ltr'><strong>colebant,</strong></span> <span class='ocrx_word' id='word_1_128' title='bbox 1107 2130 1209 2192; x_wconf 86' lang='lat' dir='ltr'><strong>Cattis</strong></span> <span class='ocrx_word' id='word_1_129' title='bbox 1226 2126 1293 2193; x_wconf 87' lang='lat' dir='ltr'><strong>orti.</strong></span> <span class='ocrx_word' id='word_1_130' title='bbox 1308 2126 1339 2188; x_wconf 79' lang='lat' dir='ltr'><strong>At</strong></span> 
     </span>
     <span class='ocr_line' id='line_1_19' title="bbox 289 2227 1340 2317; baseline -0.004 -25"><span class='ocrx_word' id='word_1_131' title='bbox 289 2228 439 2292; x_wconf 82' lang='lat' dir='ltr'><strong>dextrum</strong></span> <span class='ocrx_word' id='word_1_132' title='bbox 455 2228 561 2291; x_wconf 88' lang='lat' dir='ltr'><strong>Rheni</strong></span> <span class='ocrx_word' id='word_1_133' title='bbox 578 2227 681 2308; x_wconf 87' lang='lat' dir='ltr'><strong>latus,</strong></span> <span class='ocrx_word' id='word_1_134' title='bbox 701 2227 791 2314; x_wconf 92' lang='lat' dir='ltr'><strong>quod</strong></span> <span class='ocrx_word' id='word_1_135' title='bbox 809 2228 987 2292; x_wconf 80' lang='lat' dir='ltr'><strong>Germaniae</strong></span> <span class='ocrx_word' id='word_1_136' title='bbox 1001 2230 1205 2317; x_wconf 76' lang='lat' dir='ltr'><strong>praetexitur,</strong></span> <span class='ocrx_word' id='word_1_137' title='bbox 1226 2231 1340 2292; x_wconf 81' lang='lat' dir='ltr'><strong>incerte</strong></span> 
     </span>
     <span class='ocr_line' id='line_1_20' title="bbox 287 2329 1340 2416; baseline -0.004 -24"><span class='ocrx_word' id='word_1_138' title='bbox 287 2330 366 2393; x_wconf 89' lang='lat' dir='ltr'><strong>olim</strong></span> <span class='ocrx_word' id='word_1_139' title='bbox 383 2329 594 2416; x_wconf 88' lang='lat' dir='ltr'><strong>possessionis</strong></span> <span class='ocrx_word' id='word_1_140' title='bbox 610 2329 690 2409; x_wconf 79' lang='lat' dir='ltr'><strong>fuit3</strong></span> <span class='ocrx_word' id='word_1_141' title='bbox 707 2350 813 2415; x_wconf 91' lang='lat' dir='ltr'><strong>eoque</strong></span> <span class='ocrx_word' id='word_1_142' title='bbox 831 2329 945 2392; x_wconf 89' lang='lat' dir='ltr'><strong>notitia</strong></span> <span class='ocrx_word' id='word_1_143' title='bbox 964 2329 1048 2393; x_wconf 91' lang='lat' dir='ltr'><strong>illius</strong></span> <span class='ocrx_word' id='word_1_144' title='bbox 1066 2330 1246 2395; x_wconf 89' lang='lat' dir='ltr'><strong>obscurior.</strong></span> <span class='ocrx_word' id='word_1_145' title='bbox 1267 2329 1340 2393; x_wconf 87' lang='lat' dir='ltr'><strong>Rhe·</strong></span> 
     </span>
     <span class='ocr_line' id='line_1_21' title="bbox 288 2415 1340 2521; baseline -0.005 -27"><span class='ocrx_word' id='word_1_146' title='bbox 288 2453 351 2494; x_wconf 89' lang='lat' dir='ltr'><strong>nus</strong></span> <span class='ocrx_word' id='word_1_147' title='bbox 369 2431 438 2517; x_wconf 91' lang='lat' dir='ltr'><strong>ipse</strong></span> <span class='ocrx_word' id='word_1_148' title='bbox 454 2455 473 2493; x_wconf 93' lang='lat' dir='ltr'><strong>a</strong></span> <span class='ocrx_word' id='word_1_149' title='bbox 489 2429 640 2493; x_wconf 81' lang='lat' dir='ltr'><strong>Rhaeticis</strong></span> <span class='ocrx_word' id='word_1_150' title='bbox 655 2428 791 2518; x_wconf 87' lang='lat' dir='ltr'><strong>Alpibus</strong></span> <span class='ocrx_word' id='word_1_151' title='bbox 807 2446 840 2494; x_wconf 90' lang='lat' dir='ltr'><strong>et</strong></span> <span class='ocrx_word' id='word_1_152' title='bbox 856 2446 968 2495; x_wconf 90' lang='lat' dir='ltr'><strong>monte</strong></span> <span class='ocrx_word' id='word_1_153' title='bbox 982 2429 1168 2514; x_wconf 89' lang='lat' dir='ltr'><strong>Gothardo,</strong></span> <span class='ocrx_word' id='word_1_154' title='bbox 1185 2415 1245 2521; x_wconf 88' lang='lat' dir='ltr'><strong>per</strong></span> <span class='ocrx_word' id='word_1_155' title='bbox 1259 2430 1340 2495; x_wconf 89' lang='lat' dir='ltr'><strong>abru-</strong></span> 
     </span>
     <span class='ocr_line' id='line_1_22' title="bbox 288 2527 1340 2619; baseline -0.007 -25"><span class='ocrx_word' id='word_1_156' title='bbox 288 2546 343 2618; x_wconf 92' lang='lat' dir='ltr'><strong>pta</strong></span> <span class='ocrx_word' id='word_1_157' title='bbox 353 2530 536 2611; x_wconf 84' lang='lat' dir='ltr'><strong>devolutus,</strong></span> <span class='ocrx_word' id='word_1_158' title='bbox 549 2530 741 2593; x_wconf 77' lang='lat' dir='ltr'><strong>curiensem</strong></span> <span class='ocrx_word' id='word_1_159' title='bbox 753 2553 867 2619; x_wconf 80' lang='lat' dir='ltr'><strong>agrurn</strong></span> <span class='ocrx_word' id='word_1_160' title='bbox 879 2533 1055 2619; x_wconf 87' lang='lat' dir='ltr'><strong>percurrit;</strong></span> <span class='ocrx_word' id='word_1_161' title='bbox 1070 2554 1146 2595; x_wconf 86' lang='lat' dir='ltr'><strong>mox</strong></span> <span class='ocrx_word' id='word_1_162' title='bbox 1159 2531 1244 2596; x_wconf 90' lang='lat' dir='ltr'><strong>duos</strong></span> <span class='ocrx_word' id='word_1_163' title='bbox 1257 2527 1340 2594; x_wconf 86' lang='lat' dir='ltr'><strong>efficit</strong></span> 
     </span>
     <span class='ocr_line' id='line_1_23' title="bbox 289 2628 1340 2712; baseline -0.005 -16"><span class='ocrx_word' id='word_1_164' title='bbox 289 2632 393 2711; x_wconf 81' lang='lat' dir='ltr'><strong>lactas,</strong></span> <span class='ocrx_word' id='word_1_165' title='bbox 417 2631 594 2694; x_wconf 75' lang='lat' dir='ltr'><strong>heronium</strong></span> <span class='ocrx_word' id='word_1_166' title='bbox 619 2648 652 2694; x_wconf 91' lang='lat' dir='ltr'><strong>et</strong></span> <span class='ocrx_word' id='word_1_167' title='bbox 672 2630 855 2712; x_wconf 90' lang='lat' dir='ltr'><strong>Venetum;</strong></span> <span class='ocrx_word' id='word_1_168' title='bbox 874 2632 951 2696; x_wconf 90' lang='lat' dir='ltr'><strong>binc</strong></span> <span class='ocrx_word' id='word_1_169' title='bbox 967 2631 1097 2696; x_wconf 90' lang='lat' dir='ltr'><strong>modico</strong></span> <span class='ocrx_word' id='word_1_170' title='bbox 1114 2631 1201 2697; x_wconf 87' lang='lat' dir='ltr'><strong>flexu</strong></span> <span class='ocrx_word' id='word_1_171' title='bbox 1218 2635 1251 2696; x_wconf 93' lang='lat' dir='ltr'><strong>in</strong></span> <span class='ocrx_word' id='word_1_172' title='bbox 1268 2628 1340 2695; x_wconf 90' lang='lat' dir='ltr'><strong>occi·</strong></span> 
     </span>
     <span class='ocr_line' id='line_1_24' title="bbox 290 2730 1339 2821; baseline -0.005 -24"><span class='ocrx_word' id='word_1_173' title='bbox 290 2731 423 2797; x_wconf 88' lang='lat' dir='ltr'><strong>dentem</strong></span> <span class='ocrx_word' id='word_1_174' title='bbox 443 2731 597 2818; x_wconf 88' lang='lat' dir='ltr'><strong>pronior,</strong></span> <span class='ocrx_word' id='word_1_175' title='bbox 623 2731 714 2810; x_wconf 86' lang='lat' dir='ltr'><strong>juxta</strong></span> <span class='ocrx_word' id='word_1_176' title='bbox 735 2733 896 2796; x_wconf 84' lang='lat' dir='ltr'><strong>Rauracos</strong></span> <span class='ocrx_word' id='word_1_177' title='bbox 922 2732 963 2796; x_wconf 90' lang='lat' dir='ltr'><strong>ad</strong></span> <span class='ocrx_word' id='word_1_178' title='bbox 986 2735 1234 2821; x_wconf 88' lang='lat' dir='ltr'><strong>septemtriones</strong></span> <span class='ocrx_word' id='word_1_179' title='bbox 1253 2730 1339 2807; x_wconf 87' lang='lat' dir='ltr'><strong>redit,</strong></span> 
     </span>
     <span class='ocr_line' id='line_1_25' title="bbox 287 2831 1342 2923; baseline -0.005 -26"><span class='ocrx_word' id='word_1_180' title='bbox 287 2856 403 2923; x_wconf 79' lang='lat' dir='ltr'><strong>agrum</strong></span> <span class='ocrx_word' id='word_1_181' title='bbox 419 2831 595 2895; x_wconf 88' lang='lat' dir='ltr'><strong>helvetium</strong></span> <span class='ocrx_word' id='word_1_182' title='bbox 612 2855 628 2894; x_wconf 95' lang='lat' dir='ltr'><strong>a</strong></span> <span class='ocrx_word' id='word_1_183' title='bbox 644 2833 830 2920; x_wconf 81' lang='lat' dir='ltr'><strong>germanico</strong></span> <span class='ocrx_word' id='word_1_184' title='bbox 847 2832 1013 2914; x_wconf 81' lang='lat' dir='ltr'><strong>dividens3</strong></span> <span class='ocrx_word' id='word_1_185' title='bbox 1030 2857 1103 2921; x_wconf 87' lang='lat' dir='ltr'><strong>quae</strong></span> <span class='ocrx_word' id='word_1_186' title='bbox 1119 2857 1170 2898; x_wconf 87' lang='lat' dir='ltr'><strong>res</strong></span> <span class='ocrx_word' id='word_1_187' title='bbox 1190 2835 1266 2898; x_wconf 91' lang='lat' dir='ltr'><strong>olim</strong></span> <span class='ocrx_word' id='word_1_188' title='bbox 1284 2851 1342 2920; x_wconf 83' lang='lat' dir='ltr'><strong>per·</strong></span> 
     </span>
     <span class='ocr_line' id='line_1_26' title="bbox 287 2929 1339 3023; baseline -0.005 -28"><span class='ocrx_word' id='word_1_189' title='bbox 287 2933 395 3020; x_wconf 91' lang='lat' dir='ltr'><strong>petuis</strong></span> <span class='ocrx_word' id='word_1_190' title='bbox 409 2931 548 2995; x_wconf 84' lang='lat' dir='ltr'><strong>duarum</strong></span> <span class='ocrx_word' id='word_1_191' title='bbox 565 2932 709 3020; x_wconf 80' lang='lat' dir='ltr'><strong>gentium</strong></span> <span class='ocrx_word' id='word_1_192' title='bbox 727 2933 818 2996; x_wconf 87' lang='lat' dir='ltr'><strong>bellis</strong></span> <span class='ocrx_word' id='word_1_193' title='bbox 837 2935 1021 2998; x_wconf 88' lang='lat' dir='ltr'><strong>occasiones</strong></span> <span class='ocrx_word' id='word_1_194' title='bbox 1040 2935 1201 3023; x_wconf 84' lang='lat' dir='ltr'><strong>praebuit:</strong></span> <span class='ocrx_word' id='word_1_195' title='bbox 1222 2957 1279 2998; x_wconf 91' lang='lat' dir='ltr'><strong>nec</strong></span> <span class='ocrx_word' id='word_1_196' title='bbox 1292 2929 1339 2994; x_wconf 89' lang='lat' dir='ltr'><strong>alia</strong></span> 
     </span>
     <span class='ocr_line' id='line_1_27' title="bbox 288 3031 1339 3117; baseline -0.004 -21"><span class='ocrx_word' id='word_1_197' title='bbox 288 3034 392 3113; x_wconf 85' lang='lat' dir='ltr'><strong>major</strong></span> <span class='ocrx_word' id='word_1_198' title='bbox 410 3055 505 3096; x_wconf 89' lang='lat' dir='ltr'><strong>causa</strong></span> <span class='ocrx_word' id='word_1_199' title='bbox 519 3031 601 3112; x_wconf 84' lang='lat' dir='ltr'><strong>fuit,</strong></span> <span class='ocrx_word' id='word_1_200' title='bbox 619 3053 680 3095; x_wconf 91' lang='lat' dir='ltr'><strong>eur</strong></span> <span class='ocrx_word' id='word_1_201' title='bbox 695 3033 853 3117; x_wconf 87' lang='lat' dir='ltr'><strong>Helvetii,</strong></span> <span class='ocrx_word' id='word_1_202' title='bbox 871 3031 1002 3098; x_wconf 92' lang='lat' dir='ltr'><strong>sedibus</strong></span> <span class='ocrx_word' id='word_1_203' title='bbox 1019 3037 1085 3098; x_wconf 90' lang='lat' dir='ltr'><strong>suis</strong></span> <span class='ocrx_word' id='word_1_204' title='bbox 1104 3036 1262 3114; x_wconf 87' lang='lat' dir='ltr'><strong>incensis,</strong></span> <span class='ocrx_word' id='word_1_205' title='bbox 1279 3031 1339 3094; x_wconf 87' lang='lat' dir='ltr'><strong>alias</strong></span> 
     </span>
     <span class='ocr_line' id='line_1_28' title="bbox 289 3133 997 3221; baseline 0.004 -25"><span class='ocrx_word' id='word_1_206' title='bbox 289 3134 498 3197; x_wconf 82' lang='lat' dir='ltr'><strong>instituerent</strong></span> <span class='ocrx_word' id='word_1_207' title='bbox 513 3133 546 3194; x_wconf 92' lang='lat' dir='ltr'><strong>in</strong></span> <span class='ocrx_word' id='word_1_208' title='bbox 563 3133 664 3198; x_wconf 89' lang='lat' dir='ltr'><strong>Gallia</strong></span> <span class='ocrx_word' id='word_1_209' title='bbox 679 3134 827 3198; x_wconf 89' lang='lat' dir='ltr'><strong>interiori</strong></span> <span class='ocrx_word' id='word_1_210' title='bbox 843 3157 997 3221; x_wconf 80' lang='lat' dir='ltr'><strong>quaerere.</strong></span> 
     </span>
    </p>

    <p class='ocr_par' dir='ltr' id='par_1_5' title="bbox 288 3234 1340 4133">
     <span class='ocr_line' id='line_1_29' title="bbox 332 3234 1339 3322; baseline -0.002 -27"><span class='ocrx_word' id='word_1_211' title='bbox 332 3236 423 3299; x_wconf 89' lang='lat' dir='ltr'>VIII.</span> <span class='ocrx_word' id='word_1_212' title='bbox 434 3234 485 3297; x_wconf 91' lang='lat' dir='ltr'><strong>Ibi</strong></span> <span class='ocrx_word' id='word_1_213' title='bbox 491 3234 557 3313; x_wconf 85' lang='lat' dir='ltr'><strong>jam</strong></span> <span class='ocrx_word' id='word_1_214' title='bbox 565 3235 744 3322; x_wconf 85' lang='lat' dir='ltr'><strong>antiquitus</strong></span> <span class='ocrx_word' id='word_1_215' title='bbox 755 3236 884 3299; x_wconf 91' lang='lat' dir='ltr'><strong>initium</strong></span> <span class='ocrx_word' id='word_1_216' title='bbox 895 3235 1076 3300; x_wconf 87' lang='lat' dir='ltr'><strong>Germaniae</strong></span> <span class='ocrx_word' id='word_1_217' title='bbox 1084 3236 1163 3317; x_wconf 80' lang='lat' dir='ltr'><strong>suit3</strong></span> <span class='ocrx_word' id='word_1_218' title='bbox 1174 3235 1230 3301; x_wconf 90' lang='lat' dir='ltr'><strong>sed</strong></span> <span class='ocrx_word' id='word_1_219' title='bbox 1240 3257 1273 3300; x_wconf 88' lang='lat' dir='ltr'><strong>ea</strong></span> <span class='ocrx_word' id='word_1_220' title='bbox 1282 3234 1339 3296; x_wconf 86' lang='lat' dir='ltr'><strong>loca</strong></span> 
     </span>
     <span class='ocr_line' id='line_1_30' title="bbox 290 3335 1340 3422; baseline -0.005 -23"><span class='ocrx_word' id='word_1_221' title='bbox 290 3336 404 3399; x_wconf 91' lang='lat' dir='ltr'><strong>incerti</strong></span> <span class='ocrx_word' id='word_1_222' title='bbox 421 3351 513 3398; x_wconf 86' lang='lat' dir='ltr'><strong>erant</strong></span> <span class='ocrx_word' id='word_1_223' title='bbox 525 3335 624 3414; x_wconf 88' lang='lat' dir='ltr'><strong>juris,</strong></span> <span class='ocrx_word' id='word_1_224' title='bbox 640 3335 732 3422; x_wconf 87' lang='lat' dir='ltr'><strong>quod</strong></span> <span class='ocrx_word' id='word_1_225' title='bbox 749 3357 838 3400; x_wconf 89' lang='lat' dir='ltr'><strong>nunc</strong></span> <span class='ocrx_word' id='word_1_226' title='bbox 853 3357 871 3399; x_wconf 88' lang='lat' dir='ltr'><strong>a</strong></span> <span class='ocrx_word' id='word_1_227' title='bbox 888 3337 986 3401; x_wconf 88' lang='lat' dir='ltr'><strong>Gallis</strong></span> <span class='ocrx_word' id='word_1_228' title='bbox 1005 3337 1250 3417; x_wconf 84' lang='lat' dir='ltr'><strong>invadebantur,</strong></span> <span class='ocrx_word' id='word_1_229' title='bbox 1266 3353 1340 3398; x_wconf 87' lang='lat' dir='ltr'><strong>nunc</strong></span> 
     </span>
     <span class='ocr_line' id='line_1_31' title="bbox 289 3434 1338 3529; baseline 0.002 -33"><span class='ocrx_word' id='word_1_230' title='bbox 289 3434 529 3521; x_wconf 82' lang='lat' dir='ltr'><strong>recipiebantur</strong></span> <span class='ocrx_word' id='word_1_231' title='bbox 538 3459 557 3497; x_wconf 88' lang='lat' dir='ltr'><strong>a</strong></span> <span class='ocrx_word' id='word_1_232' title='bbox 566 3435 747 3500; x_wconf 88' lang='lat' dir='ltr'><strong>Germanis.</strong></span> <span class='ocrx_word' id='word_1_233' title='bbox 760 3437 809 3500; x_wconf 91' lang='lat' dir='ltr'><strong>Ibi</strong></span> <span class='ocrx_word' id='word_1_234' title='bbox 819 3439 1011 3502; x_wconf 87' lang='lat' dir='ltr'><strong>Decumates</strong></span> <span class='ocrx_word' id='word_1_235' title='bbox 1021 3439 1087 3529; x_wconf 85' lang='lat' dir='ltr'><strong>agri</strong></span> <span class='ocrx_word' id='word_1_236' title='bbox 1098 3439 1247 3519; x_wconf 81' lang='lat' dir='ltr'><strong>suerunt,</strong></span> <span class='ocrx_word' id='word_1_237' title='bbox 1262 3448 1338 3525; x_wconf 81' lang='lat' dir='ltr'><strong>post·</strong></span> 
     </span>
     <span class='ocr_line' id='line_1_32' title="bbox 288 3535 1339 3628; baseline -0.003 -31"><span class='ocrx_word' id='word_1_238' title='bbox 288 3549 422 3598; x_wconf 87' lang='lat' dir='ltr'><strong>eatrans</strong></span> <span class='ocrx_word' id='word_1_239' title='bbox 432 3535 585 3598; x_wconf 88' lang='lat' dir='ltr'><strong>Rhenum</strong></span> <span class='ocrx_word' id='word_1_240' title='bbox 595 3536 864 3625; x_wconf 83' lang='lat' dir='ltr'><strong>Danubiumque3</strong></span> <span class='ocrx_word' id='word_1_241' title='bbox 882 3538 974 3617; x_wconf 89' lang='lat' dir='ltr'><strong>cujus</strong></span> <span class='ocrx_word' id='word_1_242' title='bbox 993 3540 1026 3602; x_wconf 95' lang='lat' dir='ltr'><strong>in</strong></span> <span class='ocrx_word' id='word_1_243' title='bbox 1045 3541 1231 3628; x_wconf 88' lang='lat' dir='ltr'><strong>propinquo</strong></span> <span class='ocrx_word' id='word_1_244' title='bbox 1247 3539 1339 3602; x_wconf 83' lang='lat' dir='ltr'><strong>sontes</strong></span> 
     </span>
     <span class='ocr_line' id='line_1_33' title="bbox 289 3633 1338 3728; baseline 0.002 -29"><span class='ocrx_word' id='word_1_245' title='bbox 289 3650 387 3716; x_wconf 91' lang='lat' dir='ltr'><strong>sunt,</strong></span> <span class='ocrx_word' id='word_1_246' title='bbox 399 3635 453 3700; x_wconf 79' lang='lat' dir='ltr'><strong>vix</strong></span> <span class='ocrx_word' id='word_1_247' title='bbox 469 3635 612 3702; x_wconf 90' lang='lat' dir='ltr'><strong>duorum</strong></span> <span class='ocrx_word' id='word_1_248' title='bbox 634 3638 818 3702; x_wconf 89' lang='lat' dir='ltr'><strong>milliarium</strong></span> <span class='ocrx_word' id='word_1_249' title='bbox 833 3663 851 3702; x_wconf 91' lang='lat' dir='ltr'><strong>a</strong></span> <span class='ocrx_word' id='word_1_250' title='bbox 864 3641 932 3728; x_wconf 88' lang='lat' dir='ltr'><strong>ripa</strong></span> <span class='ocrx_word' id='word_1_251' title='bbox 951 3641 1057 3704; x_wconf 87' lang='lat' dir='ltr'><strong>Rheni</strong></span> <span class='ocrx_word' id='word_1_252' title='bbox 1074 3641 1177 3728; x_wconf 87' lang='lat' dir='ltr'><strong>spatio</strong></span> <span class='ocrx_word' id='word_1_253' title='bbox 1192 3633 1338 3724; x_wconf 82' lang='lat' dir='ltr'><strong>dirempti·</strong></span> 
     </span>
     <span class='ocr_line' id='line_1_34' title="bbox 289 3738 1338 3828; baseline 0.001 -28"><span class='ocrx_word' id='word_1_254' title='bbox 289 3738 466 3826; x_wconf 81' lang='lat' dir='ltr'><strong>Hegoviam</strong></span> <span class='ocrx_word' id='word_1_255' title='bbox 483 3755 642 3803; x_wconf 87' lang='lat' dir='ltr'><strong>nostrates</strong></span> <span class='ocrx_word' id='word_1_256' title='bbox 667 3755 800 3822; x_wconf 85' lang='lat' dir='ltr'><strong>vocant,-</strong></span> <span class='ocrx_word' id='word_1_257' title='bbox 817 3741 998 3828; x_wconf 86' lang='lat' dir='ltr'><strong>oppositam</strong></span> <span class='ocrx_word' id='word_1_258' title='bbox 1027 3742 1246 3806; x_wconf 87' lang='lat' dir='ltr'><strong>Helvetiorum</strong></span> <span class='ocrx_word' id='word_1_259' title='bbox 1266 3739 1338 3801; x_wconf 80' lang='lat' dir='ltr'><strong>Tur·</strong></span> 
     </span>
     <span class='ocr_line' id='line_1_35' title="bbox 289 3839 1338 3929; baseline -0.007 -27"><span class='ocrx_word' id='word_1_260' title='bbox 289 3839 397 3927; x_wconf 72' lang='lat' dir='ltr'><strong>gaviae,</strong></span> <span class='ocrx_word' id='word_1_261' title='bbox 423 3839 511 3902; x_wconf 83' lang='lat' dir='ltr'><strong>Infra</strong></span> <span class='ocrx_word' id='word_1_262' title='bbox 534 3839 712 3927; x_wconf 84' lang='lat' dir='ltr'><strong>Hegoviarn</strong></span> <span class='ocrx_word' id='word_1_263' title='bbox 732 3841 901 3929; x_wconf 85' lang='lat' dir='ltr'><strong>Clecgovia</strong></span> <span class='ocrx_word' id='word_1_264' title='bbox 913 3841 1016 3925; x_wconf 90' lang='lat' dir='ltr'><strong>jacet,</strong></span> <span class='ocrx_word' id='word_1_265' title='bbox 1038 3841 1197 3906; x_wconf 88' lang='lat' dir='ltr'><strong>Martiano</strong></span> <span class='ocrx_word' id='word_1_266' title='bbox 1220 3853 1338 3903; x_wconf 89' lang='lat' dir='ltr'><strong>nemore</strong></span> 
     </span>
     <span class='ocr_line' id='line_1_36' title="bbox 290 3939 1335 4029; baseline -0.002 -27"><span class='ocrx_word' id='word_1_267' title='bbox 290 3939 402 4027; x_wconf 79' lang='lat' dir='ltr'><strong>(quod</strong></span> <span class='ocrx_word' id='word_1_268' title='bbox 413 3939 582 4029; x_wconf 81' lang='lat' dir='ltr'><strong>Hercyniae</strong></span> <span class='ocrx_word' id='word_1_269' title='bbox 592 3939 679 4004; x_wconf 87' lang='lat' dir='ltr'><strong>silvae</strong></span> <span class='ocrx_word' id='word_1_270' title='bbox 692 3958 789 4029; x_wconf 89' lang='lat' dir='ltr'><strong>caput</strong></span> <span class='ocrx_word' id='word_1_271' title='bbox 803 3941 871 4028; x_wconf 90' lang='lat' dir='ltr'><strong>est)</strong></span> <span class='ocrx_word' id='word_1_272' title='bbox 890 3959 922 4007; x_wconf 90' lang='lat' dir='ltr'><strong>et</strong></span> <span class='ocrx_word' id='word_1_273' title='bbox 936 3943 1053 4008; x_wconf 89' lang='lat' dir='ltr'><strong>Rheno</strong></span> <span class='ocrx_word' id='word_1_274' title='bbox 1065 3965 1160 4007; x_wconf 91' lang='lat' dir='ltr'><strong>amne</strong></span> <span class='ocrx_word' id='word_1_275' title='bbox 1174 3941 1335 4008; x_wconf 78' lang='lat' dir='ltr'><strong>terminata.</strong></span> 
     </span>
     <span class='ocr_line' id='line_1_37' title="bbox 288 4035 1336 4133; baseline -0.001 -27"><span class='ocrx_word' id='word_1_276' title='bbox 288 4041 326 4106; x_wconf 90' lang='lat' dir='ltr'><strong>In</strong></span> <span class='ocrx_word' id='word_1_277' title='bbox 341 4041 402 4105; x_wconf 86' lang='lat' dir='ltr'><strong>illis</strong></span> <span class='ocrx_word' id='word_1_278' title='bbox 413 4041 618 4129; x_wconf 84' lang='lat' dir='ltr'><strong>regionibus,</strong></span> <span class='ocrx_word' id='word_1_279' title='bbox 632 4057 663 4104; x_wconf 90' lang='lat' dir='ltr'><strong>et</strong></span> <span class='ocrx_word' id='word_1_280' title='bbox 674 4057 910 4129; x_wconf 84' lang='lat' dir='ltr'><strong>qnaepraeterea</strong></span> <span class='ocrx_word' id='word_1_281' title='bbox 921 4043 1078 4133; x_wconf 88' lang='lat' dir='ltr'><strong>usquead</strong></span> <span class='ocrx_word' id='word_1_282' title='bbox 1091 4045 1256 4108; x_wconf 86' lang='lat' dir='ltr'><strong>Cattomm</strong></span> <span class='ocrx_word' id='word_1_283' title='bbox 1270 4035 1336 4100; x_wconf 68' lang='lat' dir='ltr'><strong>fines</strong></span> 
     </span>
    </p>
   </div>
   <div class='ocr_carea' id='block_1_3' title="bbox 0 0 1447 4900">
    <p class='ocr_par' dir='ltr' id='par_1_6' title="bbox 0 0 1447 4900">
     <span class='ocr_line' id='line_1_38' title="bbox 0 0 1447 4900; baseline 0 0"><span class='ocrx_word' id='word_1_284' title='bbox 0 0 1447 4900; x_wconf 95' lang='lat' dir='ltr'><strong> </strong></span> 
     </span>
    </p>
   </div>
  </div>
 </body>
</html>
