2875 4900
171 373 238 438 10.
256 371 454 440 snmus.
474 372 610 440 surr.
628 313 682 440 ul
707 373 821 440 noc.
842 375 939 440 Lis.
960 377 1076 444 xcv.
1105 399 1172 469 277

114 493 176 554 Cn.
194 491 323 554 lentuli
343 491 580 580 profugerunt,
598 491 680 556 Galli
701 491 867 579 plerique,
886 493 1012 579 pertaesi
1030 495 1174 582 pessimas
1283 495 1290 498 ’

112 596 225 677 sortis,
244 593 401 681 adquam
419 615 475 657 eos
493 617 561 658 non
579 615 676 657 suum
693 592 825 680 aliquod
841 593 963 676 scelus,
983 593 1039 658 sed
1055 595 1175 682 iniqui-

111 712 158 759 tas
176 695 304 759 domini
324 711 483 783 coegerat.
501 695 563 775 Hi,
580 717 683 782 quum
698 695 842 759 verubus
861 710 959 782 atque
980 695 1174 782 coquinariis

109 795 222 858 cultris
247 817 265 858 e
286 795 406 882 popina
431 795 588 882 correptis
611 794 734 883 oppido
757 797 957 882 erupissent,
982 798 1015 859 in
1035 797 1174 884 plaustra

108 895 258 983 quaedam
272 895 476 977 inciderunt,
493 895 614 982 quibus
630 918 718 959 arma
732 895 917 985 gladiatoria
930 896 1151 984 portabantur.

150 999 196 1061 11.
219 999 326 1084 Atque
344 997 389 1060 illi
407 997 497 1060 velut
520 1018 655 1060 munere
673 995 773 1061 deum
791 997 904 1062 oblatis
923 999 1020 1062 armis
1036 999 1173 1078 alacres,

106 1098 140 1162 iu
157 1099 291 1163 munito
307 1097 448 1186 quodam
465 1098 546 1162 colle
562 1098 795 1180 constiterunt,
810 1097 948 1162 ducibus
966 1100 1069 1163 tribus
1084 1121 1173 1163 crea·

107 1201 171 1282 tis,
194 1201 281 1264 iuter
300 1221 384 1286 quos
409 1200 579 1287 Spartacus
605 1199 786 1280 eminebat,
809 1199 918 1262 Thrax
940 1215 1055 1288 gente,
1078 1215 1110 1264 et
1132 1199 1172 1264 ab

73 1334 78 1348 ·
105 1302 244 1365 iuermte
260 1316 352 1365 aetate
374 1315 503 1388 pastor;
529 1297 587 1362 sed
608 1300 717 1363 animo
739 1315 771 1362 et
787 1300 908 1363 viribus
930 1299 1064 1389 ingens,
1087 1322 1171 1363 non·

104 1403 197 1466 nulla
212 1423 346 1489 quoque
365 1401 442 1466 belli
460 1401 591 1488 peritia,
609 1400 699 1486 quod
715 1400 802 1463 inter
815 1397 1038 1487 stipendiarios
1054 1399 1171 1464 milita·

101 1517 215 1581 verat,
234 1501 387 1565 ferociam
411 1501 544 1590 originis
563 1501 768 1587 institutique
787 1499 960 1587 prudentia
976 1515 1008 1562 et
1023 1499 1171 1566 modera-

103 1602 197 1666 tione
224 1601 433 1689 temperabat.
457 1603 547 1665 Uxor
569 1602 599 1664 ei
624 1600 763 1664 oriunda
782 1600 926 1665 indidem
952 1591 1079 1682 aderal3
1098 1625 1170 1688 quae

102 1700 252 1765 baecbici
271 1702 414 1766 numinis
435 1702 564 1790 plenam
586 1724 621 1765 se
638 1702 766 1782 ferens,
781 1723 848 1788 quo
867 1701 1008 1789 primurn
1024 1717 1170 1789 ternpore

101 1802 243 1866 Romam
269 1801 389 1866 venalis
418 1817 466 1866 est
489 1801 673 1878 deductus,
700 1818 876 1890 conspecto
901 1801 1060 1882 dracone,
1087 1804 1169 1866 cirea

100 1901 297 1966 dormientis
315 1917 413 1991 caput
434 1903 537 1968 instar
558 1925 687 1967 corona
708 1904 905 1984 convoluto,
929 1925 1077 1991 magnum
1099 1905 1168 1970 viro

99 2003 284 2089 potentiam
305 2002 504 2091 predixerat.
529 2005 670 2092 Cognito
694 2004 866 2069 bominum
891 2003 1045 2082 consilio,
1063 2004 1169 2068 statim

99 2124 137 2164 ex
156 2101 283 2190 oppido
307 2118 468 2166 venerunt
490 2105 623 2184 armati,
645 2105 702 2190 qui
724 2127 779 2167 eos
803 2127 841 2168 ex
859 2103 935 2192 fuga
951 2103 1167 2191 reprehende·

97 2222 186 2266 rent.
209 2203 267 2266 His
287 2203 366 2266 lusis
386 2205 587 2293 fugatisque,
606 2227 709 2290 quum
731 2207 832 2270 multa
847 2227 936 2268 arma
952 2205 1100 2270 militaria
1114 2227 1167 2270 ce·

97 2303 245 2388 pisseut,
267 2303 396 2405 abjectis
411 2303 623 2392 gladiatoriis,
641 2325 714 2389 quae
734 2303 889 2384 oderant,
907 2305 958 2368 illa
979 2303 1042 2368 laeti
1058 2319 1167 2394 grutu-

97 2402 304 2491 labundique
319 2421 539 2493 sumpserunt.

139 2506 205 2569 111.
224 2506 314 2569 lnter
328 2506 397 2571 lraee
412 2506 566 2571 Claudius
580 2508 719 2571 Pulcher
732 2508 874 2597 legatus,
888 2532 963 2573 cum
977 2508 1080 2573 tribus
1096 2511 1167 2573 mil·-

95 2606 186 2670 libus
208 2622 407 2671 amutorum
424 2630 465 2670 ex
487 2608 577 2672 Urbe
597 2608 754 2688 accurrit,
770 2625 802 2671 et
819 2607 859 2672 ad
879 2610 1054 2672 Vesuvium
1071 2632 1165 2673 mon-

95 2724 187 2787 tem,
206 2730 275 2795 quo
297 2706 346 2771 illi
369 2729 404 2771 se
425 2725 632 2795 receperant,
653 2711 767 2773 castris
783 2710 915 2795 positis,
939 2708 1083 2787 aditum,
1108 2709 1165 2795 qui

94 2812 218 2873 unicus
234 2832 271 2873 ea
283 2824 394 2897 parte,
412 2810 550 2897 atqueis
569 2809 699 2875 difficile
716 2824 823 2873 tamen
846 2825 878 2873 et
895 2808 1087 2897 impeditum
1104 2808 1165 2872 iter

94 2909 286 2996 praebebat,
305 2909 440 2974 obsedit.
459 2911 511 2976 Illi
530 2910 634 2975 nullas
650 2912 734 2979 eirca
748 2910 924 2991 stationes,
941 2933 1004 2997 qua
1024 2911 1164 2973 inacces-

94 3032 150 3075 sus
165 3009 361 3091 videbatur,
380 3011 573 3099 conspicati,
590 3034 649 3097 per
665 3012 803 3098 abrupta
819 3032 974 3097 cavasque
991 3011 1098 3077 fruces
1112 3032 1163 3073 ca·

93 3113 181 3175 tenis
200 3132 242 3173 ex
255 3112 322 3175 vite
337 3112 473 3175 silvestri
490 3112 643 3176 confectis
661 3134 696 3175 se
712 3112 932 3192 demiserunt,
949 3136 1016 3175 uno
1035 3112 1164 3193 relicto,

92 3213 152 3299 qui
169 3210 305 3291 dejectis
319 3212 418 3276 armis
431 3226 594 3300 postremo
607 3213 676 3300 ipse
693 3228 826 3299 quoque
842 3211 1016 3276 descendit.
1035 3213 1162 3300 Sparta·

93 3336 176 3393 cus,
193 3328 367 3400 postquam
389 3313 571 3377 incolumes
591 3335 704 3377 omues
726 3312 869 3400 recepit,
884 3312 993 3377 solerti
1010 3334 1085 3375 cum
1106 3336 1162 3376 au·

92 3413 189 3479 dacia
206 3415 314 3477 statim
330 3413 372 3477 ad
386 3430 490 3478 castra
504 3414 727 3477 Romanorum
744 3413 856 3494 duxit,
879 3429 912 3477 et
929 3413 1093 3502 improvisi
1110 3437 1164 3501 pe·

92 3514 192 3579 riculi
208 3513 471 3579 consternatione
486 3514 532 3579 ita
548 3514 663 3579 terruit
681 3514 874 3596 Claudium,
898 3530 954 3595 ut,
975 3515 1062 3602 turpi
1085 3515 1161 3605 fuga

92 3614 209 3678 eastris
235 3613 390 3696 rimatis,
415 3614 540 3701 aliquot
565 3613 714 3679 cobortes
739 3632 880 3703 quatuor
904 3631 936 3679 et
958 3617 1161 3705 septuaginta

92 3714 328 3801 gladiatoribus
344 3714 505 3781 cederent.
534 3752 542 3771 ·

126 3872 145 3935 s
160 3872 228 3920 1.11.
242 3871 271 3919 C.
285 3872 351 3933 6795
364 3873 434 3922 aa
448 3874 489 3933 73.
505 3900 538 3910 -
558 3876 609 3923 biv.
621 3875 687 3939 Epir.
706 3902 739 3911 —
755 3876 857 3940 Eutrop.
869 3876 911 3924 lib.
921 3878 963 3923 Vl.
977 3904 1011 3913 -
1025 3878 1160 3925 Marcellin

92 3956 200 4011 xm,
216 3954 261 4003 ab.
273 3980 309 3991 -·
320 3956 378 4003 sa
391 3956 448 4005 nur.
459 3973 513 4021 oap.
527 3958 552 4005 ὓ.
565 3984 601 3993 -
613 3958 679 4006 Flor.
690 3962 744 4020 lll,
765 3967 778 4015 Ι,
794 3970 817 4007 et
833 3977 876 4008 uo.
894 3986 929 3997 --
945 3960 1007 4007 rtur.
1022 3963 1047 4007 in
1061 3962 1161 4011 Crasso.

91 4053 192 4102 capas
201 4048 229 4085 et
240 4046 278 4092 ιι.
288 4064 322 4074 -—
337 4038 396 4103 su.
410 4039 473 4089 l‘lor.
487 4066 523 4077 -
536 4041 601 4089 Plus.
615 4042 641 4089 in
656 4042 752 4091 Crasso.
763 4042 823 4107 —s
838 4046 882 4092 lll.
899 4046 949 4091 Ην.
966 4044 1030 4106 Epir.
1048 4070 1082 4081 -
1097 4037 1158 4094 l'lut·
1200 4074 1203 4086 ι

91 4123 202 4170 -Vell
213 4124 254 4181 11,
265 4122 306 4171 io.
322 4148 355 4161 -
370 4122 436 4171 Flor.
444 4126 495 4185 111,
505 4142 548 4174 ao.
560 4153 594 4164 -
605 4128 715 4177 Froutln.
724 4131 750 4189 l,
766 4128 791 4187 5,
802 4142 843 4175 ar.
