2875 4900
257 369 312 438 IN
337 368 452 439 LOC.
477 367 570 434 LIB.
596 365 700 432 CXV
730 365 946 434 LIVIANI.
1056 368 1128 460 ‚281

96 487 181 552 nodo
197 487 414 568 Mithridates,
432 485 604 552 sedetiam
621 507 716 572 opes,
739 485 863 573 copias,
886 509 976 574 spem
993 487 1135 580 denique

95 587 297 677 expugnandae
309 588 419 675 Cyzici
435 602 690 674 comumpserat.
702 587 806 676 igitur
816 588 964 652 Hermoeo
973 589 1136 678 Varioque

95 688 204 752 traditis
221 687 402 776 peditibus,
420 711 565 776 quorum
584 709 742 752 numerus
762 688 870 754 adhuc
893 689 1022 778 triginta
1039 693 1136 756 millia

94 789 257 875 supenlnt,
268 791 336 876 ipse
345 789 510 853 maritimo
518 788 633 854 itinere
643 789 678 852 iu
689 811 827 878 regnum
839 791 1000 879 cogitabat
1010 794 1136 856 reverti.

131 891 197 954 ΧΠ.
215 892 338 971 Noctu,
350 914 418 978 quo
431 890 555 956 falleret
566 890 733 972 obsessos,
748 889 926 959 conscendi
940 893 1065 981 navigia
1074 891 1140 970 jus·

94 990 137 1056 sit
146 989 205 1053 Sed
214 1014 252 1056 ea
266 991 396 1073 majoris
411 989 635 1079 trepidationis
651 1014 746 1058 eausa
758 993 822 1058 fuir
836 1016 844 1056 :
858 991 938 1056 dum
955 994 1040 1056 inter
1052 1010 1139 1057 tene·

95 1089 169 1173 bras,
187 1109 278 1157 metu
292 1093 505 1156 reverentiam
521 1093 648 1180 imperii
661 1093 828 1174 vincente,
844 1095 990 1158 certatim
1007 1109 1040 1158 et
1059 1116 1137 1181 pro·

32 1202 33 1261 1
94 1191 358 1258 nsouadnavss
367 1191 738 1281 ruitur,qumdamcum
752 1193 821 1274 his,
832 1195 889 1280 qui
900 1193 1138 1274 inscenderant,

93 1291 444 1374 submersaesunt321iae
459 1294 596 1362 uirbatte
608 1309 707 1382 atque
723 1295 924 1360 circumactae
940 1299 1013 1385 plus
1031 1296 1139 1360 adhuc

94 1413 178 1456 uota
194 1395 530 1484 consternationisque
545 1397 702 1463 fecerunt.
723 1397 794 1460 Hoc
809 1395 910 1460 modo
925 1419 1007 1486 tegre
1026 1398 1139 1460 solutis

92 1498 216 1575 anemis,
235 1497 368 1560 Parium
391 1519 448 1560 rex
464 1497 624 1584 pervenit.
641 1495 741 1578 Quod
759 1493 816 1558 ubi
838 1495 993 1584 postridie
1009 1522 1028 1560 a
1044 1497 1139 1586 Cyni·

92 1596 169 1659 cenis
180 1598 423 1686 estcognitnm,
439 1614 644 1662 excurrentes
655 1598 691 1660 in
704 1597 839 1664 Pontica
854 1613 969 1680 castra,
983 1599 1139 1685 reliquam

92 1695 186 1761 adhuc
206 1714 362 1788 aegmtam
386 1699 629 1764 multitudinem
653 1697 885 1779 conciderunt,
909 1700 1041 1780 ablatis,
1066 1721 1139 1788 quae

92 1799 160 1862 verti
171 1801 204 1864 in
220 1799 363 1888 praedatu
377 1817 536 1888 poterant.

129 1901 213 1965 Xlll.
227 1901 299 1965 sss
312 1901 399 1965 idem
412 1918 542 1989 tempus
552 1902 729 1966 Archelaus
741 1902 849 1966 classis
861 1901 956 1990 regiae
970 1901 1139 1988 praefectus

93 2001 316 2080 ,Aristonicum
341 2002 533 2072 Plutarchus
556 2003 714 2090 appellat)
739 2005 773 2068 in
801 2019 993 2091 potestatem
1014 2002 1139 2066 Luculli

92 2103 234 2184 pervenit.
252 2103 384 2168 Miserat
401 2126 478 2168 eum
493 2102 715 2185 Mithridates,
733 2119 771 2168 ut
786 2105 954 2192 negotium
969 2103 1140 2166 facesseret

92 2199 182 2283 hosti,
203 2227 247 2272 ne
268 2204 474 2269 recedentem
495 2229 514 2268 a
539 2206 657 2292 Cyzico
678 2207 772 2292 sequi
794 2221 904 2292 posset
906 2230 921 2294 3
945 2203 1142 2291 dederatque
1244 2242 1259 2262 .

92 2298 191 2367 decem
208 2304 311 2368 millia
331 2329 525 2386 aureomm,
548 2305 591 2368 ad
614 2305 798 2372 limbrianas
818 2305 1071 2394 corrumpendas
1098 2303 1141 2367 le-

91 2399 200 2486 giones.
209 2404 278 2471 Sed
286 2405 354 2482 ille,
370 2405 467 2471 iidem
475 2429 495 2469 a
503 2404 634 2495 perfidis
647 2407 757 2495 inepte
770 2427 1022 2493 speraremus,
1037 2429 1140 2495 quum

93 2515 231 2590 tanquam
245 2505 289 2569 ad
302 2505 503 2594 accipiendas
519 2508 628 2594 copias
643 2506 805 2571 destinato
824 2522 969 2596 tempure
985 2511 1139 2590 venisset,

91 2604 209 2686 occisis,
224 2628 312 2693 quos
324 2629 436 2671 secum
450 2606 643 2689 adduxerat,
657 2607 955 2695 comprehenditur.
971 2612 1140 2691 Lucullus,

91 2704 209 2789 audito,
233 2707 399 2795 pedestres
424 2707 619 2773 Mithridatis
641 2710 750 2798 copias
777 2712 987 2801 Lampsacum
1013 2729 1143 2800 petere,
1237 2722 1248 2733 '

91 2808 236 2874 contiuuo
254 2808 464 2896 insequutus,
479 2808 521 2874 ad
530 2810 689 2897 AEsepum
704 2832 834 2875 amnem
847 2810 1071 2900 deprehendit,
1086 2813 1143 2900 qui

91 2920 149 2973 tum
164 2911 242 2977 anni
259 2926 407 2999 tempore
425 2910 575 2998 pluvioso
592 2910 769 2999 plurimum
790 2929 942 2977 creverat.
959 2914 1009 2977 Ibi
1025 2912 1142 2977 Grani·

91 3030 139 3071 cus
149 3026 182 3074 et
188 3012 331 3099 AEsepus
346 3034 458 3075 amnes
469 3026 683 3076 cruentarunt
693 3012 817 3091 undas3
831 3013 1061 3100 regiorumque
1072 3035 1144 3101 par-

91 3107 140 3171 tim
153 3112 247 3199 aquis
256 3112 387 3191 hamo,
403 3112 521 3201 partim
532 3112 704 3175 hostilibus
717 3113 847 3175 concisa
859 3113 971 3193 armis,
987 3114 1028 3177 ad
1044 3115 1142 3177 millia

90 3210 192 3297 viginti
213 3212 403 3300 perierunt,
426 3234 563 3300 magnus
585 3229 738 3299 praeterea
760 3227 873 3300 ceptus
894 3229 943 3275 est
967 3236 1145 3279 numerus:

90 3310 252 3399 plusquam
270 3312 425 3377 undecim
439 3313 539 3377 millia
555 3315 590 3376 in
603 3314 714 3401 praelio
732 3312 930 3379 ceciderunt.

127 3414 211 3479 xlv,
229 3418 387 3495 Caeteros,
404 3438 508 3503 quum
525 3438 560 3479 se
580 3416 792 3480 munimentis
809 3414 921 3505 oppidi
939 3416 1144 3497 clausissent,

91 3512 233 3579 luamus
250 3516 394 3598 obsedit;
411 3516 516 3581 donec
526 3540 545 3582 a
555 3516 744 3580 Mithridate
762 3518 858 3579 missa
874 3518 999 3598 classis,
1016 3532 1049 3581 et
1066 3518 1144 3599 illis,

90 3616 350 3706 etLampsaoenis
366 3618 520 3684 omnibus
539 3618 733 3706 exportatis,
748 3640 882 3685 vacuam
899 3619 1016 3686 urbem
1032 3620 1145 3695 victori

90 3716 219 3805 reliquit
239 3720 302 3783 llic
314 3736 450 3784 eventus
463 3718 643 3783 obsidionis
659 3720 816 3806 cyzicena·
835 3722 915 3800 fuit,
933 3743 996 3808 qua
1013 3722 1146 3809 periisse

90 3813 124 3877 de
140 3820 237 3908 regiis
253 3820 395 3885 militum
417 3821 620 3907 lixarumque
636 3820 679 3883 ad
696 3837 840 3885 trecenta
861 3822 960 3886 millia
978 3838 1146 3909 putantur.

117 4037 187 4100 §xt
201 4045 274 4089 Oros.
284 4044 318 4096 V,
328 4050 371 4096 nt.
384 4070 416 4078 -
430 4046 482 4090 Liv.
496 4044 562 4108 Epit.
577 4070 611 4080 -
626 4044 749 4093 Plutarch.
762 4047 787 4091 iu
800 4044 910 4091 Lucullo.
926 4072 958 4079 -
974 4046 1099 4091 Memnon.
1113 4072 1141 4079 -

87 4117 309 4179 §llllffllutarch
318 4126 344 4173 in
352 4126 464 4177 lucano.
474 4154 508 4165 ·-
518 4129 644 4175 Memnon.
654 4128 804 4197 -Appiam
814 4127 926 4175 Mithrid.
938 4154 972 4164 -
985 4126 1048 4174 llor.
1058 4130 1109 4185 111,
1120 4128 1146 4180 l.
