2875 4900
265 393 310 462 28
437 389 882 463 tO.FREthHEM11
912 390 1159 462 SUPPLEM.
1230 454 1233 458 ,

261 514 380 580 insevit
393 513 481 578 Deus
495 537 503 579 :
519 530 553 578 at
565 511 733 596 homines,
747 512 799 578 his
812 513 1026 600 contemptis,
1037 510 1080 576 ad
1093 509 1246 600 quelibet
1257 509 1332 588 alia,

264 639 336 704 quae
354 614 510 704 deceptor
530 631 629 702 atque
649 613 807 703 deceptus
831 615 961 679 animus
987 616 1147 704 suggerit,
1173 612 1334 679 lubentius

265 733 433 782 exerrant:
449 733 482 782 et
496 737 598 802 quum
613 713 655 780 de
671 731 788 780 caetero
801 715 965 782 absonum
976 731 1076 804 atque
1091 714 1264 804 indignum
1277 734 1335 800 pu·

267 835 356 902 tent,
371 839 491 906 pueros
505 816 661 904 sapientia
675 839 743 884 uon
754 817 904 898 vincere,
915 817 950 880 in
969 816 1070 882 rebus
1082 817 1181 907 longe
1192 811 1334 880 maximis

265 918 300 983 id
319 919 420 984 modo
437 918 605 1008 pueriliter
625 933 851 1008 anteponunt,
867 918 960 1007 quod
982 917 1016 983 in
1037 918 1208 1007 presentia
1220 915 1337 997 jucun·

266 1019 436 1086 dissimum
450 1017 610 1084 videatur.
620 1020 709 1108 Ergo
724 1035 759 1084 et
770 1019 858 1085 inter
866 1042 1064 1110 magnorum
1073 1017 1235 1084 bellorum
1249 1015 1336 1080 initia

265 1120 481 1210 deprehensi,
499 1143 540 1186 eo
555 1121 751 1210 plerumque
767 1122 942 1203 inclinant,
967 1120 1059 1186 unde
1073 1142 1214 1210 presens
1232 1118 1337 1205 aliqua

266 1223 349 1286 lucri
361 1244 434 1310 spes
451 1221 606 1312 affulget3
628 1237 677 1304 et,
693 1222 774 1288 dum
790 1223 890 1305 hujus
905 1223 1084 1311 potiantur,
1096 1223 1143 1286 fas
1158 1221 1336 1308 fidemque,

265 1341 298 1388 et
311 1325 338 1388 si
352 1347 424 1412 quae
435 1324 496 1388 alia
506 1323 708 1412 praeferenda
719 1324 876 1390 omnibus
887 1341 996 1408 etant,
1008 1347 1070 1415 pro
1083 1324 1190 1390 nihilo
1201 1322 1334 1403 ducunt.

308 1427 380 1490 XV.
403 1426 520 1515 Neque
536 1426 617 1490 mihi
635 1427 752 1515 aliquis
775 1427 977 1517 Saguntum,
995 1442 1029 1491 et
1043 1440 1200 1513 preterea
1218 1441 1336 1512 paucos

263 1527 433 1610 objecerit,
450 1529 508 1617 qui
524 1550 586 1616 pro
607 1527 671 1594 lide
689 1545 835 1594 extrema
852 1551 992 1616 queque
1015 1527 1212 1616 perferendo
1234 1521 1336 1614 perie-

265 1645 354 1696 runt.
372 1631 483 1720 Longe
499 1630 603 1710 major
615 1653 733 1696 eorum
750 1646 800 1696 est
812 1651 993 1712 numerus,
1010 1652 1094 1717 quos
1109 1627 1254 1717 perdidit
1265 1645 1337 1714 per·

267 1730 364 1796 lidia:
382 1747 416 1796 et
432 1747 557 1814 tamen,
574 1732 602 1798 si
615 1754 673 1820 par
686 1733 839 1808 omnium
855 1746 993 1797 eventus
1009 1730 1141 1806 fuisset,
1155 1729 1272 1819 ingens
1288 1725 1337 1790 in·

269 1847 320 1896 ter
338 1849 496 1923 utrosque
517 1831 692 1898 discrimen
711 1833 899 1898 communis
922 1832 1085 1900 inveniret
1102 1853 1234 1913 sensus,
1251 1823 1338 1917 quod

266 1933 356 1998 alteri
385 1933 570 2022 perierunt,
597 1949 630 1998 et
654 1933 851 2015 laudantur3
875 1933 966 2000 alteri
992 1956 1054 1998 nec
1084 1933 1281 2011 laudantur,
1307 1943 1338 1990 et

266 2035 444 2123 perierunt.
462 2035 527 2102 Sed
542 2035 642 2117 bene,
657 2035 750 2123 quod
765 2035 900 2126 meliora
917 2036 1112 2125 plerumque
1128 2033 1278 2123 exempla
1294 2031 1338 2093 fe-

265 2137 319 2201 lici
336 2138 425 2203 exitu
445 2137 580 2202 donavit
595 2139 701 2220 Deus3
719 2154 774 2220 ut,
790 2138 912 2226 quibus
929 2138 998 2205 hac
1015 2137 1219 2215 offeruntur,
1235 2136 1263 2202 si
1282 2154 1338 2198 sua

263 2255 381 2328 sponte
398 2239 577 2304 honestum
593 2261 701 2304 amare
716 2240 841 2321 nolint,
862 2241 976 2306 saltem
993 2239 1140 2305 utilitatis
1154 2260 1254 2306 causa
1274 2253 1340 2300 tur·

265 2339 449 2427 pitudinem
465 2341 621 2406 vitiorum
638 2341 732 2429 sequi
748 2341 929 2407 dediscant.

310 2441 398 2508 xvt.
410 2441 624 2509 Mithridatici
638 2443 736 2509 etiam
750 2443 827 2509 belli
843 2442 972 2511 casibus
987 2444 1057 2510 haec
1072 2444 1253 2534 approbata
1268 2464 1339 2508 sen·

265 2544 365 2607 tentia
388 2560 456 2626 est;
476 2566 543 2632 quo
569 2561 690 2611 ceterae
714 2546 858 2611 civitates
884 2546 983 2623 Asiae,
1009 2563 1188 2635 postquam
1216 2543 1339 2635 pontici

264 2643 347 2732 regis
363 2667 459 2709 causa
474 2646 576 2709 multa
593 2644 733 2711 nefanda
747 2647 912 2729 fecerunt,
930 2648 1043 2713 abillo
1058 2648 1203 2736 primum
1225 2648 1339 2714 miser·

263 2746 346 2809 rime
368 2761 507 2827 vexatae,
526 2745 680 2811 deindea
700 2747 880 2813 victoribus
896 2748 1037 2837 graviter
1059 2748 1225 2816 mtdctatae
1244 2760 1340 2824 sunt;

262 2846 409 2913 Rhodios
425 2862 524 2935 atque
539 2848 725 2937 Magnetas,
743 2864 776 2913 et
788 2848 829 2913 ab
844 2849 939 2913 hoste
955 2863 1045 2913 tutos
1060 2848 1182 2930 virtus,
1201 2864 1236 2914 et
1252 2842 1339 2937 apud

262 2949 423 3039 poptdum
435 2971 610 3013 romanum
624 2949 704 3015 fides
715 2973 808 3015 caros
822 2950 1068 3038 honoratosque
1082 2951 1251 3039 praestitit:
1265 2970 1340 3015 nant

264 3050 404 3134 Ilhodii,
416 3051 579 3119 moentbus
590 3052 822 3141 portubusque
838 3052 1068 3134 communitis,
1079 3050 1247 3119 machinas
1263 3051 1342 3117 locis

264 3150 461 3240 opportunis
476 3150 664 3240 frequentes
680 3168 926 3240 opposuerunt,
945 3174 966 3216 a
978 3151 1251 3219 Telmissensihus
1268 3150 1341 3240 qui·

215 3312 218 3319 .
267 3250 406 3317 busdam
424 3268 457 3317 et
474 3254 579 3341 Lyciis
596 3253 709 3335 adjuti.
732 3254 959 3318 Romanorum
983 3252 1081 3316 etiam
1099 3253 1269 3335 omnium,
1286 3250 1341 3340 qui

264 3351 364 3417 vitare
394 3352 618 3422 crudelitatem
642 3354 859 3419 Asiaticorum
880 3368 1078 3442 potuerunt,
1105 3353 1259 3443 interque
1286 3374 1341 3417 eos

266 3454 302 3517 L.
318 3453 441 3535 Cassii,
458 3455 515 3542 qui
530 3456 708 3543 proconsul
723 3472 793 3520 erat
805 3455 906 3537 Asiae,
924 3470 1076 3543 receptus
1090 3454 1163 3520 tuit.

308 3554 413 3620 XVII.
447 3558 489 3621 At
507 3555 730 3638 Mithridates,
749 3557 899 3623 instituta
923 3559 958 3621 in
986 3560 1093 3622 Coum
1118 3558 1341 3647 navigatione,

265 3672 419 3747 prompte
438 3672 607 3745 susceptus
627 3658 667 3723 ab
683 3657 876 3749 oppidanis,
895 3659 1090 3741 Alexandri,
1106 3661 1164 3747 qui
1185 3683 1292 3750 nuper
1307 3659 1340 3721 in

266 3757 413 3847 AEgypto
432 3774 636 3847 regnaverat,
651 3758 756 3825 filium
772 3761 928 3842 abduxit,
946 3763 1104 3852 regioque
1123 3786 1235 3829 secum
1249 3764 1342 3827 cultu

265 3858 391 3924 hahuit.
415 3857 477 3923 Sed
494 3882 533 3922 ex
549 3859 729 3944 thesauris,
742 3886 825 3950 quos
842 3864 962 3929 ibidem
978 3865 1048 3929 avia
1062 3868 1155 3953 pueri
1171 3867 1342 3955 Cleopatra

266 3974 434 4049 posuerat,
460 3984 592 4050 magnas
618 3985 714 4053 opes,
742 3965 970 4054 mundumque
994 3967 1207 4047 muliebrem,
1226 3983 1257 4031 et
1281 3966 1343 4031 alia

299 4155 315 4219 ,h
329 4157 398 4205 xvt.
412 4156 521 4221 Appiae.
532 4156 647 4207 Mithrld.
