2875 4900
294 340 364 439 574
467 346 534 413 10.
563 345 905 414 FREINSIIEMII
936 346 1180 415 SUPPLEM.

292 480 325 527 et
346 464 409 529 loci
433 462 513 527 situs
534 464 587 529 ille
604 480 689 546 erat,
715 480 753 529 ut
768 481 910 554 angisto
931 466 1018 531 inter
1039 484 1169 532 montes
1188 467 1282 533 aditu
1300 471 1361 534 tela

291 566 448 654 utn'nqne
458 565 552 645 adjici
564 566 599 629 in
610 565 832 655 egredientem
845 584 989 656 possent.
1002 569 1106 659 Igitur
1118 569 1161 633 ad
1171 586 1250 635 octo
1262 570 1359 636 millia

289 691 446 757 passuum
458 665 535 732 inde
551 668 628 731 litus
642 668 778 756 planum
795 685 1010 758 apertumque
1024 670 1128 758 petiit.

333 770 433 835 LVII.
445 772 495 835 Eo
506 791 641 857 quoque
652 769 726 833 Ioco
738 770 969 835 Britannorum
982 771 1147 859 equitatus
1163 788 1198 836 et
1209 771 1361 837 essedarii

289 894 325 935 se
341 886 579 961 opposuerunt.
594 870 840 936 Essedariorum
853 872 1023 963 pugnandi
1034 873 1117 938 ratio
1130 876 1235 938 ferme
1247 874 1360 939 similis

289 972 352 1039 fuit
370 966 417 1053 ei,
434 996 507 1061 quae
523 972 727 1061 temporibus
744 972 884 1038 heroicis
906 973 995 1062 apud
1017 990 1129 1063 poetas
1153 973 1360 1040 adscribitur.

290 1075 404 1157 Quum
421 1088 507 1138 esset
521 1072 579 1137 diu
595 1088 771 1155 certatum,
784 1076 970 1158 Romanos,
983 1097 1172 1164 quanquam
1186 1075 1361 1163 iniquitate

288 1176 351 1241 loci
374 1189 407 1239 et
429 1194 516 1238 novo
538 1196 657 1262 genere
678 1196 797 1263 pugnae
819 1175 1051 1257 turbabantur,
1070 1178 1175 1266 longas
1191 1199 1311 1259 naves,
1330 1195 1362 1242 et

289 1275 404 1339 emissa
427 1273 504 1339 inde
526 1275 697 1339 tormentis
722 1276 802 1358 tela,
825 1277 963 1341 victores
983 1277 1172 1341 effecerunt
1192 1278 1358 1357 Britanni,

288 1375 389 1463 magis
404 1390 546 1457 terrore,
570 1398 670 1464 quam
691 1376 812 1441 damno
828 1378 1009 1465 compulsi,
1026 1377 1117 1466 quod
1132 1379 1285 1466 equitatu
1302 1379 1359 1443 de-

285 1476 419 1541 stitutus
434 1478 540 1541 Cesar
556 1477 683 1565 insequi
701 1477 863 1569 fugientes
878 1480 1087 1567 nequiverat,
1108 1480 1233 1569 legatos
1256 1482 1357 1545 mise·

287 1594 374 1643 runt.
398 1581 481 1643 Cum
504 1580 555 1644 his
578 1581 761 1645 et·Comius
784 1580 922 1645 Atrebas
945 1582 1050 1665 venit,
1071 1604 1170 1669 quern
1194 1606 1214 1645 a
1233 1582 1357 1647 ware

286 1681 505 1769 premissum,
522 1698 560 1745 ut
577 1682 748 1746 Britannos
763 1680 806 1745 ad
823 1682 997 1748 amicitiam
1019 1682 1133 1772 populi
1151 1684 1283 1747 romani
1302 1706 1357 1749 co·

286 1782 489 1864 hortaretur,
507 1797 540 1847 et
561 1781 602 1846 ab
623 1805 658 1847 se
680 1784 972 1871 comprehensum,
988 1800 1064 1874 post
1080 1783 1193 1849 infelix
1207 1785 1355 1872 praelium

283 1884 507 1949 liberaverant.

327 1987 445 2051 LVIII.
468 1986 575 2071 Caesar
589 1984 655 2049 leni
675 1986 824 2049 oratione
839 1986 1018 2074 castigatis,
1039 1986 1128 2076 quod
1134 2008 1253 2075 pacem
1274 1986 1355 2051 alno

278 2088 413 2175 petitam
431 2084 513 2150 bello
528 2108 592 2149 non
606 2089 780 2150 necessario
799 2090 1015 2167 mutavhsent,
1031 2087 1149 2151 obsides
1163 2088 1352 2175 imper-avit:

285 2187 402 2276 hisque
420 2185 587 2269 adductis,
605 2186 639 2249 in
655 2186 772 2252 faciem
788 2188 934 2253 amicitiae
953 2189 1071 2276 quietae
1086 2210 1138 2252 res
1155 2210 1227 2253 esse
1249 2212 1353 2278 coepe·

283 2306 379 2372 runt,
393 2287 649 2377 haudquaquam
664 2288 765 2353 solida
782 2304 839 2353 aut
849 2288 1004 2354 diuturna
1014 2289 1089 2354 lide.
1098 2289 1181 2354 Nam
1196 2289 1259 2354 ubi
1271 2306 1353 2355 tem·

283 2406 408 2479 pestate
426 2389 567 2472 disjectae
581 2412 696 2472 naves,
716 2389 837 2478 quibus
857 2390 983 2480 equites
999 2406 1092 2456 erant
1106 2391 1271 2480 impositi,
1287 2394 1353 2458 Bri·

284 2491 428 2556 tanniam
437 2507 549 2557 tenere
557 2493 795 2580 nequiverunt;
808 2514 972 2581 navesque
980 2493 1129 2575 Caesaris,
1140 2495 1265 2583 ignotis
1276 2495 1352 2560 locis

280 2591 326 2658 ad
338 2614 472 2658 ancoras
487 2607 625 2676 stantes,
640 2593 753 2658 eadem
765 2609 937 2684 tempestas
949 2594 1127 2686 confregit,
1142 2596 1255 2662 autad
1268 2597 1353 2662 navi·

282 2693 427 2784 gaudum
443 2693 586 2760 reddidit
600 2695 751 2778 inutiles;
762 2696 850 2762 coire
860 2696 1039 2778 Britannis,
1053 2698 1189 2763 miscere
1202 2701 1350 2781 masilia,

282 2811 448 2887 postremo
460 2817 628 2860 resumere
637 2819 728 2862 arma
739 2797 877 2886 placuit,
891 2797 983 2886 quod
993 2797 1170 2862 exercitum
1179 2798 1254 2864 sine
1268 2823 1351 2865 corn·

282 2915 411 2980 meant,
432 2899 502 2964 sine
521 2897 658 2964 navibus
679 2900 714 2963 in
740 2898 850 2963 hostili
872 2899 944 2963 solo
965 2899 1083 2987 iniquo
1104 2898 1182 2964 anni
1204 2915 1351 2990 tempore

281 2998 538 3088 deprehensum,
556 2999 648 3064 facile
664 3015 874 3088 superaturos
889 3022 925 3064 se
940 2999 1100 3088 putabant
1115 3023 1124 3067 ε
1141 3001 1350 3092 victoriaque

281 3101 451 3189 praemium
468 3123 536 3166 non
553 3100 638 3165 intra
659 3101 829 3190 presentia
845 3116 975 3164 tantum
996 3099 1170 3165 commoda
1187 3117 1348 3168 stanuum

280 3203 454 3283 rebantur,
467 3201 541 3283 sed,
554 3201 606 3266 his
619 3201 733 3266 deletis
749 3201 868 3289 copiis,
881 3201 1006 3266 nemini
1016 3216 1129 3290 postea
1141 3201 1301 3266 veniendi
1313 3202 1348 3266 ad

279 3303 451 3368 Britannos
467 3302 633 3368 audaciam
648 3303 730 3368 fore.

324 3405 407 3468 LIII.
419 3404 522 3492 Igitur
534 3405 695 3494 legionem
711 3404 900 3493 septimam,
910 3427 983 3493 quae
998 3405 1095 3469 missa
1111 3404 1347 3472 frumentatum

279 3503 399 3584 fuerat,
421 3502 529 3569 subito
548 3506 707 3570 maximus
724 3529 881 3575 numerus
899 3506 1040 3596 aggressi
1061 3522 1163 3570 totam
1184 3509 1348 3574 concidis·

279 3619 368 3685 sent,
385 3603 447 3667 nisi
467 3605 590 3692 pulvis,
605 3607 700 3672 solito
718 3609 822 3687 major
838 3629 879 3672 ex
895 3609 933 3672 iis
948 3609 1028 3672 Iocis
1043 3624 1260 3696 conspectus,
1278 3613 1347 3675 Cae·

278 3705 383 3772 sarem
406 3703 602 3771 advertisset.
622 3709 694 3774 Hoc
709 3709 856 3774 celeriter
875 3710 1105 3790 subveniente,
1121 3725 1248 3773 servata
1263 3711 1346 3800 legio

278 3825 344 3874 est:
357 3809 484 3889 hostes,
495 3806 558 3872 alio
571 3807 689 3872 deinde
702 3810 814 3898 praelio
827 3811 922 3891 victi,
935 3833 1039 3898 quum
1051 3809 1168 3874 iterum
1182 3810 1345 3875 misissent

276 3913 416 4000 legatos,
435 3911 556 3991 Caesar,
574 3907 710 3974 infirmis
728 3911 864 3976 navibus
880 3935 948 3976 non
967 3935 1036 3976 esse
1055 3909 1180 3974 diutins
1196 3910 1346 3976 differen-

312 4097 328 4161 s
343 4101 406 4148 LVI.
417 4102 477 4148 (aas.
488 4098 548 4163 -s
561 4101 636 4150 LVII.
648 4101 729 4150 Strab.
741 4127 774 4138 -
785 4103 843 4150 Tne.
856 4103 939 4165 Agris.
951 4117 1004 4167 cap.
1018 4118 1057 4150 ια.
1071 4129 1104 4138 -·
1119 4102 1182 4150 Caes.
