2875 4900
290 370 344 437 IN
375 367 490 435 Luc.
517 365 611 433 LlB.
637 367 726 433 XCI
759 366 978 435 LIVIANI.
1104 370 1173 464 239

118 511 229 575 «quarn
237 487 379 575 antiquis
387 484 592 573 temporibus
600 483 717 547 educta
724 485 757 548 in
767 486 901 548 Sacrum
912 503 1058 551 montem
1068 490 1171 576 plebe,

117 590 238 653 2nescio
251 590 327 676 quis
338 587 478 652 Sicinius
491 584 626 649 deden't.
643 585 713 649 Nisi
728 602 836 649 umen
848 586 902 651 bic
916 603 1006 653 tanto
1021 606 1069 653 est
1083 590 1171 655 dete·

115 692 211 771 nior,
223 690 313 777 quod
327 712 396 753 non
405 703 580 753 contentus
588 686 661 767 jure
677 687 865 768 tribunitio,
883 702 1043 775 quatenus
1056 691 1171 755 tolcra-

115 790 193 854 nbilc
210 792 349 871 civitati,
370 808 404 855 et
423 792 547 879 populo
563 791 700 855 salutare
717 808 782 872 est,
802 790 896 877 quale
916 790 1053 877 majores
1074 796 1171 859 vestri

115 894 221 956 mirice
235 892 477 973 desiderarunt,
491 892 651 957 licentiam
663 892 724 955 sibi
737 891 893 956 miscendi
908 892 1035 972 omnia,
1048 909 1080 957 et
1093 917 1173 957 rem·

114 993 289 1079 ·publieam
303 993 461 1057 arbitratu
479 1014 541 1056 suo
558 990 692 1080 agendi,
709 992 836 1057 ferendi
852 993 1002 1081 postulat.

150 1094 269 1158 xxxl.
292 1096 365 1157 «An
392 1116 459 1156 non
483 1094 557 1157 satis
578 1093 679 1157 modo
698 1116 866 1181 poenarum
889 1092 1056 1175 dedimus,
1080 1096 1170 1181 quod

112 1195 315 1259 ebominibus
329 1195 544 1276 turbulentis,
559 1194 753 1274 ambitiosis,
769 1192 963 1276 audacibus,
979 1194 1085 1259 stultis
1098 1195 1173 1259 ado·

112 1296 340 1375 «lacentibus,
356 1296 534 1384 populum,
551 1318 618 1382 quo
634 1296 771 1374 vellent,
787 1294 928 1383 agitandi
945 1316 1096 1360 concessa
1112 1320 1171 1384 po·

112 1412 220 1462 ‹testas
234 1397 306 1461 est?
319 1396 415 1461 Unde
428 1397 514 1460 enim
529 1397 715 1484 gracchana
724 1396 964 1483 apuleianaeque
973 1396 1170 1461 seditiones?

110 1497 211 1561 «unde
227 1520 305 1561 mox
318 1498 481 1561 marianus
492 1497 718 1583 cinnanusque
729 1498 842 1578 furor,
861 1497 975 1561 nisiex
993 1498 1169 1562 tribunitiis

110 1598 367 1687 *rogationibusi’
383 1600 454 1663 Hoc
472 1598 570 1688 igitur
585 1599 690 1662 audes·
701 1598 826 1679 dicere,
842 1598 962 1663 Sicini?
978 1602 1073 1663 talem
1088 1600 1168 1663 mihi

110 1716 315 1787 ·potestatem
332 1698 491 1788 deposco,
513 1701 640 1786 qualem
658 1700 840 1789 Sempronii
864 1700 1093 1787 Saturninique
1111 1702 1168 1763 ha-

109 1800 281 1863 «buenmn
300 1822 362 1887 ego
376 1800 608 1886 rempublicam
625 1802 821 1865 constituam
836 1801 972 1882 scilicet;
989 1824 1050 1888 ego
1064 1802 1167 1891 leges,

109 1900 239 1985 ·quibus
255 1898 436 1980 obediatis,
455 1902 568 1964 feram.
585 1901 698 1965 Infelix
715 1923 846 1979 scurra,
865 1916 901 1963 tu
915 1900 977 1963 isto
991 1918 1049 1964 tuo
1065 1902 1169 1989 impu·

37 2075 38 2080 η
108 2002 208 2066 -denti
223 2026 282 2065 ore
299 2000 455 2089 flagitium
472 2002 533 2065 tale
547 2001 693 2089 proferre
703 2002 805 2065 ausis!
819 2002 893 2064 Tua
909 2001 969 2065 ista
985 2002 1119 2089 insignis
1134 2019 1166 2065 et

106 2102 302 2191 «prodigiosa
314 2102 467 2183 stultitia,
484 2118 540 2167 tua
554 2102 762 2190 improbitas,
779 2120 842 2165 ture
858 2102 919 2165 illae
931 2100 1043 2165 sordes
1060 2103 1093 2165 in
1106 2102 1166 2166 bac

107 2223 156 2263 -se
170 2202 336 2289 republica
349 2202 534 2280 jactabunt!

37 2311 38 2314 ’
143 2303 278 2367 xxxii.
291 2334 305 2359 ι
315 2306 358 2367 At
367 2325 428 2366 nos
438 2304 557 2366 merito
571 2318 684 2365 nostro
697 2303 849 2381 miseros,
863 2303 889 2365 si
902 2325 991 2365 nunc
1006 2303 1163 2367 Sicinium

105 2402 255 2468 «feremus
272 2426 405 2493 regem,
420 2404 476 2492 qui
492 2426 597 2493 nuper
608 2403 777 2468 AEmilium
794 2426 861 2466 non
879 2403 1022 2468 tulimus.
1038 2404 1163 2486 Scilicet

105 2506 308 2593 «apparebat,
325 2528 423 2592 quam
441 2504 551 2572 efficax
567 2505 609 2568 ad
625 2505 846 2570 subruendam
861 2506 1092 2594 rempublicam
1111 2531 1164 2572 cn·

103 2605 240 2670 «nitidus
260 2605 479 2688 effoderetur,
496 2607 540 2687 si,
556 2606 645 2693 quod
662 2607 716 2670 ille
734 2606 795 2670 sub
811 2606 947 2671 honesta
961 2609 1066 2695 specie
1080 2625 1165 2696 pete·

103 2703 186 2788 «bat,
201 2709 292 2796 leges
307 2707 420 2786 Sullae,
436 2707 555 2794 quibus
570 2723 723 2795 tanquam
740 2707 924 2771 firmissimo
939 2708 1069 2772 vinculo
1086 2732 1163 2772 con·

103 2807 222 2871 «cordia
234 2823 405 2894 statusque
419 2809 556 2871 civitatis
570 2808 667 2886 hujus
680 2809 882 2888 continetur,
895 2809 1137 2895 abrogarentur.
1150 2842 1160 2862 υ

103 2905 168 2972 Haec
178 2926 279 2996 atque
291 2908 364 2972 talia
374 2908 575 2972 dictitantem
587 2931 655 2971 non
668 2926 732 2974 tam
746 2909 892 2971 oratione
900 2908 1052 2986 Sicinius,
1063 2929 1159 2994 quam

103 3008 288 3075 clamoribus
301 3027 335 3072 et
343 3006 491 3096 improba
502 3009 671 3074 dicacitate
685 3009 864 3072 refellebat:
879 3008 1044 3070 eratenim
1060 3008 1160 3072 homo

102 3129 245 3196 perquam
272 3109 448 3190 ridiculus3
472 3127 505 3174 et
521 3111 698 3174 scurriliter
721 3111 864 3188 facetus,
890 3131 1003 3170 omnes
1026 3109 1160 3173 civitatis

102 3211 251 3300 principes
266 3235 304 3276 ac
315 3212 519 3300 magistratus
531 3212 689 3300 exagitare
701 3224 930 3273 consueverat:
945 3224 1159 3273 memoratur·

102 3332 172 3395 que,
188 3335 205 3376 a
219 3315 293 3377 solo
307 3313 352 3376 M.
369 3315 484 3376 Crasso
499 3312 710 3399 petulantiam
729 3307 941 3390 abstinuisse;
960 3309 1160 3398 interrogan-

102 3409 194 3487 tibus,
208 3437 271 3477 cur
289 3413 350 3476 soli
364 3413 513 3476 omnium
532 3413 609 3476 huic
626 3411 794 3498 parceret?
812 3407 1009 3497 respondere
1024 3412 1158 3493 solitus,
1244 3415 1246 3420 ’

92 3506 211 3592 fenum
220 3517 256 3577 in
270 3537 368 3576 cornu
381 3512 506 3576 habere.
522 3513 585 3577 Sed
598 3537 617 3576 a
631 3513 774 3576 Curione
793 3512 925 3574 minime
943 3513 1158 3599 temperabat,

102 3613 169 3694 quin
186 3631 219 3678 et
235 3615 279 3678 de
291 3614 457 3701 republica
473 3637 549 3678 cum
561 3637 601 3678 co
615 3614 828 3679 contenderet
843 3613 976 3688 acriter,
993 3631 1026 3677 ct
1041 3614 1155 3678 incon-

101 3711 223 3779 cinnum
242 3715 388 3779 consulis
408 3715 441 3778 in
459 3714 598 3780 urendo
617 3733 745 3780 motum
763 3714 856 3778 dictis
878 3715 1067 3802 procacibus
1087 3715 1157 3777 irri-

102 3810 181 3878 deret
190 3841 200 3896 ;
209 3833 243 3880 et
256 3839 393 3904 corpore
405 3840 442 3880 ac
454 3818 566 3907 lingua
579 3818 755 3906 percitum,
770 3833 801 3880 et
813 3816 1011 3904 inquietum,
1024 3817 1156 3877 nominc

102 3911 255 3996 histrionis
280 3917 333 3981 vix
354 3919 423 3981 sani
445 3919 647 3983 Burbulecitm
670 3919 853 4008 appellaret.
878 3917 980 4004 [gitur
995 3937 1098 4000 quum
1120 3915 1153 3974 in

129 4111 145 4178 S
156 4116 240 4164 HK.
250 4116 303 4164 Liv.
313 4118 352 4176 11,
367 4119 408 4164 32.
