2875 4900
294 350 363 445 ln,
380 350 494 427 LOC.
520 351 612 419 LIB.
639 352 705 419 CV
734 352 946 423 LlVlANI.
1090 352 1159 427 563

100 471 229 559 ingeniis
245 469 434 560 diligentius
448 469 630 536 elaborate.
648 468 714 535 Sed
732 470 796 535 boc
815 488 961 561 tempore
979 478 1160 563 spectacula

100 573 229 653 musica,
251 570 388 660 ludique
405 571 549 661 gymnici
570 571 756 659 scenicique
777 588 854 637 sunt
870 572 967 655 editi,
984 590 1017 639 ct
1034 576 1160 643 circen·

98 694 162 755 ses,
174 695 250 737 cum
264 671 427 753 ejusmodi
440 671 689 753 venationibus,
702 688 741 735 ut
754 673 858 761 spatio
872 676 1019 765 quinque
1032 676 1160 745 dierum

98 773 201 839 leones
217 775 389 864 quingenti
405 774 644 839 occiderentur.

136 877 241 941 XXX.
262 875 521 964 Elephantomm
534 890 697 939 amemus
708 872 778 938 dies
793 874 874 957 fuit,
891 876 965 965 plus
978 877 1159 944 miseratio·

98 976 160 1058 nis,
174 1000 273 1066 quruu
283 976 523 1058 delectationis,
534 976 668 1041 habens.
685 976 818 1065 Quippe
829 998 1014 1066 pugnavere
1025 980 1059 1043 in
1072 984 1159 1047 circo

97 1075 333 1169 duodevigbrti,
348 1078 531 1143 commissis
549 1099 642 1141 more
659 1077 760 1165 praelii
781 1077 885 1141 noxiis
901 1078 1110 1159 hominibus,
1127 1098 1160 1147 et

96 1195 243 1266 preterea
254 1180 488 1263 jaculatoribus
505 1177 641 1267 gaetulis.
655 1177 769 1259 Quum
786 1178 910 1265 aliquot
926 1194 1033 1243 essent
1044 1182 1159 1247 vulne·

96 1280 168 1363 rati,
192 1296 401 1347 tentaverunt
416 1280 624 1368 eruptionem
640 1278 800 1359 universi,
818 1299 886 1341 non
905 1278 975 1342 sine
994 1296 1084 1345 metu
1099 1305 1159 1370 po·

95 1382 175 1468 puli;
194 1382 255 1449 sed
275 1383 417 1448 clatbros
437 1381 581 1461 ferreos,
601 1380 659 1467 qni
674 1394 767 1444 erant
789 1378 996 1463 circumdati,
1015 1404 1082 1446 non
1099 1406 1159 1471 po,

95 1482 619 1573 tueruntpersringere.'l'umrcro
628 1497 776 1570 porrecta
784 1480 818 1543 in
826 1480 939 1545 caelum
947 1483 1157 1571 proboscide,

94 1598 152 1647 tarn
167 1586 343 1651 miserabili
364 1584 479 1649 babitu
497 1604 647 1671 sonoque
665 1582 767 1646 veluti
783 1582 1073 1669 complorationem
1088 1585 1157 1651 edi·

93 1682 225 1769 derunt,
236 1702 277 1750 ut
287 1685 400 1750 dolore
413 1682 529 1749 ardens
542 1683 684 1772 populus
694 1698 922 1773 consurgeret,
934 1684 1158 1775 Pompeioque

93 1783 156 1851 dim
167 1789 277 1853 omnia
290 1789 534 1876 imprecaretur.
548 1786 733 1849 Pervaserat
746 1786 878 1873 opinio,
895 1787 1080 1873 proximum
1092 1789 1156 1853 hu·

93 1889 190 1954 manis
204 1889 357 1955 sensibus
369 1888 507 1969 animal,
520 1909 654 1977 poscere
665 1884 842 1953 vindictam
854 1886 932 1951 deos
944 1887 988 1951 ob
999 1889 1155 1955 violatum

88 1987 333 2073 jusjurandum,
350 2014 417 2079 quo
433 1989 560 2077 decepti
573 1989 607 2052 in
619 1988 743 2072 Africa,
763 2010 859 2053 naves
874 1988 1154 2072 conscendissent,

91 2110 154 2154 non
171 2092 267 2157 aliter
281 2092 409 2156 facturi.
426 2092 504 2155 Esse
510 2088 654 2179 prostrato
669 2089 784 2154 bellule
798 2088 849 2153 illi
861 2112 933 2153 cum
950 2090 1091 2154 berrano
1102 2114 1157 2178 ge·

88 2212 155 2255 uere
165 2196 367 2272 secretalem
381 2215 513 2280 eantque
526 2214 697 2255 semronem
709 2190 821 2255 horum
836 2190 1018 2279 urtellrgsre.

128 2293 252 2360 XXXI.
276 2296 360 2359 Sane
376 2293 419 2357 ab
436 2293 507 2374 his,
523 2315 596 2381 quas
612 2293 745 2357 Veteres
763 2293 986 2374 tradiderunt,
1009 2316 1077 2357 non
1092 2293 1153 2358 ab·
1285 2372 1288 2379 Ι

89 2390 220 2462 horrent
229 2395 418 2464 testimonia
429 2395 646 2484 plurimorum
657 2442 667 2476 ,
680 2396 736 2483 qui
748 2443 757 2478 ,
771 2409 942 2485 postquam
955 2394 1056 2461 Iridise
1069 2395 1154 2466 Afris

88 2516 193 2585 unque
209 2498 369 2564 interiora
389 2497 533 2585 penitius
554 2511 634 2561 sunt
653 2497 800 2586 cognita,
817 2497 956 2561 maxims
970 2496 1152 2564 belluarum

86 2594 216 2666 istarum
230 2614 381 2666 armenta
391 2597 555 2663 viderunt.
572 2599 736 2664 casurum
751 2599 959 2664 amoenissirni
971 2600 1021 2664 vir
1031 2599 1154 2689 ingenii

85 2695 191 2766 lustru
211 2699 345 2790 Lipsius
366 2700 402 2762 in
421 2699 593 2788 Epistolis,
610 2699 859 2787 elephantomm
874 2698 1063 2764 admiranda
1079 2699 1153 2765 dili·

85 2815 194 2886 genter
204 2801 414 2888 suaviterque
426 2798 606 2887 descripsit.
617 2801 660 2864 At
669 2799 811 2888 populus
822 2820 993 2881 romanus,
1006 2819 1075 2862 non
1087 2816 1153 2864 tam

86 2896 229 2990 Pompeii
257 2898 483 2965 munificentia
507 2899 683 2980 delinitus,
706 2923 805 2986 quam
831 2899 977 2964 offensus
1003 2899 1153 2982 delectu,

84 3021 178 3088 quem
191 3001 348 3070 consules
362 3001 570 3066 instituerant
584 3023 696 3092 agere,
712 3003 889 3082 Catonem,
901 3015 935 3063 et
948 3000 1004 3088 qui
1018 3021 1094 3064 curn
1111 3021 1151 3064 ec

82 3119 269 3186 senserant,
287 3103 405 3168 efferre
426 3102 594 3184 laudibus3
615 3115 748 3166 ceteros
765 3101 912 3164 incusare
930 3098 1036 3164 modis
1049 3100 1152 3187 pessi·

82 3225 156 3287 nus,
172 3230 224 3272 coe
246 3222 287 3270 rt.

120 3229 267 3373 XXXIPI.
285 3303 381 3370 Unde
392 3319 557 3392 resumpta
572 3301 689 3368 fiducia
701 3301 825 3366 tribuni
842 3298 909 3364 duo
922 3297 1081 3380 judicium
1096 3299 1152 3364 mi·

81 3408 147 3470 nari
163 3408 282 3474 amicis
297 3405 488 3486 consulum,
504 3403 694 3468 criminibus
706 3405 741 3466 in
758 3404 845 3492 ipsos
861 3401 1009 3466 consules
1027 3403 1150 3489 expeti-

81 3508 168 3575 turis.
184 3510 277 3574 Tum
292 3507 443 3571 consides
457 3505 499 3570 ad
514 3503 668 3569 invidiam
684 3505 892 3568 tribunorum
910 3519 1030 3566 vestem
1049 3519 1152 3568 muta·

80 3628 175 3692 runt3
203 3610 363 3696 idemque
387 3631 406 3672 a
431 3623 522 3696 pane
547 3621 701 3686 senatus,
731 3627 803 3692 quse
830 3604 1001 3668 consulum
1030 3619 1149 3668 sectam
1258 3621 1262 3628 ’

79 3712 299 3800 sequebatur,
317 3709 508 3774 factitatum.
522 3708 596 3772 Cito
610 3723 717 3772 tamen
735 3722 901 3792 resumpta
917 3721 983 3784 cst,
998 3721 1062 3768 tam
1081 3705 1149 3768 sine

110 3937 244 4002 §xxm
258 3937 314 3987 Cic.
324 3937 356 3986 sd
370 3937 522 3994 ramum,
541 3953 561 3983 r.
580 3961 615 3972 -
635 3937 737 3984 Sueten.
750 3933 775 3982 in
789 3933 905 3988 Nerone.
919 3949 972 3995 cap.
983 3933 1024 3986 46.
1038 3957 1072 3968 -—
1088 3929 1149 4006 ΙξΙῐη.

78 4020 138 4073 vn.
150 4023 176 4072 3.
191 4049 230 4058 —
248 4021 329 4083 Agell.
343 4023 383 4076 X.
400 4036 473 4076 1,-
487 4019 505 4082 S
519 4021 605 4068 XXX.
616 4020 675 4068 Dio.
694 4053 727 4062 -
744 4017 805 4064 Plut.
822 4045 855 4052 -
875 4021 929 4064 Son.
944 4017 974 4064 ds
992 4017 1059 4066 Brer.
1072 4015 1150 4070 l'inr,

79 4107 236 4168 cap.13.-
251 4104 316 4152 Plin.
328 4107 405 4162 vul,
420 4120 443 4161 7.
456 4130 490 4139 -
506 4104 557 4151 Cir.
569 4127 603 4138 -
617 4102 634 4165 S
647 4104 743 4150 XXXI.
760 4103 815 4148 llic.

911 4194 972 4261 [lli.
