2875 4900
281 374 351 455 aod
456 374 526 441 JO.
553 372 899 442 EREINSHEMII
928 372 1170 440 SUPPLEM.

280 493 390 557 medio
407 494 543 560 tolleret.
560 492 623 557 Sed
639 516 728 556 mors
743 492 907 573 mulieris,
921 493 1023 581 ipsius
1043 515 1174 581 quoque
1190 492 1258 556 ritae
1273 516 1339 579 pro-

279 617 396 684 perum
410 598 517 660 attulit
529 594 646 677 linem3
661 594 936 681 Alexandrinique
952 596 1110 681 correptis
1124 594 1218 657 armis
1231 595 1338 682 eregia

278 713 501 786 protractum,
519 698 553 760 in
571 698 748 785 Gymnasio
761 696 1007 761 interemerunt.
1020 698 1170 785 Regnum
1183 694 1221 759 ad
1236 696 1338 759 Ptole-

281 822 400 863 maeum
423 814 644 887 cognomento
656 798 807 888 juvenem
825 796 1005 876 Bacchum,
1026 798 1084 884 qui
1099 796 1339 861 Ptolemaeoedi·

281 914 351 981 tus,
366 922 442 963 mox
453 920 637 987 cognomen
649 899 793 979 Auletes,
813 921 853 963 ex
864 899 1018 962 tibiarum
1035 898 1266 965 studionactus
1280 914 1339 977 est,

280 1014 436 1088 tanquam
457 1000 644 1089 proximum
668 1001 847 1088 Cleopatrae
868 1000 989 1063 sororis
1008 999 1179 1080 heredem,
1193 1000 1339 1087 pervenit.

281 1104 377 1168 Anno
399 1117 573 1189 sequente,
595 1103 631 1166 L.
652 1103 760 1183 Sulla,
781 1124 969 1190 quanquam
993 1100 1187 1165 dictaturam
1207 1118 1340 1191 gereret,

279 1204 399 1268 iterum
411 1204 512 1267 creari
523 1205 639 1268 consul
650 1204 774 1286 voluit,
789 1219 957 1291 assumpto
970 1203 1203 1267 insacietatem
1216 1202 1340 1267 honoris

268 1304 323 1388 Q.
336 1293 463 1369 Caecilio
478 1307 520 1388 Q.
536 1306 572 1371 F.
588 1308 624 1370 L.
641 1308 683 1371 N.
696 1306 829 1370 Metello
843 1306 913 1370 Pio.

294 1479 295 1482 Ἴ
323 1408 426 1471 XXV.
456 1407 556 1489 Quod
583 1407 703 1472 deinde
728 1407 907 1471 Caesaribus
937 1406 1123 1493 exemplum
1146 1404 1283 1493 placuit,
1309 1420 1341 1466 ut

279 1530 355 1570 cuna
372 1530 499 1571 summa
515 1524 548 1572 et
561 1509 649 1599 regia
663 1524 843 1598 potestate,
861 1508 1048 1571 consulatus
1067 1504 1200 1571 titulum
1216 1507 1342 1585 conjun-

281 1629 375 1695 gere,
397 1609 572 1696 pulchrum
590 1626 624 1675 et
643 1611 737 1674 civile
755 1608 1000 1673 arbitrarentur.
1026 1608 1087 1671 Hic
1108 1630 1214 1672 annus
1230 1608 1340 1688 jucun-

280 1708 382 1792 dum,
410 1733 472 1775 nec
496 1726 571 1776 ante
600 1712 708 1776 visum
736 1712 818 1774 Urbi
847 1710 1067 1799 spectaculum
1092 1710 1221 1791 attulit,
1248 1730 1340 1797 quum

281 1833 380 1898 eques
396 1836 572 1893 romanus,
590 1813 691 1901 idque
707 1812 856 1876 nondum
875 1811 1002 1898 expleto
1017 1810 1134 1897 quinto
1150 1828 1184 1874 et
1199 1810 1340 1873 vicesimo

281 1914 383 1977 aetatis
406 1935 514 1995 auno,
535 1914 762 2002 triumpharet.
781 1913 957 2001 Pompeius
980 1913 1006 1975 is
1030 1911 1110 1993 fuit,
1132 1934 1201 1975 non
1218 1909 1340 1974 minoris

279 2014 377 2099 paulo
394 2031 468 2080 ante
484 2014 616 2079 terroris
633 2014 845 2095 hominibus,
864 2036 962 2102 quam
980 2035 1069 2077 nunc
1085 2013 1222 2094 laetitiae,
1241 2034 1340 2089 causa,

279 2116 356 2202 quia
369 2116 598 2206 dedignantem
612 2116 702 2196 jussa
716 2118 832 2199 Sullae,
849 2139 925 2181 curn
943 2115 1061 2179 infesto
1078 2115 1222 2179 exercitu
1236 2129 1341 2177 ventu·

278 2240 353 2281 rum
369 2218 403 2280 in
418 2220 543 2282 ltaliam
557 2234 760 2306 putaverant.
775 2218 872 2283 Unde
883 2218 1004 2282 Sullam
1019 2236 1152 2303 quoque
1167 2215 1281 2280 dixisse
1294 2234 1341 2275 ru·

279 2340 353 2381 mor
366 2335 452 2399 erat,
466 2320 559 2383 fatale
572 2320 635 2383 sibi
647 2342 717 2383 esso
731 2342 808 2383 cum
821 2319 931 2406 pueris
945 2318 979 2381 in
992 2332 1158 2381 senectute
1170 2314 1339 2393 colluctari,

280 2418 370 2506 quod
379 2423 456 2486 etC.
468 2421 591 2486 Marius
604 2421 792 2487 adolescens
803 2421 971 2512 negotium
984 2419 1014 2483 ei
1028 2419 1228 2484 exhibuerat.
1236 2418 1339 2508 Igitur,

173 2604 178 2612 Ι
279 2518 557 2605 quemadmodum
578 2523 793 2610 praesentibus
813 2538 980 2602 uteretur,
998 2522 1162 2603 incertus,
1181 2538 1213 2585 et
1230 2520 1341 2586 ferebat

278 2619 320 2684 de
343 2619 450 2685 reditu
470 2623 539 2702 ejus
557 2625 681 2713 legem,
704 2641 738 2689 et
759 2647 799 2688 ex
819 2625 1002 2712 composito
1019 2645 1077 2710 per
1092 2622 1339 2704 utterennium

277 2722 448 2787 tribunum
461 2725 564 2811 plebis
580 2749 615 2789 se
633 2726 759 2790 sinebat
774 2725 952 2813 prohiberi.

320 2824 442 2889 xxvi.
458 2826 541 2888 Nam
555 2827 619 2889 alio
634 2827 739 2891 ferme
754 2828 845 2901 omni
860 2827 934 2907 jure
952 2825 1090 2890 tribunis
1108 2842 1237 2915 erepto,
1255 2826 1341 2888 inter

278 2928 457 2990 cessionem
473 2926 608 2990 liberam
627 2928 813 3014 reliquerat.
828 2930 991 2991 Caeterum
1009 2928 1091 2990 fama
1109 2926 1273 3015 Pompeii,
1287 2925 1341 2987 llo·

277 3049 364 3090 mam
389 3045 504 3116 pacato
530 3029 658 3121 agmine
680 3029 929 3109 contendentis,
956 3043 1047 3092 metu
1069 3051 1106 3092 ac
1133 3025 1339 3094 sollicitudine

229 3209 234 3220 Ι
278 3128 440 3193 civitatem
462 3131 609 3196 absolvit.
633 3131 837 3196 Incredibilis
859 3132 1033 3196 homiuum
1054 3130 1250 3212 multitudo,
1272 3148 1339 3193 cum

278 3251 405 3292 summa
425 3233 686 3320 propensissimae
706 3230 883 3298 voluntatis
906 3232 1203 3314 demonstratione,
1221 3231 1339 3308 obviam

277 3327 380 3394 haere.
396 3332 483 3396 Sulla
502 3357 656 3422 quoque,
675 3335 767 3422 quasi
784 3357 860 3398 cum
878 3334 993 3398 studiis
1012 3334 1131 3397 civium
1146 3349 1338 3406 certaturus,

277 3432 421 3495 occurrit
434 3433 479 3513 ei,
493 3456 665 3521 pronoque
678 3435 786 3498 favore
800 3449 987 3522 acceptum,
1006 3437 1086 3499 elata
1097 3459 1177 3500 voce
1191 3437 1339 3524 Magmtm

278 3533 511 3615 consalutauit,
535 3535 764 3624 adstanteaque
786 3537 936 3617 monuit,
957 3553 995 3600 ut
1014 3537 1079 3601 hoc
1102 3560 1179 3601 eum
1197 3536 1339 3621 deinceps

278 3633 412 3696 nomine
433 3637 690 3723 compellarent:
713 3639 918 3726 triumphum
939 3653 1048 3703 tamen
1069 3640 1193 3728 petenti
1211 3637 1338 3712 restitit;

277 3757 339 3799 nec
352 3737 444 3822 quasi
459 3737 629 3802 invideret.

320 3838 457 3903 xxvtt.
472 3869 485 3894 ι
498 3841 567 3904 Nec
580 3839 667 3906 enim
683 3840 829 3930 ignoras,
844 3843 972 3930 inquit,
988 3843 1049 3906 Gn.
1062 3841 1218 3930 Pompei,
1231 3833 1336 3926 quanti

310 4055 327 4121 s
343 4059 440 4106 xm.
455 4058 486 4106 ll.
502 4058 531 4106 C.
543 4058 610 4117 ⁶7²3
623 4059 655 4106 Α.
671 4060 700 4107 C.
716 4055 756 4105 to.
776 4085 812 4094 -
828 4057 845 4122 5
862 4059 946 4105 XXV.
959 4058 1091 4114 Ptinvtt,
1105 4060 1148 4107 aa.
1162 4085 1198 4095 -
1210 4059 1262 4105 Liv.
1279 4053 1336 4117 Epir.

276 4169 309 4178 -·
326 4141 450 4189 Plutarch.
463 4171 496 4178 -
507 4141 604 4189 Sallust.
615 4141 680 4190 llist.
691 4145 728 4199 ll,
742 4157 763 4189 r.
778 4169 813 4179 -
827 4142 876 4189 Dio
894 4140 960 4206 apud
976 4141 1059 4189 Valet.
