2875 4900
282 412 352 485 516
455 414 522 481 JO.
550 408 894 480 FREINSHEMII
924 410 1171 479 SUPPLEM.

280 536 385 599 hostia
407 550 439 596 et
461 533 580 596 Frisios
604 530 777 611 Sicambri,
806 552 882 593 mox
907 528 1060 591 Chamavi
1087 544 1120 591 et
1148 530 1335 617 Angrivarii,
1408 530 1409 535 ’

280 638 398 702 deinde
411 636 594 715 Tubantes,
609 648 723 720 postea
736 631 858 719 Usipii,
876 646 948 695 tum
964 630 1098 710 Franci,
1112 628 1153 693 ad
1166 646 1336 695 extremum

278 736 474 824 Westphali,
489 733 777 797 Monasteriensem
793 754 907 820 agrum
921 730 1093 817 Cliviaeque
1108 747 1141 794 et
1152 730 1336 795 Geldrorum

278 853 403 925 partem
421 849 608 899 tenuerunt.

321 938 396 1001 XII.
419 936 471 1000 Ab
493 931 687 1022 Angrivariis
711 946 798 994 certe
820 932 947 1021 Angriae
966 930 1104 995 ducatus
1124 931 1164 995 ad
1180 932 1336 1023 Visurgim
1408 966 1409 1011 3

277 1059 430 1117 amnem,
456 1033 513 1123 qui
535 1055 625 1096 nunc
651 1032 736 1095 inter
758 1032 870 1097 titulos
895 1033 1129 1122 archiepiscopi
1144 1035 1337 1099 Coloniensis
1408 1060 1409 1111 ;

278 1155 344 1219 est,
362 1136 550 1201 nominatus
566 1132 720 1197 creditur.
737 1136 764 1197 A
780 1134 900 1221 quibus
914 1134 1030 1199 diversi
1046 1136 1229 1217 Ausibarii,
1244 1160 1339 1225 quon·

277 1240 350 1304 dam
361 1263 380 1302 a
390 1237 529 1301 Chaucis
540 1236 644 1325 pulsi,
659 1256 779 1299 vacuos
789 1235 881 1315 juxta
897 1237 1075 1301 Frisiorum
1088 1238 1238 1326 regiones
1253 1260 1339 1327 agros

276 1340 484 1419 insederunt;
498 1358 582 1425 quos
599 1334 718 1399 deinde
730 1338 861 1401 Francis
873 1336 1079 1401 Marcellinus
1091 1338 1266 1404 accensuit.
1279 1342 1340 1401 An·

275 1440 429 1531 grinarius
453 1462 472 1501 a
497 1456 589 1527 tergo
612 1438 779 1525 Dulgibini
810 1454 842 1501 et
868 1436 1034 1502 Chasuarii
1066 1438 1284 1520 claudebant;
1310 1440 1339 1502 in
1408 1472 1409 1507 l

276 1541 384 1604 fronte
410 1539 504 1603 Frisii
522 1560 628 1625 usque
651 1537 693 1601 ad
719 1539 885 1602 Oceanum
911 1541 1120 1627 pertingunt,
1146 1540 1339 1629 populosum

277 1663 399 1732 genus,
419 1640 453 1703 in
474 1639 612 1718 majores
634 1639 842 1725 minoresque
859 1636 1069 1720 dittinetum5
1085 1662 1175 1703 nunc
1195 1642 1340 1705 Orienta-
1408 1640 1409 1645 ’

195 1818 199 1825 ,
275 1745 356 1810 lium
373 1758 406 1806 et
422 1740 680 1806 Occidentalium
693 1740 882 1803 nominibus
899 1738 1102 1803 dividuntur.
1115 1740 1247 1805 IIaecad
1259 1742 1340 1805 ocei-
1408 1800 1409 1817 ,

276 1846 407 1910 dentem
425 1844 526 1907 solem
538 1841 655 1905 veteris
675 1840 855 1904 Germaniae
865 1840 974 1904 tabula
990 1854 1055 1922 est3
1080 1862 1099 1903 a
1114 1842 1341 1933 septemtrione
1408 1898 1409 1931 ,

276 1946 481 2010 Chaucorum
502 1965 581 2032 gens
599 1966 617 2005 a
633 1942 743 2006 Frisiis
759 1944 937 2032 incipiens,
955 1958 1145 2029 partemque
1164 1941 1269 2005 litoris
1290 1962 1341 2005 oc·

277 2069 417 2135 cupans,
433 2063 522 2134 terga
540 2046 687 2134 gentium
701 2044 932 2107 Rhenanarum
944 2040 1083 2123 claudit,
1100 2064 1206 2129 usque
1217 2042 1298 2107 dum
1310 2042 1338 2104 in

276 2150 387 2214 Cattos
403 2146 526 2235 ingenti
543 2145 618 2208 sinu
633 2143 753 2208 redeat.

321 2250 413 2312 XIII.
433 2248 476 2310 Hi
490 2268 622 2334 quoque
638 2245 775 2323 majores
787 2246 996 2332 minoresque
1009 2244 1269 2333 appellabantur:
1281 2266 1342 2307 ma·

275 2351 362 2430 jures
385 2370 487 2436 prope
506 2346 731 2435 Angrivarios,
751 2347 834 2409 ultra
855 2346 1035 2435 Visurgim,
1055 2344 1095 2409 ad
1111 2346 1221 2410 Albim
1242 2368 1341 2435 usque

277 2463 473 2528 tenuerunt;
497 2470 639 2535 quorum
663 2445 822 2534 oppidum
845 2446 908 2512 luit
927 2449 1138 2528 Fabiranum,
1159 2471 1233 2536 quae
1246 2449 1341 2512 hodie

276 2553 391 2613 Brema
405 2549 566 2637 putaturi:
578 2569 709 2612 mnores
725 2571 743 2611 a
763 2547 894 2638 Visurgi
912 2549 953 2612 ad
973 2549 1126 2612 Rhenum
1137 2549 1342 2638 Westphalie

277 2651 451 2737 Frisiisque
470 2664 593 2737 partem
614 2671 724 2712 versus
743 2649 873 2712 Issalam
890 2649 996 2712 Rheni
1009 2650 1112 2714 amnis
1124 2648 1243 2712 ostium
1254 2649 1341 2714 sedes

277 2751 471 2816 babuerunt.
480 2749 652 2830 Cherusci,
664 2749 918 2834 mediterraneus
929 2751 1086 2838 populus,
1097 2751 1270 2838 Hercyniae
1279 2773 1343 2840 par·
1408 2773 1409 2796 t

277 2867 363 2932 tem,
380 2873 452 2939 quae
465 2851 564 2938 vulgo
578 2851 680 2914 Ham
691 2867 917 2938 nuncupatur,
934 2851 1160 2932 accoluerunt,
1178 2851 1224 2915 cis
1237 2853 1342 2916 Albim

277 2949 430 3031 fluvium,
447 2950 504 3013 ubi
524 2972 612 3013 nuno
631 2949 731 3013 Misni
745 2950 972 3041 Thuringique
985 2967 1019 3014 et
1031 2952 1258 3034 Ascanienses,
1282 2954 1342 3018 sive
1408 2951 1409 2968 ³

278 3052 462 3132 Anhaltini,
483 3052 640 3115 habitant.
666 3051 837 3114 Cheruscis
860 3052 1083 3116 conterminos
1103 3052 1202 3116 fuisse
1224 3055 1342 3132 Fosos,

280 3176 318 3217 ex
334 3177 403 3217 uno
416 3153 529 3216 Tacito
543 3152 717 3233 discimus;
732 3175 799 3238 quo
814 3153 912 3216 latere
924 3153 1062 3234 luerint,
1079 3153 1252 3218 incertum.

322 3255 411 3319 XIV.
438 3253 501 3318 Sed
520 3255 644 3317 Cimbri
665 3254 811 3341 proxime
834 3255 1000 3318 Oceanum
1023 3253 1191 3336 colebant,
1213 3271 1246 3318 et
1265 3258 1345 3320 inter
1408 3307 1409 3342 ,

275 3355 344 3419 duo
359 3356 474 3436 maria,
487 3355 641 3419 orientale
652 3354 901 3436 Germanicum,
916 3371 949 3418 et
967 3354 1166 3420 occidentale
1182 3357 1344 3422 Britanni·
1408 3351 1409 3418 l

278 3479 374 3538 cum,
400 3458 571 3546 peninsula
594 3457 761 3520 Cimbricae
782 3455 998 3521 Chersonnesi
1022 3457 1155 3520 nomine
1176 3457 1344 3522 nobilitata
1408 3531 1409 3544 ,

277 3573 336 3622 est.
359 3557 429 3621 Prae
451 3558 577 3623 cunctis
595 3557 664 3621 istis
685 3557 814 3645 populis
830 3557 879 3620 uti
896 3557 1033 3620 maxima
1047 3556 1213 3644 potentia,
1227 3559 1273 3622 ita
1287 3581 1344 3622 no·
1408 3569 1409 3624 3

277 3681 352 3723 men
371 3682 504 3748 quoque
522 3659 732 3724 clarissimum
747 3659 927 3723 suevorum
942 3659 1021 3738 fuit,
1040 3657 1193 3736 majorem
1209 3657 1345 3723 Germa·

276 3762 339 3826 niae
359 3777 485 3849 partem
506 3781 688 3847 occupans,
707 3775 740 3822 et
759 3760 875 3823 multas
895 3759 929 3822 in
952 3759 1099 3823 nationes
1123 3757 1344 3824 distributum.

275 3861 393 3927 Nema
414 3860 531 3923 Rheno
554 3881 658 3947 usqne
680 3859 721 3922 ad
744 3861 852 3924 Albim
877 3875 1043 3949 protenta,
1061 3876 1152 3948 parte
1174 3862 1226 3924 sui
1250 3863 1343 3926 etiam
1408 3857 1409 3876 ³

275 3979 364 4026 trans
373 3962 478 4026 Albim
487 3960 629 4041 jaoentes
640 3981 772 4046 campos
784 3959 935 4025 obdnuit.
953 3960 1088 4024 Generis
1099 3961 1220 4024 suevici
1233 3977 1343 4050 gentes

274 4081 416 4151 quatuor
434 4079 467 4126 et
490 4063 722 4151 quinquaginta
739 4083 800 4126 suo
819 4078 965 4150 tempore
984 4062 1177 4127 numerabat
1192 4063 1340 4127 Orosius.
1408 4059 1409 4066 '
