2875 4900
265 384 319 453 ΙΝ
349 385 462 453 LOC.
489 385 579 452 ΗΒ.
610 386 732 453 XClV
763 386 973 461 LtVtANt,
1080 388 1150 483 269

134 507 176 569 X.
197 504 328 592 Quippe
349 503 500 591 Cyziceni
519 502 554 565 in
573 504 772 590 cognomine
795 505 898 570 insula
918 504 959 577 ad
976 506 1149 595 Proponti-

91 604 167 667 dem
186 603 357 685 colebant,
373 620 407 667 et
426 601 647 680 Mithridates,
671 603 771 669 milite
794 604 981 685 abundans,
1004 606 1150 673 <lacerna

94 722 176 769 terra
189 706 303 769 matris
317 705 478 792 oppidum
491 703 669 787 assidebat3
687 721 724 770 et
741 704 782 769 ad
803 708 940 788 fretum,
954 730 1021 794 quo
1037 732 1054 771 a
1070 731 1150 775 con·

94 806 207 869 tinenti
225 805 404 885 dirimitur,
425 820 568 893 utroque
587 806 684 870 latere
703 827 799 871 naves
823 806 1073 897 quadringenta
1094 810 1151 873 ad·

93 923 254 988 moverat3
278 921 313 970 et·
331 905 480 986 Barbari,
503 928 637 969 romana
661 920 763 969 castra
786 904 889 992 digito
911 925 1148 991 monstrantes,

91 1005 240 1071 obsessos
254 1004 401 1069 horribili
413 1004 584 1071 mendacio
599 1005 780 1084 terrebant,
797 1008 1025 1071 Armeniorum
1041 1010 1152 1077 Medo·

92 1130 233 1195 rumque
247 1109 359 1173 missas
370 1108 538 1196 aTigraue
553 1109 663 1195 copias
678 1108 726 1171 ibi
742 1107 942 1189 consedisse,
957 1108 1149 1180 dictitames.

91 1210 163 1273 Non
176 1225 286 1273 tamen
299 1208 545 1296 desponderunt
555 1207 719 1288 animum,
734 1230 919 1293 quanquam
935 1231 1061 1275 summa
1072 1234 1150 1275 con-

92 1312 239 1375 tentione
257 1310 477 1397 omnibusque
491 1308 614 1373 vitibus
636 1325 928 1395 oppugnarentur:
943 1311 1063 1375 etenim
1085 1312 1149 1375 Mi-

93 1411 260 1493 tltridates,
271 1424 367 1498 rapto
378 1409 554 1489 suburbio,
568 1408 691 1472 navalia
701 1407 827 1493 duplici
839 1431 935 1473 muro
949 1409 1151 1497 obrepseratt

91 1530 121 1575 rt
143 1512 269 1599 reliqua
291 1511 374 1575 urbe
397 1510 649 1589 circumvallata,
672 1530 807 1597 magrrcs
831 1508 987 1573 excitabat
1005 1533 1150 1599 aggeres,

90 1613 215 1699 aliaque
229 1632 330 1698 opera
346 1610 447 1675 multa
462 1608 607 1675 studiose
621 1608 774 1689 fidebat,
790 1624 894 1673 turres
910 1625 944 1673 st
957 1612 1151 1694 munires,

89 1733 122 1779 et
137 1716 301 1802 insignem
313 1729 390 1777 ante
404 1712 486 1777 alias-
498 1711 698 1789 machinam,
713 1726 845 1775 centum
861 1710 1046 1778 cubitorum
1064 1713 1151 1779 hele·

91 1817 196 1901 polin,
214 1838 235 1880 e
249 1837 314 1902 qua
326 1815 409 1878 turis
421 1814 481 1879 alia
499 1811 689 1891 tollebatur,
701 1810 870 1897 catapultis
888 1811 1060 1893 instructa,
1077 1837 1149 1899 quae

90 1918 230 1981 telorum
254 1930 289 1979 et
304 1913 448 2003 lapidum
470 1932 729 2000 quaquaversum
749 1912 837 1981 velut
859 1911 997 1977 imbrem
1019 1936 1149 2001 sporge-

92 2032 179 2094 rrnt,
197 2014 367 2080 Nimnidae
377 2013 521 2077 Thessali
537 2035 632 2099 opus.

132 2118 191 2180 xt.
210 2114 261 2179 Ad
278 2130 392 2203 portus
407 2137 507 2202 porro
525 2112 598 2179 duee
617 2113 867 2199 quinqueremes
888 2114 971 2177 inter
992 2135 1026 2175 se
1044 2114 1148 2179 linai·

91 2232 137 2279 ter
152 2216 312 2281 devinctae
326 2215 421 2279 aliam
440 2214 556 2279 turrim
574 2214 793 2293 sustinebant,
814 2212 856 2277 ita
876 2212 1074 2295 febrientem,
1096 2233 1147 2297 ut,

31 2337 37 2355 ¹
91 2317 146 2381 nbi
161 2338 261 2381 muro
272 2315 403 2381 admota
417 2331 515 2397 esset,
528 2337 611 2404 pons
623 2337 664 2378 ex
673 2337 711 2377 ea
725 2313 849 2379 demitti
860 2314 970 2379 sabim
983 2314 1017 2379 in
1032 2318 1148 2381 rnoenia

90 2434 209 2503 posset.
219 2418 279 2482 ttis
294 2416 446 2482 omnibus
460 2415 595 2504 paratis,
609 2431 786 2503 antequam
797 2415 863 2480 vim
879 2430 1033 2497 tentaret,
1049 2419 1148 2506 capti·

91 2541 145 2581 ros
163 2519 404 2606 Cyzicenorum
423 2540 538 2582 omnes
558 2518 593 2582 io
612 2532 823 2606 conspectum
839 2539 974 2582 suorum
995 2519 1149 2603 adduxit,

91 2641 239 2705 mnne,
252 2617 383 2682 illorum
394 2619 527 2684 caritate
537 2617 750 2704 lacrymisqtte
761 2619 884 2682 moseri
896 2617 937 2682 ad
950 2618 1149 2686 deditionem

91 2717 272 2807 oppidanos
286 2739 390 2805 posse.
406 2715 470 2782 Sed
488 2718 560 2782 illos
575 2718 678 2782 mrdta
693 2717 915 2805 nequidquam
936 2721 1149 2806 obtestantes,

93 2819 275 2884 Pisistratus
293 2819 529 2906 Cyzicenorum
545 2834 665 2904 praetor
685 2818 848 2886 abstinere
871 2820 951 2885 nihil
971 2823 1149 2908 profuturis

92 2919 240 3003 precibus
250 2917 346 2998 jussit
354 2941 364 2998 ς
383 2933 432 2998 et,
451 2933 622 3005 postquam
636 2918 736 2982 semel
749 2919 781 2982 in
802 2935 991 3005 potestatem
1005 2921 1148 2986 bostium

93 3020 269 3098 venissem,
287 3018 415 3082 scruter
426 3018 511 3086 ferre
524 3018 747 3085 calantitatem.

130 3119 425 3207 X11.Sicexplose
443 3133 631 3182 commento
645 3119 748 3206 regis,
770 3117 811 3186 ad
833 3119 947 3185 seriam
970 3119 1150 3184 dimicatio·

95 3239 161 3282 aerrr
178 3233 332 3298 rentum,
351 3218 428 3305 quia
440 3239 609 3306 progressa
623 3219 657 3283 in
672 3218 807 3282 navibus
822 3219 936 3298 turris,
955 3235 1054 3307 ponte
1070 3241 1150 3286 moe-

95 3319 183 3384 tibus
202 3318 341 3400 injecto,
362 3335 503 3406 quatuor
520 3335 660 3390 armatos
675 3320 777 3387 muris
797 3320 1006 3408 imposuerat.
1025 3324 1064 3391 ld
1079 3345 1151 3413 spe·

94 3421 253 3482 cuculum
270 3419 314 3484 ita
330 3418 551 3505 perterrefecit
565 3419 732 3500 obsessos,
749 3422 828 3484 atsi
847 3424 1006 3494 continuo
1021 3429 1150 3515 sequuti

96 3517 196 3601 plures
211 3519 368 3599 fuissent,
386 3519 420 3582 iu
437 3540 556 3607 magno
575 3520 720 3606 periculo
736 3542 786 3584 res
803 3522 951 3609 cyzicena
964 3526 1071 3593 luerit.
1086 3527 1150 3592 Sed

96 3614 170 3681 dum
186 3620 285 3684 etiam
305 3619 341 3682 in
362 3618 445 3684 turri
464 3618 659 3706 trepidatur,
679 3638 954 3709 propugnatores,
978 3630 1149 3717 resumptis

96 3719 221 3802 animis,
236 3736 379 3808 quatuor
397 3720 470 3786 illos
489 3719 688 3802 denudum
709 3731 887 3808 naresques
902 3725 973 3811 pice
988 3731 1149 3813 palbras,

98 3835 126 3878 rt
148 3820 212 3909 igni
233 3821 408 3908 appetitas,
430 3821 580 3884 inhibere
599 3837 687 3886 retro
704 3839 842 3910 cogunt,
866 3839 898 3886 et
919 3847 953 3898 se
974 3826 1150 3893 ‹liserimini

130 4021 186 4084 §¹-
199 4025 278 4074 Strab.
293 4053 327 4061 -
342 4026 451 4090 Appiae.
468 4053 501 4064 —-
515 4026 637 4075 Plutareb.
648 4054 682 4063 -
697 4026 714 4090 s
727 4029 773 4074 ttt.
790 4031 872 4077 Front.
885 4031 956 4076 strat.
971 4033 1016 4084 tv.
1027 4032 1052 4094 5,
1062 4047 1150 4082 at..-

102 4105 197 4168 ⁴rrae
