2875 4900
234 370 289 437 IN
323 368 443 434 LOC.
470 366 565 433 LIB.
593 366 763 433 LXXXI
792 366 1002 436 LIVIANI.
1105 366 1152 463 95

126 489 190 552 LII.
209 486 354 551 Tandem
375 502 512 577 urgente
526 486 631 565 Sulla,
648 485 794 572 ipsisque
807 485 966 550 militibus
980 510 1039 576 per
1054 488 1153 573 iram,

88 608 115 653 ct
133 590 223 677 quia,
239 604 427 679 expugnato
445 588 586 667 Piraeeo,
605 602 719 651 caetera
739 586 815 649 belli
836 586 978 651 faciliora
995 589 1065 653 fore
1082 613 1153 655 cre·

17 724 18 767 3
86 690 214 772 debant,
235 714 334 779 supra
351 688 451 753 fidem
471 689 691 753 humanarum
707 686 827 751 virium
846 689 1008 771 connisis‚
1029 692 1153 755 Arche-

88 792 147 856 hus
165 791 197 855 in
213 791 366 880 opposita
381 812 520 879 quaeque
534 791 703 854 ruentium
717 790 831 853 insana
842 791 1020 877 pervicacia
1033 794 1153 877 victus,

86 894 171 957 cussit
186 894 281 973 loco;
299 914 401 981 seque
417 893 452 957 in
467 892 679 979 Munychiam
696 906 729 955 et
744 889 969 957 circumfluam
987 894 1084 959 undis
1102 898 1156 961 Pi·

87 996 149 1059 raeei
163 996 334 1083 regionem
347 994 481 1082 recepit.
496 994 664 1074 Victores,
676 992 818 1057 edificiis
828 993 991 1081 plerisque
1002 995 1154 1062 incendio

85 1120 116 1159 ac
128 1096 222 1161 ruina
237 1095 369 1178 deletis,
384 1097 419 1159 in
435 1095 557 1183 quibus
567 1111 600 1159 et
613 1096 737 1159 navalia
746 1095 898 1191 fuerunt,
912 1112 946 1187 et
955 1098 1153 1162 celebratum

85 1199 224 1263 Philonis
245 1198 548 1280 armamentarium,
569 1214 657 1261 tanta
681 1214 750 1261 arte
769 1195 951 1263 distributis
966 1199 1095 1286 spatiis,
1116 1219 1155 1264 ut

85 1300 161 1364 mille
183 1302 319 1365 navium
338 1302 597 1364 instrumentum
616 1317 765 1388 caperet,
784 1300 868 1363 ultra
887 1322 955 1363 non
971 1318 1154 1388 potuerunt

83 1402 248 1492 progredi,
266 1401 357 1490 quod
375 1424 482 1489 neque
500 1402 635 1499 classem
653 1402 829 1481 haberent,
847 1424 955 1487 neque
974 1403 1045 1467 sine
1061 1406 1154 1468 navi·

83 1502 135 1565 hus
149 1503 246 1590 sequi
260 1502 458 1583 Archelaum
470 1520 614 1591 possent.
627 1504 732 1593 igitur
747 1503 869 1565 omisso
881 1502 952 1585 illo,
966 1505 1152 1593 relictisque

83 1601 197 1668 idoneis
223 1603 398 1691 praesidiis,
416 1605 451 1669 L.
463 1605 551 1669 Sulla
569 1627 644 1668 cum
667 1604 790 1685 majore
811 1619 902 1691 parte
921 1608 1097 1689 exercitus,
1119 1627 1152 1673 et

82 1728 256 1791 gracorum
280 1707 482 1793 populorum
503 1706 649 1783 auxiliis,
676 1722 713 1769 ut
730 1706 875 1769 venienti
898 1728 985 1770 novo
1006 1709 1152 1773 hostiurn

82 1806 233 1870 exercitui
252 1824 458 1890 occurreret,
476 1810 508 1871 in
525 1810 680 1872 Boeotiam
698 1807 880 1872 contendit.

110 1994 124 2057 S
136 1994 188 2045 Lll.
205 2000 241 2045 U.
254 1998 283 2045 C.
294 1996 361 2055 666;
375 1998 406 2046 A.
417 1998 446 2047 C.
459 1998 501 2045 86.
512 2025 546 2033 -
558 1998 665 2061 Appian.
682 2024 713 2034 -
732 1997 897 2046 Plutarch-
908 1998 1041 2057 Plinvu,
1054 2000 1097 2056 ³⁷·
