<?xml version="1.0" encoding="UTF-8"?>
<!DOCTYPE html PUBLIC "-//W3C//DTD XHTML 1.0 Transitional//EN"
    "http://www.w3.org/TR/xhtml1/DTD/xhtml1-transitional.dtd">
<html xmlns="http://www.w3.org/1999/xhtml" xml:lang="en" lang="en">
 <head>
  <title>
</title>
<meta http-equiv="Content-Type" content="text/html;charset=utf-8" />
  <meta name='ocr-system' content='tesseract 3.04.00' />
  <meta name='ocr-capabilities' content='ocr_page ocr_carea ocr_par ocr_line ocrx_word'/>
</head>
<body>
  <div class='ocr_page' id='page_1' title='image "bibliothecaclas116lemagoog_0659.png"; bbox 0 0 2875 4900; ppageno 0'>
   <div class='ocr_carea' id='block_1_1' title="bbox 97 386 1228 4246">
    <p class='ocr_par' dir='ltr' id='par_1_1' title="bbox 97 386 1182 676">
     <span class='ocr_line' id='line_1_1' title="bbox 298 386 1172 461; baseline 0.002 -4"><span class='ocrx_word' id='word_1_1' title='bbox 298 390 353 457; x_wconf 79' lang='lat' dir='ltr'>IN</span> <span class='ocrx_word' id='word_1_2' title='bbox 383 390 500 457; x_wconf 85' lang='lat' dir='ltr'>Loc.</span> <span class='ocrx_word' id='word_1_3' title='bbox 527 389 621 457; x_wconf 73' lang='grc' dir='ltr'>ΗΒ.</span> <span class='ocrx_word' id='word_1_4' title='bbox 648 388 739 457; x_wconf 84' lang='lat' dir='ltr'>CIX</span> <span class='ocrx_word' id='word_1_5' title='bbox 768 390 985 459; x_wconf 77' lang='lat' dir='ltr'><strong>LIVIANL</strong></span> <span class='ocrx_word' id='word_1_6' title='bbox 1107 386 1172 461; x_wconf 76' lang='lat'>651</span> 
     </span>
     <span class='ocr_line' id='line_1_2' title="bbox 97 507 1182 601; baseline 0 -26"><span class='ocrx_word' id='word_1_7' title='bbox 97 512 244 601; x_wconf 82' lang='lat' dir='ltr'>proenriis</span> <span class='ocrx_word' id='word_1_8' title='bbox 253 511 289 573; x_wconf 83' lang='lat' dir='ltr'>t&#39;n</span> <span class='ocrx_word' id='word_1_9' title='bbox 299 508 422 573; x_wconf 76' lang='lat' dir='ltr'>urbam</span> <span class='ocrx_word' id='word_1_10' title='bbox 436 510 499 573; x_wconf 80' lang='lat' dir='ltr'>otio</span> <span class='ocrx_word' id='word_1_11' title='bbox 509 556 519 590; x_wconf 93' lang='lat'>,</span> <span class='ocrx_word' id='word_1_12' title='bbox 540 507 771 596; x_wconf 75' lang='lat' dir='ltr'>bononbusque</span> <span class='ocrx_word' id='word_1_13' title='bbox 782 521 816 572; x_wconf 80' lang='lat' dir='ltr'>st</span> <span class='ocrx_word' id='word_1_14' title='bbox 826 508 1092 595; x_wconf 67' lang='lat' dir='ltr'>mcoedotiskfrui</span> <span class='ocrx_word' id='word_1_15' title='bbox 1104 510 1182 575; x_wconf 80' lang='lat' dir='ltr'>desi·</span> 
     </span>
     <span class='ocr_line' id='line_1_3' title="bbox 106 612 247 676; baseline -0.007 0"><span class='ocrx_word' id='word_1_16' title='bbox 106 612 247 676; x_wconf 71' lang='lat' dir='ltr'>demoti·</span> 
     </span>
    </p>

    <p class='ocr_par' dir='ltr' id='par_1_2' title="bbox 106 709 1186 1913">
     <span class='ocr_line' id='line_1_4' title="bbox 152 709 1179 798; baseline 0 -21"><span class='ocrx_word' id='word_1_17' title='bbox 152 711 247 777; x_wconf 84' lang='lat' dir='ltr'>x111.</span> <span class='ocrx_word' id='word_1_18' title='bbox 264 710 328 776; x_wconf 86' lang='lat' dir='ltr'>Sed</span> <span class='ocrx_word' id='word_1_19' title='bbox 343 711 495 775; x_wconf 90' lang='lat' dir='ltr'>astutiam</span> <span class='ocrx_word' id='word_1_20' title='bbox 514 709 583 791; x_wconf 79' lang='lat' dir='ltr'>ejus</span> <span class='ocrx_word' id='word_1_21' title='bbox 597 710 697 773; x_wconf 87' lang='lat' dir='ltr'>Curio</span> <span class='ocrx_word' id='word_1_22' title='bbox 715 710 877 798; x_wconf 76' lang='lat' dir='ltr'><strong>coarguit,</strong></span> <span class='ocrx_word' id='word_1_23' title='bbox 892 710 1055 798; x_wconf 78' lang='lat' dir='ltr'><strong>siquidem</strong></span> <span class='ocrx_word' id='word_1_24' title='bbox 1071 732 1112 775; x_wconf 92' lang='lat' dir='ltr'>eo</span> <span class='ocrx_word' id='word_1_25' title='bbox 1127 734 1179 777; x_wconf 88' lang='lat' dir='ltr'>es-</span> 
     </span>
     <span class='ocr_line' id='line_1_5' title="bbox 106 809 1181 900; baseline -0.004 -21"><span class='ocrx_word' id='word_1_26' title='bbox 106 830 159 882; x_wconf 88' lang='lat' dir='ltr'>set</span> <span class='ocrx_word' id='word_1_27' title='bbox 173 814 301 895; x_wconf 88' lang='lat' dir='ltr'>animo,</span> <span class='ocrx_word' id='word_1_28' title='bbox 318 812 426 877; x_wconf 83' lang='lat' dir='ltr'>statim</span> <span class='ocrx_word' id='word_1_29' title='bbox 447 810 613 900; x_wconf 79' lang='lat' dir='ltr'>deponere</span> <span class='ocrx_word' id='word_1_30' title='bbox 627 826 823 899; x_wconf 87' lang='lat' dir='ltr'>potestatem</span> <span class='ocrx_word' id='word_1_31' title='bbox 837 809 976 895; x_wconf 84' lang='lat' dir='ltr'>jubens,</span> <span class='ocrx_word' id='word_1_32' title='bbox 991 827 1101 899; x_wconf 87' lang='lat' dir='ltr'>neque</span> <span class='ocrx_word' id='word_1_33' title='bbox 1116 812 1181 875; x_wconf 89' lang='lat' dir='ltr'>boc</span> 
     </span>
     <span class='ocr_line' id='line_1_6' title="bbox 106 912 1180 1006; baseline -0.003 -26"><span class='ocrx_word' id='word_1_34' title='bbox 106 938 221 1006; x_wconf 82' lang='lat' dir='ltr'>agere,</span> <span class='ocrx_word' id='word_1_35' title='bbox 240 932 293 997; x_wconf 87' lang='lat' dir='ltr'>ut,</span> <span class='ocrx_word' id='word_1_36' title='bbox 310 914 382 1003; x_wconf 81' lang='lat' dir='ltr'>ipso</span> <span class='ocrx_word' id='word_1_37' title='bbox 399 912 563 979; x_wconf 81' lang='lat' dir='ltr'>retinente</span> <span class='ocrx_word' id='word_1_38' title='bbox 577 912 770 1000; x_wconf 87' lang='lat' dir='ltr'>imperium,</span> <span class='ocrx_word' id='word_1_39' title='bbox 785 914 903 977; x_wconf 81' lang='lat' dir='ltr'>Coemri</span> <span class='ocrx_word' id='word_1_40' title='bbox 921 936 1089 979; x_wconf 77' lang='lat' dir='ltr'>successor</span> <span class='ocrx_word' id='word_1_41' title='bbox 1103 915 1180 978; x_wconf 88' lang='lat' dir='ltr'>mit·</span> 
     </span>
     <span class='ocr_line' id='line_1_7' title="bbox 107 1012 1181 1105; baseline -0.004 -22"><span class='ocrx_word' id='word_1_42' title='bbox 107 1032 198 1083; x_wconf 80' lang='lat' dir='ltr'>tatur</span> <span class='ocrx_word' id='word_1_43' title='bbox 215 1038 223 1083; x_wconf 80' lang='lat' dir='ltr'>t</span> <span class='ocrx_word' id='word_1_44' title='bbox 243 1032 410 1105; x_wconf 89' lang='lat' dir='ltr'>postremo</span> <span class='ocrx_word' id='word_1_45' title='bbox 431 1030 542 1103; x_wconf 88' lang='lat' dir='ltr'>aperte</span> <span class='ocrx_word' id='word_1_46' title='bbox 562 1012 710 1078; x_wconf 77' lang='lat' dir='ltr'>Invectus</span> <span class='ocrx_word' id='word_1_47' title='bbox 732 1015 768 1077; x_wconf 92' lang='lat' dir='ltr'>in</span> <span class='ocrx_word' id='word_1_48' title='bbox 788 1013 935 1103; x_wconf 87' lang='lat' dir='ltr'>Pompeii</span> <span class='ocrx_word' id='word_1_49' title='bbox 952 1014 1181 1102; x_wconf 80' lang='lat' dir='ltr'>cupiditatem,</span> 
     </span>
     <span class='ocr_line' id='line_1_8' title="bbox 108 1114 1181 1209; baseline -0.004 -26"><span class='ocrx_word' id='word_1_50' title='bbox 108 1120 174 1183; x_wconf 89' lang='lat' dir='ltr'>nisi</span> <span class='ocrx_word' id='word_1_51' title='bbox 198 1140 290 1183; x_wconf 89' lang='lat' dir='ltr'>nunc</span> <span class='ocrx_word' id='word_1_52' title='bbox 310 1134 402 1183; x_wconf 88' lang='lat' dir='ltr'>metu</span> <span class='ocrx_word' id='word_1_53' title='bbox 426 1116 559 1209; x_wconf 75' lang='lat' dir='ltr'>Cesaris</span> <span class='ocrx_word' id='word_1_54' title='bbox 586 1131 723 1205; x_wconf 81' lang='lat' dir='ltr'>cogatur</span> <span class='ocrx_word' id='word_1_55' title='bbox 745 1114 781 1177; x_wconf 86' lang='lat' dir='ltr'>iu</span> <span class='ocrx_word' id='word_1_56' title='bbox 809 1115 982 1197; x_wconf 80' lang='lat' dir='ltr'>ordinem,</span> <span class='ocrx_word' id='word_1_57' title='bbox 1010 1137 1181 1203; x_wconf 87' lang='lat' dir='ltr'>nunquam</span> 
     </span>
     <span class='ocr_line' id='line_1_9' title="bbox 108 1214 1184 1306; baseline -0.003 -21"><span class='ocrx_word' id='word_1_58' title='bbox 108 1219 230 1285; x_wconf 90' lang='lat' dir='ltr'>deinde</span> <span class='ocrx_word' id='word_1_59' title='bbox 252 1218 418 1284; x_wconf 80' lang='lat' dir='ltr'>sbiturtun</span> <span class='ocrx_word' id='word_1_60' title='bbox 444 1216 603 1306; x_wconf 84' lang='lat' dir='ltr'>imperio,</span> <span class='ocrx_word' id='word_1_61' title='bbox 628 1214 807 1297; x_wconf 76' lang='lat' dir='ltr'>dientabat.</span> <span class='ocrx_word' id='word_1_62' title='bbox 834 1217 960 1282; x_wconf 79' lang='lat' dir='ltr'>Idcirco</span> <span class='ocrx_word' id='word_1_63' title='bbox 981 1219 1046 1281; x_wconf 78' lang='lat' dir='ltr'>sibi</span> <span class='ocrx_word' id='word_1_64' title='bbox 1056 1216 1184 1306; x_wconf 78' lang='lat' dir='ltr'>placere</span> 
     </span>
     <span class='ocr_line' id='line_1_10' title="bbox 107 1318 1186 1408; baseline -0.004 -21"><span class='ocrx_word' id='word_1_65' title='bbox 107 1322 255 1401; x_wconf 70' lang='lat' dir='ltr'>decani,</span> <span class='ocrx_word' id='word_1_66' title='bbox 275 1322 326 1386; x_wconf 79' lang='lat' dir='ltr'>uti</span> <span class='ocrx_word' id='word_1_67' title='bbox 340 1321 435 1385; x_wconf 82' lang='lat' dir='ltr'>ambo</span> <span class='ocrx_word' id='word_1_68' title='bbox 453 1318 552 1383; x_wconf 72' lang='grc' dir='ltr'>εἰηιιιί</span> <span class='ocrx_word' id='word_1_69' title='bbox 567 1319 728 1407; x_wconf 77' lang='lat' dir='ltr'>accipiunt</span> <span class='ocrx_word' id='word_1_70' title='bbox 749 1339 955 1397; x_wconf 57' lang='lat' dir='ltr'>successorem</span> <span class='ocrx_word' id='word_1_71' title='bbox 969 1321 1097 1408; x_wconf 62' lang='lat' dir='ltr'>uuqroe,</span> <span class='ocrx_word' id='word_1_72' title='bbox 1122 1322 1186 1383; x_wconf 70' lang='lat' dir='ltr'>nbi</span> 
     </span>
     <span class='ocr_line' id='line_1_11' title="bbox 109 1418 1184 1511; baseline -0.003 -24"><span class='ocrx_word' id='word_1_73' title='bbox 109 1420 276 1487; x_wconf 77' lang='lat' dir='ltr'>voluntati</span> <span class='ocrx_word' id='word_1_74' title='bbox 296 1438 421 1487; x_wconf 69' lang='lat' dir='ltr'>serimus</span> <span class='ocrx_word' id='word_1_75' title='bbox 434 1423 622 1511; x_wconf 68' lang='lat' dir='ltr'>perueniat,</span> <span class='ocrx_word' id='word_1_76' title='bbox 650 1419 752 1484; x_wconf 62' lang='lat' dir='ltr'>boun</span> <span class='ocrx_word' id='word_1_77' title='bbox 759 1418 971 1506; x_wconf 57' lang='lat' dir='ltr'>judicantum</span> <span class='ocrx_word' id='word_1_78' title='bbox 991 1420 1184 1508; x_wconf 65' lang='lat' dir='ltr'>legionesque</span> 
     </span>
     <span class='ocr_line' id='line_1_12' title="bbox 108 1520 1183 1603; baseline -0.003 -15"><span class='ocrx_word' id='word_1_79' title='bbox 108 1522 290 1588; x_wconf 77' lang='lat' dir='ltr'>scribantur</span> <span class='ocrx_word' id='word_1_80' title='bbox 305 1522 354 1587; x_wconf 84' lang='lat' dir='ltr'>ad</span> <span class='ocrx_word' id='word_1_81' title='bbox 363 1520 489 1587; x_wconf 74' lang='lat' dir='ltr'>bellem.</span> <span class='ocrx_word' id='word_1_82' title='bbox 506 1522 575 1587; x_wconf 85' lang='lat' dir='ltr'>Hac</span> <span class='ocrx_word' id='word_1_83' title='bbox 589 1521 751 1585; x_wconf 84' lang='lat' dir='ltr'>sententis</span> <span class='ocrx_word' id='word_1_84' title='bbox 766 1520 906 1585; x_wconf 83' lang='lat' dir='ltr'>maxime</span> <span class='ocrx_word' id='word_1_85' title='bbox 923 1522 1003 1587; x_wconf 80' lang='lat' dir='ltr'>texit</span> <span class='ocrx_word' id='word_1_86' title='bbox 1017 1522 1183 1603; x_wconf 74' lang='lat' dir='ltr'>fraudem,</span> 
     </span>
     <span class='ocr_line' id='line_1_13' title="bbox 110 1622 1184 1711; baseline -0.001 -23"><span class='ocrx_word' id='word_1_87' title='bbox 110 1638 151 1688; x_wconf 86' lang='lat' dir='ltr'>ut</span> <span class='ocrx_word' id='word_1_88' title='bbox 166 1622 332 1711; x_wconf 77' lang='lat' dir='ltr'>uqsuliter</span> <span class='ocrx_word' id='word_1_89' title='bbox 342 1623 503 1687; x_wconf 87' lang='lat' dir='ltr'>animatus</span> <span class='ocrx_word' id='word_1_90' title='bbox 515 1622 550 1686; x_wconf 87' lang='lat' dir='ltr'>in</span> <span class='ocrx_word' id='word_1_91' title='bbox 561 1637 754 1709; x_wconf 85' lang='lat' dir='ltr'>utrumque,</span> <span class='ocrx_word' id='word_1_92' title='bbox 768 1642 876 1709; x_wconf 83' lang='lat' dir='ltr'>neque</span> <span class='ocrx_word' id='word_1_93' title='bbox 887 1638 1016 1711; x_wconf 88' lang='lat' dir='ltr'>emptus</span> <span class='ocrx_word' id='word_1_94' title='bbox 1028 1644 1048 1687; x_wconf 88' lang='lat' dir='ltr'>a</span> <span class='ocrx_word' id='word_1_95' title='bbox 1060 1626 1184 1688; x_wconf 78' lang='lat' dir='ltr'>Caesare</span> 
     </span>
     <span class='ocr_line' id='line_1_14' title="bbox 110 1721 1185 1812; baseline -0.002 -22"><span class='ocrx_word' id='word_1_96' title='bbox 110 1724 310 1790; x_wconf 77' lang='lat' dir='ltr'>crederetur.</span> <span class='ocrx_word' id='word_1_97' title='bbox 327 1726 369 1787; x_wconf 79' lang='lat' dir='ltr'>At</span> <span class='ocrx_word' id='word_1_98' title='bbox 385 1724 561 1812; x_wconf 89' lang='lat' dir='ltr'>Pompeius</span> <span class='ocrx_word' id='word_1_99' title='bbox 574 1744 673 1811; x_wconf 86' lang='lat' dir='ltr'>supra</span> <span class='ocrx_word' id='word_1_100' title='bbox 687 1721 825 1786; x_wconf 90' lang='lat' dir='ltr'>modum</span> <span class='ocrx_word' id='word_1_101' title='bbox 838 1721 1001 1804; x_wconf 85' lang='lat' dir='ltr'>irritatus,</span> <span class='ocrx_word' id='word_1_102' title='bbox 1013 1745 1089 1787; x_wconf 90' lang='lat' dir='ltr'>cum</span> <span class='ocrx_word' id='word_1_103' title='bbox 1101 1724 1185 1788; x_wconf 56' lang='lat' dir='ltr'>mul*</span> 
     </span>
     <span class='ocr_line' id='line_1_15' title="bbox 111 1822 1125 1913; baseline 0 -22"><span class='ocrx_word' id='word_1_104' title='bbox 111 1826 155 1891; x_wconf 90' lang='lat' dir='ltr'>tis</span> <span class='ocrx_word' id='word_1_105' title='bbox 170 1826 206 1889; x_wconf 90' lang='lat' dir='ltr'>in</span> <span class='ocrx_word' id='word_1_106' title='bbox 221 1825 397 1889; x_wconf 86' lang='lat' dir='ltr'>Curionem</span> <span class='ocrx_word' id='word_1_107' title='bbox 414 1824 528 1905; x_wconf 90' lang='lat' dir='ltr'>minis,</span> <span class='ocrx_word' id='word_1_108' title='bbox 547 1822 590 1888; x_wconf 87' lang='lat' dir='ltr'>sd</span> <span class='ocrx_word' id='word_1_109' title='bbox 606 1824 796 1889; x_wconf 86' lang='lat' dir='ltr'>suburbana</span> <span class='ocrx_word' id='word_1_110' title='bbox 810 1824 928 1913; x_wconf 69' lang='lat' dir='ltr'>predia</span> <span class='ocrx_word' id='word_1_111' title='bbox 942 1846 977 1889; x_wconf 89' lang='lat' dir='ltr'>se</span> <span class='ocrx_word' id='word_1_112' title='bbox 992 1827 1125 1913; x_wconf 81' lang='lat' dir='ltr'>recepit.</span> 
     </span>
    </p>

    <p class='ocr_par' dir='ltr' id='par_1_3' title="bbox 111 1924 1188 3029">
     <span class='ocr_line' id='line_1_16' title="bbox 157 1924 1184 2015; baseline 0 -24"><span class='ocrx_word' id='word_1_113' title='bbox 157 1926 247 1991; x_wconf 80' lang='lat' dir='ltr'>xlv.</span> <span class='ocrx_word' id='word_1_114' title='bbox 265 1925 402 1991; x_wconf 87' lang='lat' dir='ltr'>Senatus</span> <span class='ocrx_word' id='word_1_115' title='bbox 415 1924 481 2005; x_wconf 80' lang='lat' dir='ltr'>jem</span> <span class='ocrx_word' id='word_1_116' title='bbox 498 1938 677 2014; x_wconf 89' lang='lat' dir='ltr'>utrumque</span> <span class='ocrx_word' id='word_1_117' title='bbox 688 1942 878 2014; x_wconf 88' lang='lat' dir='ltr'>suspectum</span> <span class='ocrx_word' id='word_1_118' title='bbox 889 1926 1010 1991; x_wconf 83' lang='lat' dir='ltr'>babere</span> <span class='ocrx_word' id='word_1_119' title='bbox 1022 1944 1184 2015; x_wconf 83' lang='lat' dir='ltr'>coeperat:</span> 
     </span>
     <span class='ocr_line' id='line_1_17' title="bbox 112 2026 1186 2117; baseline 0.001 -25"><span class='ocrx_word' id='word_1_120' title='bbox 112 2026 345 2093; x_wconf 76' lang='lat' dir='ltr'>modestiorem</span> <span class='ocrx_word' id='word_1_121' title='bbox 367 2042 475 2091; x_wconf 84' lang='lat' dir='ltr'>tamen</span> <span class='ocrx_word' id='word_1_122' title='bbox 501 2028 693 2117; x_wconf 89' lang='lat' dir='ltr'>Pompeium</span> <span class='ocrx_word' id='word_1_123' title='bbox 707 2028 891 2110; x_wconf 81' lang='lat' dir='ltr'>judicabat,</span> <span class='ocrx_word' id='word_1_124' title='bbox 913 2045 963 2110; x_wconf 91' lang='lat' dir='ltr'>et,</span> <span class='ocrx_word' id='word_1_125' title='bbox 986 2052 1084 2116; x_wconf 89' lang='lat' dir='ltr'>quarn</span> <span class='ocrx_word' id='word_1_126' title='bbox 1101 2045 1186 2093; x_wconf 87' lang='lat' dir='ltr'>esset</span> 
     </span>
     <span class='ocr_line' id='line_1_18' title="bbox 111 2128 1186 2219; baseline 0 -26"><span class='ocrx_word' id='word_1_127' title='bbox 111 2130 329 2218; x_wconf 74' lang='lat' dir='ltr'>contemptim</span> <span class='ocrx_word' id='word_1_128' title='bbox 344 2152 364 2193; x_wconf 87' lang='lat' dir='ltr'>a</span> <span class='ocrx_word' id='word_1_129' title='bbox 376 2130 498 2193; x_wconf 73' lang='lat' dir='ltr'>Cussre</span> <span class='ocrx_word' id='word_1_130' title='bbox 510 2130 645 2195; x_wconf 89' lang='lat' dir='ltr'>consule</span> <span class='ocrx_word' id='word_1_131' title='bbox 654 2128 803 2213; x_wconf 90' lang='lat' dir='ltr'>habitus,</span> <span class='ocrx_word' id='word_1_132' title='bbox 818 2129 1061 2195; x_wconf 73' lang='lat' dir='ltr'>recordabatur.</span> <span class='ocrx_word' id='word_1_133' title='bbox 1078 2130 1186 2219; x_wconf 81' lang='lat' dir='ltr'>Igitur</span> 
     </span>
     <span class='ocr_line' id='line_1_19' title="bbox 112 2229 1185 2312; baseline -0.003 -16"><span class='ocrx_word' id='word_1_134' title='bbox 112 2231 211 2296; x_wconf 81' lang='lat' dir='ltr'>multi</span> <span class='ocrx_word' id='word_1_135' title='bbox 229 2254 266 2295; x_wconf 86' lang='lat' dir='ltr'>ea</span> <span class='ocrx_word' id='word_1_136' title='bbox 282 2231 315 2294; x_wconf 91' lang='lat' dir='ltr'>in</span> <span class='ocrx_word' id='word_1_137' title='bbox 335 2230 495 2295; x_wconf 89' lang='lat' dir='ltr'>sententia</span> <span class='ocrx_word' id='word_1_138' title='bbox 511 2245 619 2312; x_wconf 84' lang='lat' dir='ltr'>erant,</span> <span class='ocrx_word' id='word_1_139' title='bbox 635 2252 704 2294; x_wconf 90' lang='lat' dir='ltr'>non</span> <span class='ocrx_word' id='word_1_140' title='bbox 722 2248 800 2295; x_wconf 87' lang='lat' dir='ltr'>ante</span> <span class='ocrx_word' id='word_1_141' title='bbox 816 2229 1029 2295; x_wconf 86' lang='lat' dir='ltr'>dimittendos</span> <span class='ocrx_word' id='word_1_142' title='bbox 1050 2254 1069 2295; x_wconf 91' lang='lat' dir='ltr'>a</span> <span class='ocrx_word' id='word_1_143' title='bbox 1085 2230 1185 2294; x_wconf 90' lang='lat' dir='ltr'>Pom-</span> 
     </span>
     <span class='ocr_line' id='line_1_20' title="bbox 111 2331 1186 2423; baseline -0.003 -26"><span class='ocrx_word' id='word_1_144' title='bbox 111 2332 191 2423; x_wconf 88' lang='lat' dir='ltr'>peio</span> <span class='ocrx_word' id='word_1_145' title='bbox 212 2332 389 2413; x_wconf 80' lang='lat' dir='ltr'>exercitus,</span> <span class='ocrx_word' id='word_1_146' title='bbox 413 2354 512 2420; x_wconf 87' lang='lat' dir='ltr'>quarn</span> <span class='ocrx_word' id='word_1_147' title='bbox 537 2332 643 2395; x_wconf 81' lang='lat' dir='ltr'>Gaesar</span> <span class='ocrx_word' id='word_1_148' title='bbox 669 2332 838 2418; x_wconf 78' lang='lat' dir='ltr'>provincia</span> <span class='ocrx_word' id='word_1_149' title='bbox 859 2332 1067 2413; x_wconf 69' lang='lat' dir='ltr'>decessisset,</span> <span class='ocrx_word' id='word_1_150' title='bbox 1092 2331 1186 2410; x_wconf 82' lang='lat' dir='ltr'>cujus</span> 
     </span>
     <span class='ocr_line' id='line_1_21' title="bbox 112 2431 1187 2522; baseline -0.002 -22"><span class='ocrx_word' id='word_1_151' title='bbox 112 2436 294 2500; x_wconf 87' lang='lat' dir='ltr'>absentiam</span> <span class='ocrx_word' id='word_1_152' title='bbox 310 2449 343 2498; x_wconf 88' lang='lat' dir='ltr'>et</span> <span class='ocrx_word' id='word_1_153' title='bbox 364 2434 498 2522; x_wconf 85' lang='lat' dir='ltr'>spiritus</span> <span class='ocrx_word' id='word_1_154' title='bbox 514 2432 624 2498; x_wconf 81' lang='lat' dir='ltr'>minus</span> <span class='ocrx_word' id='word_1_155' title='bbox 640 2431 749 2498; x_wconf 81' lang='lat' dir='ltr'>civiles</span> <span class='ocrx_word' id='word_1_156' title='bbox 767 2433 995 2499; x_wconf 82' lang='lat' dir='ltr'>vehementius</span> <span class='ocrx_word' id='word_1_157' title='bbox 1010 2434 1187 2522; x_wconf 75' lang='lat' dir='ltr'>perhorre—</span> 
     </span>
     <span class='ocr_line' id='line_1_22' title="bbox 113 2535 1187 2624; baseline -0.004 -21"><span class='ocrx_word' id='word_1_158' title='bbox 113 2539 260 2604; x_wconf 90' lang='lat' dir='ltr'>scebant.</span> <span class='ocrx_word' id='word_1_159' title='bbox 273 2537 437 2602; x_wconf 84' lang='lat' dir='ltr'>Adversus</span> <span class='ocrx_word' id='word_1_160' title='bbox 450 2536 510 2601; x_wconf 90' lang='lat' dir='ltr'>bos</span> <span class='ocrx_word' id='word_1_161' title='bbox 527 2557 630 2624; x_wconf 90' lang='lat' dir='ltr'>quum</span> <span class='ocrx_word' id='word_1_162' title='bbox 646 2535 827 2624; x_wconf 81' lang='lat' dir='ltr'>pugnando</span> <span class='ocrx_word' id='word_1_163' title='bbox 841 2536 924 2600; x_wconf 87' lang='lat' dir='ltr'>nibil</span> <span class='ocrx_word' id='word_1_164' title='bbox 939 2535 1068 2600; x_wconf 86' lang='lat' dir='ltr'>efficere</span> <span class='ocrx_word' id='word_1_165' title='bbox 1086 2535 1187 2599; x_wconf 87' lang='lat' dir='ltr'>Curio</span> 
     </span>
     <span class='ocr_line' id='line_1_23' title="bbox 113 2636 1188 2728; baseline -0.003 -25"><span class='ocrx_word' id='word_1_166' title='bbox 113 2653 243 2728; x_wconf 89' lang='lat' dir='ltr'>posset,</span> <span class='ocrx_word' id='word_1_167' title='bbox 266 2655 309 2702; x_wconf 87' lang='lat' dir='ltr'>ne</span> <span class='ocrx_word' id='word_1_168' title='bbox 335 2636 415 2725; x_wconf 88' lang='lat' dir='ltr'>quid</span> <span class='ocrx_word' id='word_1_169' title='bbox 439 2638 523 2702; x_wconf 85' lang='lat' dir='ltr'>forte</span> <span class='ocrx_word' id='word_1_170' title='bbox 543 2637 834 2702; x_wconf 82' lang='lat' dir='ltr'>contraCaesarem</span> <span class='ocrx_word' id='word_1_171' title='bbox 858 2639 1102 2712; x_wconf 80' lang='lat' dir='ltr'>decerneretur,</span> <span class='ocrx_word' id='word_1_172' title='bbox 1126 2660 1188 2726; x_wconf 89' lang='lat' dir='ltr'>pro</span> 
     </span>
     <span class='ocr_line' id='line_1_24' title="bbox 115 2737 1188 2828; baseline -0.005 -23"><span class='ocrx_word' id='word_1_173' title='bbox 115 2739 285 2805; x_wconf 86' lang='lat' dir='ltr'>tribunitia</span> <span class='ocrx_word' id='word_1_174' title='bbox 308 2753 470 2828; x_wconf 82' lang='lat' dir='ltr'>potestate</span> <span class='ocrx_word' id='word_1_175' title='bbox 494 2754 642 2803; x_wconf 87' lang='lat' dir='ltr'>senatum</span> <span class='ocrx_word' id='word_1_176' title='bbox 666 2737 798 2802; x_wconf 89' lang='lat' dir='ltr'>dimisit.</span> <span class='ocrx_word' id='word_1_177' title='bbox 825 2741 910 2802; x_wconf 87' lang='lat' dir='ltr'>Tum</span> <span class='ocrx_word' id='word_1_178' title='bbox 931 2739 1074 2826; x_wconf 89' lang='lat' dir='ltr'>primum</span> <span class='ocrx_word' id='word_1_179' title='bbox 1101 2737 1188 2801; x_wconf 88' lang='lat' dir='ltr'>serio</span> 
     </span>
     <span class='ocr_line' id='line_1_25' title="bbox 114 2839 1188 2927; baseline -0.002 -23"><span class='ocrx_word' id='word_1_180' title='bbox 114 2839 260 2906; x_wconf 87' lang='lat' dir='ltr'>doluisse</span> <span class='ocrx_word' id='word_1_181' title='bbox 278 2839 473 2927; x_wconf 89' lang='lat' dir='ltr'>Pompeium</span> <span class='ocrx_word' id='word_1_182' title='bbox 490 2839 620 2919; x_wconf 82' lang='lat' dir='ltr'>lerunt,</span> <span class='ocrx_word' id='word_1_183' title='bbox 640 2839 731 2926; x_wconf 88' lang='lat' dir='ltr'>quod</span> <span class='ocrx_word' id='word_1_184' title='bbox 750 2861 822 2904; x_wconf 89' lang='lat' dir='ltr'>eam</span> <span class='ocrx_word' id='word_1_185' title='bbox 837 2855 1082 2927; x_wconf 86' lang='lat' dir='ltr'>potestatem,a</span> <span class='ocrx_word' id='word_1_186' title='bbox 1099 2839 1188 2902; x_wconf 83' lang='lat' dir='ltr'>Sulla</span> 
     </span>
     <span class='ocr_line' id='line_1_26' title="bbox 116 2939 1030 3029; baseline 0 -25"><span class='ocrx_word' id='word_1_187' title='bbox 116 2939 355 3029; x_wconf 81' lang='lat' dir='ltr'>propemodum</span> <span class='ocrx_word' id='word_1_188' title='bbox 374 2939 546 3022; x_wconf 88' lang='lat' dir='ltr'>abolitam,</span> <span class='ocrx_word' id='word_1_189' title='bbox 565 2940 757 3006; x_wconf 85' lang='lat' dir='ltr'>restituendi</span> <span class='ocrx_word' id='word_1_190' title='bbox 772 2957 888 3006; x_wconf 88' lang='lat' dir='ltr'>auctor</span> <span class='ocrx_word' id='word_1_191' title='bbox 904 2942 1030 3006; x_wconf 86' lang='lat' dir='ltr'>luisset.</span> 
     </span>
    </p>

    <p class='ocr_par' dir='ltr' id='par_1_4' title="bbox 102 3040 1228 4246">
     <span class='ocr_line' id='line_1_27' title="bbox 161 3040 1188 3132; baseline -0.002 -26"><span class='ocrx_word' id='word_1_192' title='bbox 161 3044 234 3108; x_wconf 88' lang='lat' dir='ltr'>XV.</span> <span class='ocrx_word' id='word_1_193' title='bbox 252 3043 342 3108; x_wconf 85' lang='lat' dir='ltr'>Nihil</span> <span class='ocrx_word' id='word_1_194' title='bbox 356 3043 458 3132; x_wconf 83' lang='lat' dir='ltr'>igitur</span> <span class='ocrx_word' id='word_1_195' title='bbox 473 3041 659 3124; x_wconf 88' lang='lat' dir='ltr'>decretum,</span> <span class='ocrx_word' id='word_1_196' title='bbox 676 3043 740 3107; x_wconf 89' lang='lat' dir='ltr'>nisi</span> <span class='ocrx_word' id='word_1_197' title='bbox 759 3041 903 3130; x_wconf 74' lang='lat' dir='ltr'>singulas</span> <span class='ocrx_word' id='word_1_198' title='bbox 920 3043 1054 3129; x_wconf 79' lang='lat' dir='ltr'>legiones</span> <span class='ocrx_word' id='word_1_199' title='bbox 1071 3063 1094 3104; x_wconf 84' lang='lat' dir='ltr'><em>a</em></span> <span class='ocrx_word' id='word_1_200' title='bbox 1117 3040 1188 3106; x_wconf 70' lang='grc' dir='ltr'>διε·</span> 
     </span>
     <span class='ocr_line' id='line_1_28' title="bbox 114 3143 1188 3233; baseline -0.003 -25"><span class='ocrx_word' id='word_1_201' title='bbox 114 3165 188 3208; x_wconf 81' lang='lat' dir='ltr'>sare</span> <span class='ocrx_word' id='word_1_202' title='bbox 206 3157 238 3208; x_wconf 84' lang='lat' dir='ltr'>et</span> <span class='ocrx_word' id='word_1_203' title='bbox 254 3143 403 3232; x_wconf 84' lang='lat' dir='ltr'>Pompeio</span> <span class='ocrx_word' id='word_1_204' title='bbox 425 3147 459 3207; x_wconf 78' lang='lat' dir='ltr'>iu</span> <span class='ocrx_word' id='word_1_205' title='bbox 476 3144 602 3229; x_wconf 64' lang='grc' dir='ltr'>δχηὶιπι</span> <span class='ocrx_word' id='word_1_206' title='bbox 619 3145 667 3207; x_wconf 85' lang='lat' dir='ltr'>ad</span> <span class='ocrx_word' id='word_1_207' title='bbox 684 3143 830 3210; x_wconf 67' lang='lat' dir='ltr'>summa</span> <span class='ocrx_word' id='word_1_208' title='bbox 846 3147 943 3225; x_wconf 57' lang='lat' dir='ltr'>nutu,</span> <span class='ocrx_word' id='word_1_209' title='bbox 962 3159 1092 3233; x_wconf 81' lang='lat' dir='ltr'>propter</span> <span class='ocrx_word' id='word_1_210' title='bbox 1107 3163 1188 3231; x_wconf 82' lang='lat' dir='ltr'>par·</span> 
     </span>
     <span class='ocr_line' id='line_1_29' title="bbox 115 3241 1189 3334; baseline -0.001 -26"><span class='ocrx_word' id='word_1_211' title='bbox 115 3245 236 3308; x_wconf 81' lang='lat' dir='ltr'>tlu&#39;cum</span> <span class='ocrx_word' id='word_1_212' title='bbox 266 3241 381 3309; x_wconf 83' lang='lat' dir='ltr'>bellum</span> <span class='ocrx_word' id='word_1_213' title='bbox 410 3243 614 3333; x_wconf 75' lang='lat' dir='ltr'>amplioribus</span> <span class='ocrx_word' id='word_1_214' title='bbox 645 3249 742 3334; x_wconf 79' lang='lat' dir='ltr'>copiis</span> <span class='ocrx_word' id='word_1_215' title='bbox 769 3261 919 3334; x_wconf 78' lang='lat' dir='ltr'>egentem.</span> <span class='ocrx_word' id='word_1_216' title='bbox 951 3248 1027 3311; x_wconf 86' lang='lat' dir='ltr'>Non</span> <span class='ocrx_word' id='word_1_217' title='bbox 1057 3245 1189 3310; x_wconf 78' lang='lat' dir='ltr'>fallebat</span> 
     </span>
     <span class='ocr_line' id='line_1_30' title="bbox 117 3341 1187 3438; baseline 0.003 -31"><span class='ocrx_word' id='word_1_218' title='bbox 117 3345 299 3426; x_wconf 83' lang='lat' dir='ltr'>Caesarem,</span> <span class='ocrx_word' id='word_1_219' title='bbox 317 3345 382 3409; x_wconf 91' lang='lat' dir='ltr'>hoc</span> <span class='ocrx_word' id='word_1_220' title='bbox 400 3346 442 3410; x_wconf 90' lang='lat' dir='ltr'>ab</span> <span class='ocrx_word' id='word_1_221' title='bbox 460 3341 599 3410; x_wconf 88' lang='lat' dir='ltr'>inimicis</span> <span class='ocrx_word' id='word_1_222' title='bbox 619 3347 687 3437; x_wconf 81' lang='lat' dir='ltr'>agi,</span> <span class='ocrx_word' id='word_1_223' title='bbox 713 3362 752 3412; x_wconf 89' lang='lat' dir='ltr'>ut</span> <span class='ocrx_word' id='word_1_224' title='bbox 771 3348 899 3413; x_wconf 88' lang='lat' dir='ltr'>duabus</span> <span class='ocrx_word' id='word_1_225' title='bbox 917 3349 987 3436; x_wconf 89' lang='lat' dir='ltr'>ipse</span> <span class='ocrx_word' id='word_1_226' title='bbox 1004 3347 1187 3438; x_wconf 85' lang='lat' dir='ltr'>legionibus</span> 
     </span>
     <span class='ocr_line' id='line_1_31' title="bbox 115 3446 1186 3539; baseline 0.003 -30"><span class='ocrx_word' id='word_1_227' title='bbox 115 3446 336 3534; x_wconf 85' lang='lat' dir='ltr'>spoliaretur:</span> <span class='ocrx_word' id='word_1_228' title='bbox 356 3447 479 3535; x_wconf 86' lang='lat' dir='ltr'>quippe</span> <span class='ocrx_word' id='word_1_229' title='bbox 498 3447 690 3536; x_wconf 89' lang='lat' dir='ltr'>Pompeius,</span> <span class='ocrx_word' id='word_1_230' title='bbox 714 3471 813 3538; x_wconf 76' lang='lat' dir='ltr'>quam</span> <span class='ocrx_word' id='word_1_231' title='bbox 829 3467 905 3539; x_wconf 91' lang='lat' dir='ltr'>post</span> <span class='ocrx_word' id='word_1_232' title='bbox 924 3447 1042 3514; x_wconf 86' lang='lat' dir='ltr'>Titurii</span> <span class='ocrx_word' id='word_1_233' title='bbox 1062 3449 1186 3513; x_wconf 80' lang='lat' dir='ltr'>cladem</span> 
     </span>
     <span class='ocr_line' id='line_1_32' title="bbox 115 3545 1228 3637; baseline 0 -24"><span class='ocrx_word' id='word_1_234' title='bbox 115 3545 160 3614; x_wconf 82' lang='lat' dir='ltr'>ad</span> <span class='ocrx_word' id='word_1_235' title='bbox 177 3547 333 3612; x_wconf 81' lang='lat' dir='ltr'>Gaesarem</span> <span class='ocrx_word' id='word_1_236' title='bbox 357 3548 506 3625; x_wconf 83' lang='lat' dir='ltr'>miserat,</span> <span class='ocrx_word' id='word_1_237' title='bbox 529 3565 684 3637; x_wconf 86' lang='lat' dir='ltr'>tanquam</span> <span class='ocrx_word' id='word_1_238' title='bbox 700 3573 741 3614; x_wconf 80' lang='lat' dir='ltr'>ex</span> <span class='ocrx_word' id='word_1_239' title='bbox 762 3573 824 3615; x_wconf 88' lang='lat' dir='ltr'>suo</span> <span class='ocrx_word' id='word_1_240' title='bbox 843 3573 982 3614; x_wconf 89' lang='lat' dir='ltr'>numero</span> <span class='ocrx_word' id='word_1_241' title='bbox 999 3551 1107 3615; x_wconf 88' lang='lat' dir='ltr'>dabat.</span> <span class='ocrx_word' id='word_1_242' title='bbox 1123 3551 1187 3613; x_wconf 84' lang='lat' dir='ltr'>Ta·</span> <span class='ocrx_word' id='word_1_243' title='bbox 1224 3576 1228 3589; x_wconf 68' lang='lat'><em>¹</em></span> 
     </span>
     <span class='ocr_line' id='line_1_33' title="bbox 117 3649 1187 3739; baseline 0.002 -27"><span class='ocrx_word' id='word_1_244' title='bbox 117 3667 195 3712; x_wconf 87' lang='lat' dir='ltr'>rnen</span> <span class='ocrx_word' id='word_1_245' title='bbox 221 3664 255 3713; x_wconf 87' lang='lat' dir='ltr'>et</span> <span class='ocrx_word' id='word_1_246' title='bbox 279 3649 364 3713; x_wconf 84' lang='lat' dir='ltr'>banc</span> <span class='ocrx_word' id='word_1_247' title='bbox 388 3651 512 3714; x_wconf 86' lang='lat' dir='ltr'>remisit</span> <span class='ocrx_word' id='word_1_248' title='bbox 541 3651 789 3733; x_wconf 80' lang='lat' dir='ltr'>incunctanter,</span> <span class='ocrx_word' id='word_1_249' title='bbox 816 3668 913 3716; x_wconf 79' lang='lat' dir='ltr'>etex</span> <span class='ocrx_word' id='word_1_250' title='bbox 942 3652 1009 3716; x_wconf 87' lang='lat' dir='ltr'>suis</span> <span class='ocrx_word' id='word_1_251' title='bbox 1038 3653 1187 3739; x_wconf 87' lang='lat' dir='ltr'>quintam</span> 
     </span>
     <span class='ocr_line' id='line_1_34' title="bbox 118 3748 1188 3838; baseline 0 -24"><span class='ocrx_word' id='word_1_252' title='bbox 118 3748 298 3831; x_wconf 83' lang='lat' dir='ltr'>decimam,</span> <span class='ocrx_word' id='word_1_253' title='bbox 323 3771 421 3838; x_wconf 87' lang='lat' dir='ltr'>quam</span> <span class='ocrx_word' id='word_1_254' title='bbox 447 3751 481 3813; x_wconf 91' lang='lat' dir='ltr'>in</span> <span class='ocrx_word' id='word_1_255' title='bbox 513 3751 614 3816; x_wconf 86' lang='lat' dir='ltr'>Gallia</span> <span class='ocrx_word' id='word_1_256' title='bbox 641 3752 790 3816; x_wconf 86' lang='lat' dir='ltr'>citeriore</span> <span class='ocrx_word' id='word_1_257' title='bbox 815 3753 974 3817; x_wconf 86' lang='lat' dir='ltr'>habuerat</span> <span class='ocrx_word' id='word_1_258' title='bbox 998 3776 1007 3817; x_wconf 74' lang='grc' dir='ltr'><strong><em>ε</em></strong></span> <span class='ocrx_word' id='word_1_259' title='bbox 1031 3751 1188 3816; x_wconf 86' lang='lat' dir='ltr'>militibus</span> 
     </span>
     <span class='ocr_line' id='line_1_35' title="bbox 117 3849 1188 3942; baseline 0.002 -28"><span class='ocrx_word' id='word_1_260' title='bbox 117 3849 264 3915; x_wconf 88' lang='lat' dir='ltr'>ducenos</span> <span class='ocrx_word' id='word_1_261' title='bbox 283 3853 531 3942; x_wconf 82' lang='lat' dir='ltr'>quinquagenos</span> <span class='ocrx_word' id='word_1_262' title='bbox 553 3853 702 3918; x_wconf 88' lang='lat' dir='ltr'>denarios</span> <span class='ocrx_word' id='word_1_263' title='bbox 725 3853 815 3917; x_wconf 89' lang='lat' dir='ltr'>dono</span> <span class='ocrx_word' id='word_1_264' title='bbox 839 3854 939 3920; x_wconf 86' lang='lat' dir='ltr'>dedit.</span> <span class='ocrx_word' id='word_1_265' title='bbox 962 3857 1030 3918; x_wconf 89' lang='lat' dir='ltr'>IIos</span> <span class='ocrx_word' id='word_1_266' title='bbox 1052 3854 1110 3941; x_wconf 90' lang='lat' dir='ltr'>qui</span> <span class='ocrx_word' id='word_1_267' title='bbox 1132 3851 1188 3916; x_wconf 86' lang='lat' dir='ltr'>ad·</span> 
     </span>
     <span class='ocr_line' id='line_1_36' title="bbox 117 3951 1189 4044; baseline -0.004 -24"><span class='ocrx_word' id='word_1_268' title='bbox 117 3951 296 4035; x_wconf 80' lang='lat' dir='ltr'>duxerant,</span> <span class='ocrx_word' id='word_1_269' title='bbox 321 3952 397 4018; x_wconf 92' lang='lat' dir='ltr'>dolo</span> <span class='ocrx_word' id='word_1_270' title='bbox 422 3977 462 4018; x_wconf 87' lang='lat' dir='ltr'>an</span> <span class='ocrx_word' id='word_1_271' title='bbox 487 3955 619 4020; x_wconf 86' lang='lat' dir='ltr'>stultitia</span> <span class='ocrx_word' id='word_1_272' title='bbox 645 3955 826 4038; x_wconf 87' lang='lat' dir='ltr'>incertum,</span> <span class='ocrx_word' id='word_1_273' title='bbox 856 3958 938 4022; x_wconf 90' lang='lat' dir='ltr'>mire</span> <span class='ocrx_word' id='word_1_274' title='bbox 962 3955 1189 4044; x_wconf 81' lang='lat' dir='ltr'>deprimebant</span> 
     </span>
     <span class='ocr_line' id='line_1_37' title="bbox 117 4055 1190 4144; baseline 0.001 -26"><span class='ocrx_word' id='word_1_275' title='bbox 117 4057 300 4135; x_wconf 74' lang='lat' dir='ltr'>Caesarem,</span> <span class='ocrx_word' id='word_1_276' title='bbox 323 4055 407 4120; x_wconf 74' lang='lat' dir='ltr'>nibil</span> <span class='ocrx_word' id='word_1_277' title='bbox 426 4077 463 4118; x_wconf 84' lang='lat' dir='ltr'>eo</span> <span class='ocrx_word' id='word_1_278' title='bbox 487 4057 579 4144; x_wconf 79' lang='lat' dir='ltr'>apud</span> <span class='ocrx_word' id='word_1_279' title='bbox 602 4060 776 4120; x_wconf 69' lang='lat' dir='ltr'>exercitum</span> <span class='ocrx_word' id='word_1_280' title='bbox 799 4058 935 4121; x_wconf 68' lang='lat' dir='ltr'>odiosum</span> <span class='ocrx_word' id='word_1_281' title='bbox 958 4080 1041 4135; x_wconf 84' lang='lat' dir='ltr'>esse,</span> <span class='ocrx_word' id='word_1_282' title='bbox 1071 4057 1190 4120; x_wconf 68' lang='lat' dir='ltr'>camos</span> 
     </span>
     <span class='ocr_line' id='line_1_38' title="bbox 102 4149 1188 4246; baseline 0.006 -30"><span class='ocrx_word' id='word_1_283' title='bbox 102 4149 215 4240; x_wconf 78' lang='lat' dir='ltr'>fimm</span> <span class='ocrx_word' id='word_1_284' title='bbox 232 4155 392 4236; x_wconf 81' lang='lat' dir='ltr'>laborum,</span> <span class='ocrx_word' id='word_1_285' title='bbox 413 4171 606 4246; x_wconf 81' lang='lat' dir='ltr'>conspectum</span> <span class='ocrx_word' id='word_1_286' title='bbox 614 4162 751 4246; x_wconf 63' lang='lat' dir='ltr'>patrem,</span> <span class='ocrx_word' id='word_1_287' title='bbox 771 4173 800 4220; x_wconf 78' lang='lat' dir='ltr'>et</span> <span class='ocrx_word' id='word_1_288' title='bbox 816 4160 859 4220; x_wconf 83' lang='lat' dir='ltr'>ab</span> <span class='ocrx_word' id='word_1_289' title='bbox 875 4157 1026 4223; x_wconf 72' lang='lat' dir='ltr'>dicamne</span> <span class='ocrx_word' id='word_1_290' title='bbox 1042 4158 1188 4222; x_wconf 68' lang='lat' dir='ltr'>domaira-</span> 
     </span>
    </p>
   </div>
   <div class='ocr_carea' id='block_1_2' title="bbox 0 0 1458 4900">
    <p class='ocr_par' dir='ltr' id='par_1_5' title="bbox 0 0 1458 4900">
     <span class='ocr_line' id='line_1_39' title="bbox 0 0 1458 4900; baseline 0 0"><span class='ocrx_word' id='word_1_291' title='bbox 0 0 1458 4900; x_wconf 95' lang='lat' dir='ltr'> </span> 
     </span>
    </p>
   </div>
  </div>
 </body>
</html>
