2875 4900
331 379 387 450 IN
416 379 528 449 Luc.
556 380 651 449 LIB.
680 383 769 449 CXI
800 382 1017 455 LIVIANI.
1140 385 1210 480 713

140 497 225 564 blica
242 501 347 565 iacere
363 501 520 566 Lentulus
538 501 702 567 instituit:
722 532 737 558 ι
748 518 824 568 ante
839 505 950 569 omnia
966 504 1211 570 decernendum

140 601 243 666 «huic
267 602 386 685 coetul,
405 603 496 666 hunc
517 624 587 668 esse
608 625 724 668 verum
743 604 935 693 justumque
956 609 1070 696 populi
1085 609 1212 672 romani

141 733 154 758 ι
164 720 330 787 senatum3
347 704 405 792 qui
419 705 530 768 Romae
545 703 630 786 sint,
644 705 827 771 desertores
843 729 947 772 ccusae
961 709 1118 796 publice,
1133 712 1214 773 ami·

141 837 155 863 a
165 829 220 870 cos
237 807 385 894 tyranni,
403 822 618 895 purgamenta
628 807 739 894 potius
750 808 939 896 amplissimi
953 809 1096 892 ordinis,
1112 834 1212 899 quarn

141 909 328 991 «membra,
349 907 572 996 nequidquam
593 929 751 996 usurpare
772 909 968 974 vocabulum
984 912 1102 992 curiae,
1118 914 1212 994 cujus

141 1009 235 1090 «jura
257 1008 470 1100 prodiderint.
497 1008 686 1074 Proximum
710 1032 801 1093 esse,
825 1027 865 1074 ut
890 1010 1104 1100 provideant,
1126 1035 1212 1099 quo·

141 1141 154 1168 ι
164 1110 264 1176 modo
279 1126 312 1176 et
323 1133 382 1199 per
398 1131 481 1198 quos
496 1109 531 1173 in
548 1125 716 1198 posterum
728 1109 870 1199 gerenda
881 1111 923 1174 sit
932 1109 1136 1198 respublica:
1151 1133 1212 1176 noc

141 1243 155 1269 α
165 1213 253 1277 enim
270 1212 444 1276 consulum
466 1211 579 1276 haberi
602 1210 734 1275 comitia
756 1212 911 1294 attinere,
927 1212 1019 1302 quod
1036 1212 1078 1277 de
1095 1236 1212 1276 eorum

141 1347 154 1370 ι
163 1315 301 1404 imperio
319 1314 397 1378 ferri
412 1314 463 1378 lex
480 1313 602 1378 curiata
617 1328 767 1400 nequeat
782 1312 909 1378 Idcirco
922 1316 1065 1402 reliquos
1078 1315 1212 1402 quidem

140 1415 415 1505 “proconsulibus
437 1431 470 1480 et
487 1414 760 1504 propraetoribus,
779 1437 841 1477 suo
863 1435 1029 1503 quemque
1050 1416 1124 1480 loco
1147 1416 1211 1479 rei·

141 1517 303 1606 «publicae
334 1532 506 1581 navaturos
533 1536 684 1604 operam3
707 1514 766 1580 sed
787 1531 896 1580 tamen
918 1540 1025 1580 unum
1045 1540 1212 1582 summurn

142 1650 156 1675 ι
164 1618 320 1684 constitui
339 1617 456 1682 ducem
475 1632 643 1705 oportere,
656 1637 765 1704 neque
777 1614 1013 1699 dubitandum,
1026 1618 1106 1704 quin
1116 1618 1213 1682 Pom·

142 1721 257 1809 «peius
270 1722 297 1785 is
312 1741 381 1784 esse
395 1717 544 1788 debeat».
561 1719 639 1782 Erat
649 1739 727 1781 sanc
737 1716 804 1797 jam
817 1739 904 1781 anno
921 1717 1090 1804 superiore
1099 1716 1212 1782 datum
1305 1745 1313 1752 ·

141 1821 302 1910 Pompeio
330 1842 496 1886 summum
519 1817 714 1907 imperium,
735 1818 801 1884 'sed
825 1818 1015 1883 consulibus
1040 1818 1211 1900 adjunctis.

142 1923 230 1985 Tum
243 1943 339 2005 vero,
354 1941 515 1986 summam
532 1919 609 1984 belli
624 1941 802 2008 rerumque
819 1920 968 1988 omnium
989 1921 1048 1983 uni
1067 1922 1211 2008 permitti

141 2023 273 2112 placuit.

185 2125 225 2190 V.
248 2127 355 2212 Atque
370 2124 414 2207 is,
431 2139 469 2189 ut
486 2125 612 2190 animos
628 2125 670 2190 ad
685 2126 854 2190 meliorem
871 2114 963 2214 spem
978 2125 1134 2213 erigeret,
1148 2124 1212 2188 liu·

137 2225 282 2308 jusmodi
298 2227 478 2291 orationem
493 2226 626 2290 habuit:
642 2227 734 2315 «Ego
754 2249 833 2290 vero
851 2226 978 2292 nullum
992 2217 1054 2313 pro
1067 2225 1161 2289 vobis
1178 2241 1212 2290 et

139 2327 326 2416 «republica
350 2326 515 2409 laborem,
547 2326 673 2390 nullum
702 2326 876 2391 discrimen
903 2326 1079 2414 deprecor,
1101 2327 1211 2391 Patres

139 2427 361 2521 «conscriptiz
385 2443 578 2517 potestatem
605 2427 791 2518 impositam
812 2450 1015 2510 recusarem,
1037 2429 1100 2493 nisi
1117 2428 1210 2493 robis

139 2530 316 2594 «omnibus
336 2528 540 2609 adjutoribus
556 2552 658 2595 usuro
681 2553 789 2619 neque
812 2531 1005 2612 consilium,
1025 2553 1133 2619 neque
1146 2532 1212 2597 col·

139 2634 241 2723 elegae
268 2631 411 2697 defuturi
440 2632 710 2697 essent.·1dcirc0
739 2656 857 2724 magua
884 2634 966 2697 mihi
992 2655 1065 2721 spes
1094 2633 1211 2721 optimi

139 2748 298 2798 «eventus
313 2733 487 2797 sollicitum
500 2734 647 2798 animum
663 2735 867 2816 consolatum
885 2734 986 2801 modo
1002 2757 1060 2799 ros
1076 2757 1211 2823 quoque
1303 2792 1306 2797 .

125 2850 153 2891 ἀ
163 2835 253 2900 bono
266 2834 377 2899 animo
389 2834 477 2918 sitis,
490 2858 598 2923 neque
611 2836 712 2925 magis
727 2836 845 2900 umbra
859 2860 970 2901 rerum
982 2851 1015 2901 et
1026 2838 1209 2919 vocabulis,

139 2959 260 3024 «quam
279 2938 377 3001 rebus
399 2937 497 3025 ipsis,
519 2938 726 3003 moveamini.
748 2939 842 3020 Scio,
866 2962 886 3003 a
904 2940 1015 3003 multis
1036 2939 1210 3008 consilium

140 3068 153 3095 ι
164 3060 274 3102 meum
287 3038 410 3102 Urbem
424 3037 632 3125 relinquendi
648 3040 883 3127 reprehensum
899 3063 988 3122 esse;
1007 3040 1100 3121 cujus
1119 3063 1211 3105 nunc

139 3162 294 3228 equoque
311 3138 393 3204 adeo
416 3162 483 3203 non
503 3140 656 3228 poenitet,
676 3156 715 3204 ut
735 3140 801 3205 hoc
816 3163 885 3205 uno
906 3140 1007 3209 modo
1024 3141 1208 3206 conservari

140 3244 307 3330 upotuisse
326 3264 397 3306 rem
418 3264 586 3306 romanam
608 3242 810 3324 existimem,
828 3241 1094 3331 perdendamque
1114 3242 1209 3308 nobis

138 3344 406 3432 «inperpetuum
427 3342 542 3406 urbem
564 3344 680 3419 fuisse,
700 3343 763 3407 nisi
779 3341 952 3411 relictaad
970 3358 1099 3431 tempus
1113 3344 1208 3409 foret.

139 3476 152 3501 α
162 3446 404 3535 Segregavimus
419 3467 439 3508 a
454 3444 548 3508 nobis
564 3444 732 3532 improbos
746 3444 848 3526 eires,
864 3444 1102 3533 segregavimus
1119 3445 1209 3517 timi·

138 3546 240 3629 «dos3
254 3563 287 3612 et
303 3548 360 3635 qui
377 3545 540 3610 manendo
558 3546 599 3610 ab
615 3546 677 3610 illis
692 3545 850 3633 impetiti,
868 3546 908 3611 ab
925 3547 977 3611 his
993 3546 1131 3630 deserti,
1146 3548 1209 3614 ho·

139 3662 243 3711 -stem
263 3648 460 3722 instantem,
486 3646 594 3735 copias
617 3646 806 3736 ambiguas,
830 3648 963 3713 consilia
979 3648 1134 3737 impedita
1149 3650 1209 3713 ha·

138 3744 361 3828 «buissemns,
380 3746 507 3837 egregie
527 3748 756 3837 explicavimus
778 3750 913 3817 omnia:
936 3752 1021 3815 vires
1042 3767 1209 3815 terrestres

137 3849 400 3938 «maritimasque
427 3849 581 3914 maximas
609 3850 798 3940 coegimus3
823 3852 981 3940 pecunia,
1004 3868 1207 3931 commeatu,

138 3982 151 4005 ι
161 3974 276 4041 regum
292 3968 389 4042 atque
406 3952 603 4045 populorum
620 3952 746 4017 auxiliis
763 3952 991 4019 abundamus:
1009 3975 1117 4041 neque
1133 3976 1208 4019 core

172 4141 188 4217 5
203 4145 247 4191 lV.
261 4143 318 4193 Dio.
329 4172 351 4182 -
377 4144 484 4213 lippiam
495 4170 528 4181 -
538 4144 628 4199 Lucan.
637 4146 669 4203 V,
686 4160 714 4203 ¹7
726 4155 751 4193 et
761 4160 829 4209 seqq.

1337 2091 1360 2130 .,
