2875 4900
253 404 308 473 IN
338 404 452 473 LOC.
478 404 573 471 LIB.
601 404 688 472 CIV
721 406 934 475 LIVIANI.
1061 408 1124 481 531

79 524 197 587 illorum
218 540 405 611 temporum
426 523 568 587 hutone
593 522 807 611 adspergitur.
829 524 916 589 Dixit
936 550 996 615 pro
1017 532 1128 599 eadent

79 625 169 689 domo
191 626 237 690 Μ.
253 624 416 706 Calidius,
442 625 500 712 qui
519 640 591 687 tum
615 640 790 713 proetumm
808 627 946 714 gerebat.
970 630 1131 699 Postridie

80 750 168 814 quam
186 726 275 815 apud
294 725 463 813 pontifices
478 727 592 789 Cicero
612 726 756 807 dixerat,
777 725 921 791 kalendis
941 732 1131 799 octobribus

79 829 388 894 senatusconsultum
400 826 522 891 factum
539 843 603 906 est,
616 827 746 914 placere
759 826 886 890 donem
902 832 933 891 ei
946 835 1068 897 restr'tui
1077 858 1088 899 .·
1101 838 1130 901 ei

79 930 351 994 senanrsconsulto
363 926 516 993 tribunus
528 926 631 1015 plebis
645 926 716 991 sex.
726 926 844 990 Atilius
857 928 1012 996 Semnus
1024 933 1134 1000 Gavis-

80 1054 136 1095 nus
150 1032 349 1110 intercessit;
370 1028 429 1093 sed
442 1050 605 1091 consensu
620 1042 752 1090 senatus
769 1042 801 1090 et
822 1028 883 1092 Cn.
898 1028 995 1118 Oppii
1017 1036 1133 1101 Corni-

79 1132 136 1194 cini
146 1132 268 1212 soceri,
281 1128 323 1193 ad
334 1128 431 1217 pedes
444 1131 514 1206 ejus
526 1127 789 1215 procumbentis,
804 1130 954 1215 precibus
968 1134 1069 1201 rictus
1084 1162 1133 1201 re-

80 1232 169 1296 misit.
191 1232 246 1295 Sic
265 1247 340 1318 post
360 1252 487 1295 menses
500 1230 603 1291 ferme
620 1228 777 1308 sedecim,
801 1252 898 1317 quam
919 1233 1026 1300 fuerat
1045 1240 1132 1305 Urbe

79 1334 245 1418 expulsus,
258 1332 372 1395 Cicero
390 1330 503 1410 rediit,
520 1345 611 1393 tanto
625 1329 735 1393 favore
751 1330 943 1415 hominum,
960 1353 1015 1419 ut,
1030 1362 1133 1426 quum

79 1434 141 1519 ipse
155 1434 289 1497 Mmsris
299 1432 405 1496 Italiae
416 1455 448 1495 se
465 1428 658 1519 ripertatum
672 1430 811 1511 diceret,
829 1454 896 1495 rem
911 1436 1059 1503 minuere
1073 1464 1134 1529 po-

80 1534 139 1596 tius
153 1535 335 1621 aliquanto,
349 1555 449 1620 quarn
462 1554 598 1620 augere,
617 1530 791 1595 videretur.

118 1636 167 1699 LI.
185 1636 300 1716 Quum
319 1632 362 1697 ad
382 1635 504 1697 Urbem
520 1631 705 1713 accederet,
724 1648 811 1695 tanta
830 1636 1059 1721 gramlantium
1074 1646 1135 1707 ob-

80 1734 224 1823 viamque
235 1734 468 1823 prodeuntium
480 1732 658 1797 multitudo
673 1733 755 1813 fuit,
770 1750 808 1797 ut
823 1735 875 1797 vix
889 1752 977 1801 totus
991 1740 1058 1805 dies
1073 1746 1134 1811 illis

80 1835 187 1901 officiis
206 1835 381 1900 sufficeret.
398 1835 474 1899 Fuit
494 1834 669 1899 interillos
692 1850 726 1898 et
750 1835 795 1899 Μ.
813 1836 962 1919 Crassus,
984 1842 1135 1910 inimicus

79 1952 186 2017 antea,
208 1933 355 1999 sedtum
371 1934 406 1997 in
428 1934 562 2021 gratiam
583 1933 640 1997 lilii
663 1957 782 2023 magno
804 1936 912 2001 studio
933 1940 1081 2008 redeunti
1103 1970 1137 2011 se

79 2036 214 2101 offerens
228 2059 237 2101 ε
249 2036 296 2100 sic
304 2036 391 2099 inter
401 2034 462 2099 bos
475 2037 694 2116 reconciliata,
707 2038 807 2125 magis
820 2042 969 2105 tamenin
980 2047 1136 2131 speciem,

79 2159 171 2223 quam
183 2161 261 2203 vere
273 2154 306 2201 et
320 2137 469 2224 penitus,
483 2152 531 2200 est
542 2138 662 2225 gratia3
679 2137 861 2225 diciturque
875 2142 909 2204 in
923 2143 1013 2208 illum
1026 2162 1058 2210 et
1067 2152 1137 2213 Cae-

79 2260 177 2304 sarem
193 2239 358 2326 scripsisse
371 2238 492 2302 librum
502 2236 545 2300 de
559 2240 701 2302 consiliis
713 2242 780 2305 suis
792 2242 920 2323 Cicero,
934 2245 1088 2313 refertum
1101 2252 1134 2315 in

79 2338 135 2403 hos
149 2341 293 2429 probris,
308 2338 448 2426 ideoque
464 2360 526 2403 nec
539 2338 580 2402 ab
592 2356 724 2404 auctore
737 2340 871 2406 editum.
884 2346 967 2408 Cum
981 2346 1137 2438 Pompeio

79 2443 199 2508 meliori
220 2440 285 2506 fide
301 2463 448 2506 reversus
464 2441 561 2504 estin
583 2442 734 2531 gratiam,
758 2459 804 2523 et,
828 2467 870 2507 ne
892 2448 1048 2533 poenitere
1062 2475 1135 2518 eum

79 2565 140 2608 sue
155 2544 333 2610 voluntatis
352 2557 478 2630 posset,
501 2543 608 2609 statim
628 2543 822 2608 beneficium
843 2544 1001 2632 reddidit,
1025 2571 1138 2619 senatu

79 2645 228 2728 inducto,
240 2661 278 2708 ut
288 2643 318 2708 ei
331 2667 391 2732 per
401 2644 665 2731 quinquennium
677 2667 815 2708 annonae
831 2667 906 2710 cura
916 2696 925 2729 ,
937 2649 1008 2716 Sex.
1021 2655 1137 2721 Clodio

78 2744 228 2834 improbo
244 2762 277 2810 et
293 2743 506 2808 audacissimo
521 2745 650 2808 homini
661 2761 790 2833 erepta,
811 2747 1027 2817 mandaretur.

116 2849 186 2912 tn.
205 2845 339 2934 Ingenti
354 2846 441 2908 enirn
460 2845 583 2909 Urbem
594 2865 763 2932 premente
785 2851 887 2928 lame,
910 2851 1001 2937 plebs
1017 2856 1136 2925 insanis

78 2949 271 3013 tumultibus
287 2946 454 3010 fremebat.
469 2947 512 3009 Et
524 2946 666 3033 primum
681 2948 919 3033 Apollinaribus
937 2951 1038 3034 ludis,
1055 2979 1137 3044 quos

77 3047 110 3111 l..
121 3048 269 3114 Caecilius
283 3045 390 3110 Rufus
404 3061 524 3133 praetor
538 3045 692 3126 faciebat,
712 3061 800 3110 tanta
816 3047 935 3112 infimae
954 3056 1137 3122 multitudi-

76 3150 123 3214 nis
139 3149 349 3216 concursatio
362 3148 444 3228 fuit,
458 3162 498 3211 ut
508 3169 639 3227 omnes,
654 3148 711 3235 qui
729 3149 894 3236 spectandi
909 3155 1008 3238 gratia
1023 3179 1139 3224 conse·

77 3249 204 3335 derant,
214 3252 343 3316 theatro
352 3250 559 3337 pellerentur.
567 3247 695 3312 Deinde
707 3249 741 3311 in
754 3250 965 3336 Capitolium,
976 3278 1078 3342 quum
1093 3261 1138 3324 ibi

76 3373 204 3420 senatus
231 3353 425 3427 haberetur,
451 3373 629 3414 concursus
655 3350 760 3414 factus
785 3351 973 3418 incendium
996 3363 1137 3448 templo,

76 3477 188 3522 necem
214 3455 342 3520 sensuri
366 3453 596 3517 minitantium.
624 3454 714 3516 luter
744 3474 814 3516 earn
844 3462 1139 3529 consternationem

75 3573 188 3620 auctor
211 3554 362 3619 Patribus
381 3552 493 3616 Cicero
514 3553 592 3633 fuit,
613 3551 770 3639 Pompeio
791 3575 901 3619 curam
924 3559 1009 3624 illam
1030 3563 1141 3630 decer·

76 3657 172 3720 nendi
192 3681 200 3720 ε
219 3654 451 3744 proconsulare
468 3653 641 3740 imperium
659 3676 718 3741 per
737 3654 859 3719 ltaliam
876 3679 1056 3749 omnesque
1077 3683 1140 3731 ter-

74 3779 140 3839 ras,
157 3758 256 3845 quale
271 3756 360 3844 prius
374 3754 509 3842 piratico
525 3753 610 3817 bello
628 3771 792 3834 tenuerat,
808 3754 931 3824 datum.
949 3761 1140 3852 Pompeius,

105 3984 122 4047 S
134 3988 162 4036 L.
176 3985 233 4034 Cic.
243 3981 387 4049 producto,
401 3993 424 4032 et
435 3983 461 4029 in
473 3983 522 4030 ris.
533 3997 586 4046 cap.
599 3999 631 4030 aa
641 3999 649 4041 3
659 3983 724 4030 idem
737 3995 794 4048 post
808 3983 890 4034 Redit.
900 3989 929 4035 iu
942 3991 998 4038 Sen.
1012 4009 1066 4058 cap.
1078 4011 1105 4058 9,
1116 4010 1141 4046 et

113 4068 192 4115 Attio.
203 4067 252 4125 IV,
263 4083 290 4114 a.
301 4091 336 4103 --
344 4064 449 4129 Quintil.
459 4067 496 4123 Χ,
512 4081 533 4112 1.
544 4093 578 4101 -
588 4065 604 4129 s
613 4067 653 4114 LI.
667 4065 719 4115 Cic.
731 4067 762 4113 sd
773 4069 849 4117 Attic.
860 4072 904 4130 IV,
920 4087 943 4132 r,
952 4084 975 4122 et
988 4092 1033 4138 pro
1049 4077 1125 4128 domo
1132 4117 1140 4140 ,

134 4166 148 4208 7
164 4161 189 4197 et
206 4164 248 4196 ro.
264 4177 298 4186 -
311 4149 374 4196 Veli.
387 4151 429 4208 ll,
447 4149 489 4203 ⁴5.
503 4175 539 4185 ·-
548 4149 612 4196 Plut.
626 4177 660 4186 —
672 4150 781 4214 Appian.
792 4179 826 4188 -—
837 4153 892 4201 Dio.

901 4246 962 4334 34.
