2875 4900
209 410 213 419 ι
288 368 344 439 IN
368 369 759 441 Loc.1.1ucvl11
790 376 1003 449 LIVIANI.
1106 380 1179 469 643

107 512 275 557 casuram
285 489 428 579 Syriam,
442 504 610 578 pertusam
623 494 753 557 romani
766 494 912 583 imperii,
926 514 960 563 et
970 502 1181 587 queniadmo.

107 592 191 659 dum
204 592 302 673 locis,
316 591 361 656 ita
374 591 540 673 moribus,
557 592 681 659 Partho
696 597 896 685 propiorem.

152 694 341 763 XXXVIII.
359 691 423 759 Sed
440 692 594 759 adversus
613 695 781 778 homines,
797 702 1026 789 oppugnandis
1041 704 1179 773 urbibus

107 797 347 885 ineptissimos,
360 796 453 861 facile
464 795 598 861 defensa
609 796 783 863 Antiochia
793 816 853 865 est.
863 801 906 865 Et
915 803 1043 869 animos
1055 807 1177 893 Cassm,

108 897 262 961 umorem
278 894 406 961 Parthis
424 896 470 961 M.
484 896 598 961 Cicero
613 896 796 983 addiderat,
816 901 874 989 qui
897 903 932 967 in
946 906 1091 990 Amano,
1112 932 1180 997 quo

109 1014 225 1063 monte
242 998 356 1063 Cilices
369 1020 387 1061 a
401 997 489 1085 Syris
502 996 785 1084 discriminantur,
803 1025 839 1067 re
855 1003 941 1069 bene
955 1022 1062 1095 gesta,
1078 1010 1181 1098 impe-

108 1116 199 1165 rator
210 1100 406 1188 appellatus,
421 1098 615 1165 transiturus
632 1098 668 1162 in
680 1100 807 1188 Syriam
823 1104 1035 1190 credebatur,
1048 1122 1182 1197 proaem

108 1203 172 1265 tim
186 1199 277 1288 qnod
290 1222 428 1290 magnus
449 1199 598 1287 equitum
612 1200 806 1287 parthorum
825 1227 1002 1290 numerus,
1024 1232 1128 1298 quum
1145 1214 1182 1278 in

109 1302 255 1367 Ciliciam
269 1301 455 1391 irrupisset,
470 1300 511 1365 ab
526 1300 689 1389 equitibus
701 1304 888 1390 Ciceronis,
906 1325 940 1373 et
952 1309 1087 1375 cohorte
1100 1336 1181 1401 prte-

108 1404 213 1484 toria,
238 1426 337 1492 quam
364 1401 559 1491 Epiphaneae
581 1401 724 1490 praesidii
743 1426 840 1469 causa
864 1408 1091 1495 collocaverat,
1112 1430 1181 1479 erat

108 1505 273 1571 concisus.
295 1502 444 1569 Ducebat
466 1518 574 1567 autem
596 1503 711 1569 Cicero
735 1506 914 1569 exercitum
934 1531 1001 1571 non
1020 1512 1182 1598 poeniten.

108 1608 211 1690 dum,
227 1606 376 1696 peditum
392 1604 565 1671 duodecim
584 1606 701 1687 millia,
716 1604 785 1669 duo
798 1607 898 1671 millia
910 1627 1079 1675 sexcentos
1094 1616 1183 1701 equi·

107 1726 171 1775 tes.
191 1709 349 1775 Praeterea
368 1706 461 1771 firma
481 1706 622 1771 babebat
638 1723 671 1771 et
691 1723 844 1795 prompta
859 1711 1025 1775 sociorum
1045 1714 1180 1797 auxilia,

109 1833 196 1899 quos
208 1811 339 1875 lenitate
351 1808 479 1898 imperii
497 1808 684 1889 amiciores,
701 1830 800 1895 quam
817 1809 971 1893 luissent,
986 1814 1110 1900 populo
1122 1838 1178 1880 ro·

110 1934 212 1977 mano
230 1910 392 1977 effecerat.

155 2013 312 2079 XXXIX.
332 2011 437 2075 Etiam
458 2010 709 2073 Ariobarzanem
730 2010 940 2099 cappadocie
962 2034 1072 2101 regem
1094 2036 1178 2101 prte-

108 2116 259 2179 sentibus
277 2112 402 2179 insidiis
418 2112 626 2192 liberaverat3
647 2112 839 2193 Deiotarum
854 2129 964 2179 autem
980 2114 1024 2179 ita
1038 2116 1179 2182 habebat

109 2216 273 2297 amicum,
294 2231 350 2298 ut,
372 2213 485 2279 relicto
506 2234 628 2301 regno,
650 2214 901 2305 cumqomnibus
918 2216 1019 2304 copiis
1041 2215 1180 2283 adeum

109 2314 382 2405 proficisceretur.
397 2313 546 2379 Habebat
555 2330 665 2377 autem
678 2314 705 2377 is
715 2314 864 2403 pediturn
876 2318 976 2383 millia
990 2317 1180 2402 duodecim,

109 2440 250 2486 mantuo
265 2432 408 2497 armatu,
425 2414 574 2503 equitum
590 2414 689 2480 millia
709 2413 788 2484 duo.
808 2416 931 2498 Ilejeeti
950 2416 992 2483 ab
1008 2418 1181 2484 Antiochia

110 2520 241 2602 Parthi,
256 2517 466 2608 Antigoniam
477 2517 657 2604 petierunt,
670 2541 769 2606 quam
782 2519 871 2587 haud
882 2521 1000 2608 procul
1014 2520 1091 2586 inde
1105 2522 1182 2587 Phi-

110 2621 194 2710 lippi
208 2620 294 2686 filius
313 2619 496 2708 Antigonus
517 2617 717 2688 condiderat.
738 2620 941 2691 Suburbium
964 2638 1034 2686 erat
1052 2623 1098 2687 ibi
1113 2625 1180 2688 fre·

108 2721 291 2811 questibus
306 2719 478 2786 arboribus
495 2718 670 2785 consitum.
689 2719 729 2788 Id
749 2721 861 2787 Parthi
880 2739 971 2789 metu
988 2722 1180 2788 insidiarum

107 2823 239 2914 ingredi
255 2845 323 2888 non
339 2822 426 2902 ausi,
442 2819 645 2891 succidendis
667 2821 839 2886 arboribus
856 2823 981 2910 aperire
999 2823 1109 2887 locum
1127 2826 1179 2886 in-

109 2927 301 2990 stituerunt.
313 2922 376 2990 Sed
390 2922 447 2986 uhi
460 2922 609 2988 homines
623 2922 701 2991 huic
713 2923 816 3000 labori
827 2945 895 2988 non
907 2937 1069 3006 assuetos,
1079 2923 1177 2989 etiam

106 3025 242 3092 assidue
266 3025 395 3092 Cassius
420 3024 592 3112 carpebat,
623 3023 734 3088 relicta
755 3040 789 3087 et
813 3025 875 3090 hac
896 3023 1088 3107 obsidione,
1111 3024 1179 3089 dis·

111 3141 293 3192 cesserunt.

158 3230 227 3293 XL.
245 3227 393 3307 Cassius,
409 3225 524 3292 itinere
539 3225 683 3290 hostium
700 3241 826 3290 mature
838 3225 986 3314 cognito,
1000 3247 1104 3313 quum
1121 3248 1180 3314 per

108 3331 305 3418 confragosa
320 3329 390 3394 loca
406 3325 643 3394 transeundum
659 3327 787 3392 Parthis
806 3343 908 3408 esset,
927 3326 1019 3392 omni
1033 3325 1181 3415 peditatu

31 3449 35 3458 ’
112 3432 149 3494 iu
170 3429 294 3494 insidiis
316 3431 441 3510 locato,
459 3450 535 3492 cum
556 3427 738 3514 equitibus,
760 3428 904 3515 ¹quorum
929 3427 1070 3492 hahebat
1091 3427 1181 3494 haud

111 3552 247 3620 magnas
262 3529 389 3618 copias,
411 3550 446 3592 se
463 3526 618 3594 ostendit.
631 3527 786 3594 Celeriter
800 3543 992 3618 contemptu
1013 3529 1182 3618 paucitatis

111 3629 155 3696 ad
169 3653 332 3722 pugnam,
344 3627 464 3694 deinde
476 3627 518 3694 ad
528 3628 770 3720 insequendum
784 3630 1016 3720 rebrgieutem,
1030 3631 1112 3696 moti
1126 3631 1184 3696 ho·

150 3881 167 3946 s
184 3881 320 3932 xxxvu.
336 3879 408 3944 riga.
425 3881 491 3928 sna.
507 3906 541 3916 -
559 3879 618 3928 nio.
637 3905 671 3916 -
688 3881 816 3938 omri,
831 3881 872 3929 rs.
894 3906 928 3917 -
948 3877 1028 3928 suat.
1043 3879 1089 3930 m.
1105 3881 1182 3940 m,

16 4004 26 4029 ,
113 3981 171 4032 pag.
185 3966 243 4027 μῦ.
259 3989 294 4002 -··
306 3963 323 4029 s
336 3964 486 4016 mvut.
499 3989 535 4000 -
547 3963 600 4013 Cic.
614 3961 646 4012 sd
660 3963 778 4019 suist,
791 3963 838 4021 rt,
852 3977 898 4022 ao,
910 3972 992 4020 ar,et
1003 3960 1037 4010 ad
1050 3962 1132 4010 rmtt
1143 3963 1184 4019 Il,

118 4065 166 4106 ιω
178 4050 238 4109 xv,
251 4063 275 4106 t,
287 4064 318 4107 η,
333 4049 364 4105 a,
376 4055 401 4104 a
421 4073 456 4086 -
477 4045 600 4096 aranu.
611 4045 638 4094 ta
655 4046 708 4096 cte.
721 4071 756 4084 -
774 4045 792 4110 s
806 4047 931 4096 xxxta.
946 4045 1012 4093 utri.
1027 4045 1059 4094 ae
1070 4045 1097 4094 n.
1110 4035 1182 4094 ata.

114 4161 150 4206 7-
163 4133 220 4182 nio.
233 4159 268 4170 --
279 4133 397 4200 stephan.
412 4157 446 4169 -
460 4130 541 4180 surb.
553 4129 596 4180 lih-
606 4131 681 4188 xvt,
694 4147 721 4194 p.
733 4130 793 4189 750.
