2875 4900
203 414 253 480 IN
281 410 392 480 LOC.
417 410 510 478 le.
537 408 738 477 LXXXVI
766 410 979 483 lelANI.
1054 416 1120 487 163

93 546 137 595 est.
149 532 200 597 llis
219 532 357 621 portium
379 527 580 593 successibus
602 550 705 616 quum
724 528 806 591 nihil
828 531 928 618 magis
949 532 1121 618 obsistere,

92 652 168 715 quam
181 648 282 695 metus
298 630 478 693 italicorum
496 628 695 715 populorum
707 627 881 711 videretur,
898 652 956 712 ne,
970 634 1056 698 Sulla
1072 660 1122 701 re-
1226 638 1231 659 ¹

90 750 146 791 run
160 730 275 816 potito,
294 730 347 809 jus
365 728 501 793 civitatis
520 744 553 791 et
572 726 803 816 suffragiorum
822 752 934 795 recem
951 752 1119 822 acceptum

89 830 266 913 amitterent3
283 831 387 910 Sulla,
404 828 526 909 missis,
542 850 625 915 quos
636 828 724 915 apud
736 852 1001 920 unamquamque
1013 836 1122 901 cirita-

89 942 137 990 tem
148 930 245 994 valere
260 930 360 1019 grstia
378 946 411 993 et
423 928 614 993 auctoritate
626 944 777 1009 noverat,
792 930 896 995 foedus
906 954 982 997 cum
996 936 1035 999 iis
1047 960 1119 1025 per·

86 1031 180 1111 cussit;
196 1046 281 1095 tants
297 1032 361 1110 jam
375 1031 513 1093 fortunse
531 1050 597 1093 sum
618 1027 751 1110 fiducia,
765 1047 820 1110 ut,
838 1054 856 1094 a
872 1034 992 1119 quibus
1010 1036 1117 1103 aditus

86 1130 184 1211 inerat,
204 1132 395 1220 litigatores,
415 1133 553 1193 llomsm
576 1128 707 1193 differre
729 1130 950 1197 vadimonium
971 1136 1117 1219 juberet,

84 1253 246 1319 quanquam
260 1232 339 1295 urbs
353 1231 460 1296 ndhuc
475 1230 614 1295 adverse
630 1232 778 1295 factionis
791 1236 888 1321 annis
903 1238 1084 1305 tenebatur.

116 1332 148 1395 V.
165 1334 290 1416 Quibus
304 1332 400 1397 rebus
411 1354 513 1420 quum
530 1330 730 1395 exulceratus
743 1334 779 1395 C.
791 1334 884 1397 Marii
898 1339 1041 1402 consulis
1049 1342 1118 1404 sni-

83 1454 138 1494 nus
149 1450 243 1514 esset,
264 1431 450 1497 adolescens
468 1446 608 1519 paternae
625 1432 769 1511 sevitie,
787 1434 915 1521 scripsit
930 1437 971 1499 ad
986 1439 1023 1503 L.
1032 1442 1116 1505 Bru·

82 1546 133 1594 rum
146 1534 388 1622 Damasippum,
405 1546 441 1595 ut
450 1529 751 1619 sullanoesoetionis
757 1536 913 1621 principes
925 1539 1117 1620 manaret,-

80 1634 148 1696 relut
162 1636 349 1699 imminente
364 1635 429 1713 jum
450 1633 517 1697 fato
532 1633 567 1694 in
585 1649 788 1696 antecessum
802 1633 963 1698 ultionem
978 1639 1115 1725 rapiens.

81 1732 122 1795 llle
133 1751 320 1799 convocatos
338 1734 370 1796 in
383 1748 547 1813 senatum,
563 1733 655 1819 quasi
670 1731 712 1796 de
725 1733 891 1819 republica
905 1738 1113 1805 consulturus

79 1834 86 1912 ζ
91 1852 244 1919 praeturam
268 1837 357 1899 enim
378 1836 535 1897 urbanam
552 1833 721 1921 gerebat),
743 1837 779 1897 C.
792 1836 973 1900 Carbonem
989 1860 1112 1928 cogno·

37 2008 39 2019 ,
77 1950 165 1999 mento
176 1938 345 2017 minam,
356 1938 462 1999 rimm
472 1934 679 2022 pretorium,
695 1934 838 1998 consulis
846 1935 977 1999 fintrem
989 1956 1115 2025 patrue·

76 2034 137 2115 lem,
152 2053 182 2099 et
198 2038 234 2103 P.
246 2036 423 2114 Antistium
439 2056 587 2099 socerum
601 2037 663 2098 Cn.
675 2034 821 2121 Pompeii
831 2034 866 2097 in
877 2036 967 2099 curis
977 2038 1112 2105 Hostilia

75 2136 229 2203 tmcidsrit.
250 2138 287 2201 L.
298 2136 461 2202 Domitius
475 2136 603 2224 fugiens
618 2136 702 2197 circa
716 2134 803 2199 for'es
822 2135 1036 2224 interemptus
1053 2157 1111 2205 est.

37 2250 38 2257 ¹
73 2232 103 2312 Q.
113 2234 231 2301 Mucius
240 2236 382 2301 Seaerolu
395 2236 540 2324 pontifex
549 2235 1018 2315 maximus,rirleudetissimae
1026 2240 1110 2321 vitae,

72 2332 101 2395 nl
111 2337 300 2402 vestibulum
317 2338 418 2401 Vestro
432 2338 639 2425 confugeram
658 2334 714 2399 sed
734 2334 776 2397 ad
791 2350 861 2399 ens
875 2338 1019 2421 occisus,
1037 2362 1109 2405 san·

71 2436 149 2520 guine
171 2461 231 2503 suo
255 2438 465 2504 simulac-mm
486 2436 653 2523 respersit,
677 2451 715 2498 ut
736 2434 834 2499 inane
854 2457 993 2519 numen,
1018 2456 1051 2504 et
1070 2442 1104 2504 in

71 2549 135 2600 unu
147 2539 275 2603 infamis
287 2538 422 2626 pudoris
432 2557 556 2624 expers,
567 2556 682 2600 cruore
691 2535 804 2598 saltem
813 2534 971 2602 indefensi
981 2539 1106 2607 clientis

71 2637 257 2704 erubesceret.

100 2737 146 2802 vl.
169 2743 194 2804 Α
217 2741 286 2804 suis
310 2737 443 2825 quidem
466 2734 646 2799 cultoribus
667 2735 710 2796 its
731 2749 955 2821 contemptum
976 2755 1042 2812 est,
1065 2759 1103 2806 ut

71 2857 173 2917 percos
194 2841 330 2904 minime
352 2837 492 2917 steterit,
512 2857 579 2922 quo
599 2835 707 2898 minus
728 2836 764 2897 in
784 2836 860 2922 ipsis
883 2840 1101 2924 penetralibus

71 2955 214 3024 nscums,
238 2941 475 3029 sempiternum
497 2935 588 2999 illum
611 2934 781 2999 horrende
801 2935 965 3020 religioms
988 2939 1098 3025 iguem

70 3043 195 3125 unguine
210 3063 274 3106 suo
290 3040 514 3128 restingueret.
530 3037 644 3124 Neque
656 3037 788 3100 satiatus
805 3035 946 3099 oretbbus
962 3055 1097 3124 pretor,

70 3133 90 3196 ni
99 3137 263 3206 ludibrium
280 3141 375 3206 etism
389 3137 568 3203 crudelitati
580 3135 761 3218 adjecisset,
775 3153 928 3200 truncum
940 3139 1096 3206 Carbonis

69 3255 158 3325 corpus
170 3240 320 3330 patibulo
341 3237 490 3320 affixum,
512 3236 750 3325 circumgestan'
768 3236 881 3316 iussin
905 3253 1094 3307 ceteromm

68 3357 170 3428 quoque
191 3363 331 3431 corpora
348 3363 406 3428 per
425 3335 606 3404 carnificem
622 3359 709 3400 uuoo
731 3352 846 3416 tracta,
863 3350 960 3422 etque
974 3339 1008 3402 in
1023 3365 1093 3406 am.

68 3457 119 3502 nen
128 3443 244 3523 abjecta
253 3458 344 3508 sunt.
351 3441 441 3504 Uxor
449 3439 577 3503 Antistii
592 3437 765 3524 Calpurnia
774 3437 884 3500 bestie
895 3437 975 3520 lilia,
987 3463 1092 3528 quum

65 3537 93 3598 dt
106 3566 171 3610 cusu
195 3545 304 3611 mariti
326 3542 542 3633 cognovisset,
568 3538 673 3629 glufflo
696 3539 898 3624 semetipsam
917 3539 1090 3610 interemit.

66 3637 127 3707 llum
141 3646 179 3710 sd
194 3649 288 3712 hunc
301 3643 437 3708 modum
449 3641 556 3722 Italis,
572 3655 750 3726 ceteraque
762 3640 918 3726 Europe,
931 3639 1090 3709 bellorum

87 3843 263 3904 strumen
278 3847 305 3894 in
318 3847 381 3896 ttae.
394 3860 447 3909 esp.
459 3846 505 3902 to,
518 3854 542 3892 st
555 3843 640 3906 Pomp.
653 3840 759 3904 etp-25.
775 3865 809 3876 -
826 3839 878 3886 liv.
890 3839 955 3904 Epit.
973 3867 1008 3878 -
1025 3844 1089 3892 Flor.

64 3923 260 3982 Illac-Oros.
274 3929 373 3978 -Vsl
387 3929 454 3976 Mu.
466 3930 518 3988 lx,
529 3943 598 3976 s.-
608 3925 716 3990 Appius.
729 3951 764 3961 -
775 3923 838 3970 vot
848 3925 889 3982 11,
900 3923 942 3973 26.
952 3927 1088 3975 -Cicnl

65 4007 122 4058 l'tnl
132 4017 180 4074 tx,
194 4031 243 4073 st,
262 4025 288 4061 et
300 4013 331 4060 ds
343 4013 410 4062 Orat.
426 4013 476 4068 lll,
491 4011 514 4060 3.
531 4036 565 4048 ·-
581 4007 684 4057 Diodor.
700 4023 741 4072 sp.
749 4006 803 4054 val.
822 4033 857 4043 —
876 4007 1022 4074 Augustqu
1033 4009 1087 4058 Cir.

65 4085 102 4146 ¹5·
113 4095 157 4152 Ill,
167 4099 207 4144 ²8.
220 4121 255 4133 -
265 4097 355 4142 Lucan.
368 4096 406 4152 ll,
418 4110 443 4139 v.
454 4093 511 4140 ut.

855 4202 912 4247 ll.
