2875 4900
249 357 304 426 IN
331 357 443 426 LOC.
469 357 564 426 LIB.
592 358 764 428 XCVIII
792 357 1009 426 LIVIANI.
1098 355 1165 454 347

116 477 213 540 ·nnllo
225 477 347 542 circum
361 480 531 544 annitente
543 505 553 564 3
569 480 668 544 simul
681 479 788 545 biems
799 479 879 542 mari
893 476 1108 567 prohibebat:
1124 479 1168 543 ita

115 579 194 642 «sine
204 580 233 642 vi
246 580 390 645 bostium
406 582 536 671 regredi
552 599 685 647 coactus
701 583 737 645 in
752 581 894 672 patrium
911 603 1070 671 regnum,
1084 603 1167 644 nau·

112 680 225 769 «fragiis
244 683 332 771 apud
347 684 480 749 Parium
498 701 532 750 et
545 686 751 764 Heracleam,
769 685 910 749 militum
929 685 1072 773 optimos
1090 705 1166 746 cum

112 783 270 849 «cassibus
283 787 385 850 amisi.
944 777 953 804 ⁶

146 885 248 951 LVIII.
271 889 463 953 «Restituto
479 887 599 955 deinde
614 887 702 978 apud
715 888 832 952 Cabira
847 886 1007 968 exercitu,
1022 902 1055 950 et
1070 887 1166 952 variis

110 985 262 1052 «interme
274 1007 373 1078 atque
389 992 565 1056 Lucullum
581 991 716 1079 praeliis,
735 991 845 1078 inopia
858 1011 973 1054 rursus
988 989 1102 1052 ambos
1116 989 1166 1051 in·

109 1092 219 1156 «cessit.
243 1093 293 1158 Illi
311 1095 444 1159 suberat
465 1117 605 1184 regnum
630 1093 858 1162 Ariobarzanis
879 1093 966 1156 bello
984 1092 1163 1170 intactum;

108 1213 191 1279 «ego,
202 1196 329 1259 vastatis
341 1197 466 1262 circum
479 1196 635 1263 omnibus
647 1196 743 1276 loeis,
754 1196 788 1259 in
801 1195 989 1260 Armeniam
1002 1193 1164 1276 concessi3

106 1297 304 1386 ·sequutique
320 1299 461 1363 Romani
476 1321 545 1364 non
563 1321 635 1380 me,
652 1297 711 1362 sed
727 1319 854 1362 morem
870 1320 968 1363 suum
987 1296 1098 1361 omnia
1113 1319 1165 1360 re-

105 1417 178 1480 ‹gna
200 1397 433 1483 subvertendi,
458 1401 535 1489 quia
558 1398 805 1465 multitudinem
833 1399 929 1463 arctis
952 1399 1032 1463 Iocis
1052 1420 1164 1488 pugna

105 1495 324 1581 prohibuere,
339 1500 596 1590 imprudentiam
608 1502 756 1591 Tigranis
768 1523 829 1588 pro
840 1500 974 1565 victoria
986 1515 1163 1564 ostentant.

104 1595 224 1680 «Nunc,
240 1623 370 1688 quaeso,
388 1602 576 1683 considera,
594 1604 689 1667 nobis
706 1603 889 1692 oppressis,
908 1619 1020 1667 utrum
1038 1601 1162 1667 firmio·

104 1718 180 1762 «rem
191 1717 222 1764 te
231 1703 273 1766 ad
287 1705 522 1788 resistendum,
535 1729 576 1770 an
592 1705 689 1771 finem
702 1706 778 1770 belli
791 1707 942 1769 futurum
956 1704 1074 1791 putes?
1087 1704 1162 1768 Scio

102 1800 276 1887 «equidem,
288 1806 349 1869 tibi
359 1829 491 1896 magnas
504 1829 583 1896 opes
593 1808 758 1888 virorum,
770 1828 937 1871 armorum
950 1820 984 1869 et
994 1805 1065 1869 auri
1076 1827 1162 1886 esse3

102 1916 190 1966 ·etea
203 1929 238 1970 re
252 1931 271 1971 a
286 1908 384 1972 nobis
399 1907 441 1972 ad
456 1910 661 1992 societatem,
677 1911 718 1974 ab
736 1910 797 1975 illis
811 1907 1007 1998 adpraedam
1021 1907 1161 1994 peterisq

101 2019 258 2072 materam
277 2011 453 2077 consilium
470 2027 540 2090 est,
554 2012 704 2102 Tigranis
723 2033 827 2101 regno
843 2011 989 2098 integro,
1009 2008 1090 2072 meis
1104 2007 1163 2070 mi·

99 2101 214 2171 «litibus
235 2110 315 2174 belli
333 2110 571 2200 prudentibus,
594 2114 769 2202 proculab
787 2113 908 2192 domo,
932 2133 1034 2201 parvo
1051 2109 1162 2174 labore

100 2225 168 2290 ¹per
182 2228 294 2276 nostra
315 2234 453 2301 corpora
474 2213 599 2280 bellum
615 2213 794 2296 conficere,
810 2213 945 2303 quaudo
964 2232 1071 2301 neque
1087 2212 1161 2276 vin-

98 2328 196 2393 «θεῖε,
211 2309 324 2402 neque
340 2315 426 2378 vinci
442 2316 514 2381 sine
530 2334 591 2381 tuo
609 2317 756 2404 periculo
772 2337 958 2404 possumus.

133 2411 209 2478 IIII.
232 2446 246 2472 κ
259 2418 312 2481 An
326 2418 474 2507 ignoras,
491 2419 677 2500 Romanos,
694 2433 869 2507 postquam
886 2415 928 2482 ad
947 2403 1159 2482 Occidentem

97 2519 316 2604 «pergentibus
340 2519 437 2585 finem
462 2520 614 2585 Oceanus
633 2520 729 2600 fecit,
748 2544 837 2583 arma
855 2520 923 2583 hur.
938 2517 1162 2583 convertisse?

97 2634 210 2703 ¹neque
232 2618 417 2709 quidquam
437 2644 456 2685 a
478 2622 658 2710 principio,
682 2622 745 2685 nisi
767 2638 916 2709 raptum,
936 2620 1077 2701 habere,
1098 2619 1159 2684 do·

96 2738 212 2801 ‘mum,
222 2722 399 2813 conjuges,
412 2742 527 2815 agros,
540 2724 738 2812 imperium?
751 2744 913 2787 convenas
927 2723 1006 2787 olim
1019 2723 1089 2785 sine
1101 2743 1159 2809 pa-

96 2818 182 2901 ·tria,
193 2822 263 2889 sine
275 2825 486 2913 parentibus,
504 2841 596 2912 peste
612 2824 765 2889 conditos
783 2824 872 2888 orbis
888 2822 1072 2889 terrarum?
1087 2824 1160 2910 qui·

55 2960 58 2964 ›
95 2918 247 2991 ¹bus‘non
264 2928 413 2993 humana
425 2929 506 3008 ulla,
522 2950 632 3016 neque
648 2926 757 2992 divina
772 2925 920 3007 obstant,
937 2926 1018 3013 quin
1034 2925 1158 3006 socios,

95 3023 239 3107 ¹uuicos,
250 3029 368 3115 procul
377 3030 535 3117 juxtaque
547 3029 642 3109 sitos,
653 3029 770 3116 inopes
782 3042 999 3117 potentesque
1009 3026 1158 3111 trahant,

94 3125 334 3217 *excidantque3
350 3131 527 3219 omniaque
543 3152 611 3194 non
629 3152 739 3211 serra,
757 3144 790 3193 et
808 3129 947 3191 maxime
963 3150 1080 3217 regne,
1095 3127 1158 3191 ho·

94 3224 185 3289 1stilia
195 3227 330 3296 ducant.
349 3232 501 3321 Namque
514 3232 610 3321 pauci
625 3231 826 3313 libertatem,
838 3252 912 3319 pars
926 3252 1043 3319 magna
1053 3231 1158 3310 justos

93 3322 253 3396 «dominos
276 3333 411 3398 volunt:
430 3356 491 3399 nos
510 3334 652 3422 suspecti
674 3355 808 3414 sumus,
827 3333 956 3413 aemuli,
973 3332 1057 3396 etin
1074 3346 1157 3395 tem·
1253 3420 1256 3427 Ι

93 3446 183 3512 *pore
200 3432 347 3498 vindices
365 3434 512 3501 affuturi.
531 3435 585 3499 Tu
600 3458 694 3518 vero,
710 3436 765 3502 cui
782 3434 927 3501 Seleucia
942 3434 1081 3499 maxima
1098 3458 1157 3499 ur·

92 3524 195 3595 ·bium
206 3555 417 3623 regnumque
427 3535 569 3601 Persidis
579 3536 709 3625 inclytis
722 3536 840 3601 divitiis
855 3554 922 3619 est,
934 3536 1015 3625 quid
1027 3536 1068 3602 ab
1080 3538 1158 3619 illis,

92 3629 166 3694 misi
177 3632 292 3700 dolum
307 3636 341 3701 in
357 3660 518 3726 presens,
535 3654 570 3702 et
584 3654 696 3728 postea
714 3639 839 3703 bellum
857 3638 1045 3728 exspectas?

127 3730 191 3799 LX.
208 3738 372 3807 :Romani
393 3740 428 3803 in
450 3763 565 3805 omnes
587 3764 675 3805 arma
697 3740 837 3824 habent;
860 3741 1013 3805 acerrima
1028 3742 1062 3804 in
1080 3762 1157 3824 eos,

91 3834 222 3917 ‘quibus
236 3839 330 3905 victis
348 3842 451 3930 spolia
473 3842 612 3907 maxima
635 3860 724 3909 sunt.
746 3843 929 3926 Audendo,
947 3860 980 3907 et
995 3842 1155 3925 fallendo,

90 3948 138 3995 «et
151 3934 233 4003 bella
253 3964 293 4005 ex
313 3943 405 4008 bellis
427 3944 567 4009 serendo
592 3946 702 4035 magni
722 3946 816 4025 facti,
837 3969 897 4035 per
915 3946 1005 4009 hunc
1028 3967 1154 4011 morem

91 4038 309 4130 *exstinguent
326 4045 455 4126 omnia,
473 4062 531 4111 aut
547 4046 719 4112 occident:
741 4046 830 4135 quod
849 4046 982 4112 difficile
1004 4068 1070 4110 non
1088 4062 1156 4127 est,

92 4135 133 4201 esi
148 4154 184 4204 tu
198 4140 453 4242 Mesopotamia„
473 4171 533 4213 nos
551 4150 702 4218 Armenia
719 4147 1012 4239 circumgredimur
1032 4148 1155 4211 exercit
