<?xml version="1.0" encoding="UTF-8"?>
<!DOCTYPE html PUBLIC "-//W3C//DTD XHTML 1.0 Transitional//EN"
    "http://www.w3.org/TR/xhtml1/DTD/xhtml1-transitional.dtd">
<html xmlns="http://www.w3.org/1999/xhtml" xml:lang="en" lang="en">
 <head>
  <title>
</title>
<meta http-equiv="Content-Type" content="text/html;charset=utf-8" />
  <meta name='ocr-system' content='tesseract 3.04.00' />
  <meta name='ocr-capabilities' content='ocr_page ocr_carea ocr_par ocr_line ocrx_word'/>
</head>
<body>
  <div class='ocr_page' id='page_1' title='image "bibliothecaclas116lemagoog_0478.png"; bbox 0 0 2875 4900; ppageno 0'>
   <div class='ocr_carea' id='block_1_1' title="bbox 284 375 1354 3843">
    <p class='ocr_par' dir='ltr' id='par_1_1' title="bbox 284 375 1354 3843">
     <span class='ocr_line' id='line_1_1' title="bbox 288 375 1178 465; baseline -0.006 -17"><span class='ocrx_word' id='word_1_1' title='bbox 288 376 359 465; x_wconf 65' lang='lat'><strong>[⁸68</strong></span> <span class='ocrx_word' id='word_1_2' title='bbox 466 382 485 446; x_wconf 86' lang='lat' dir='ltr'>J</span> <span class='ocrx_word' id='word_1_3' title='bbox 491 380 537 446; x_wconf 90' lang='grc' dir='ltr'><strong>Ο.</strong></span> <span class='ocrx_word' id='word_1_4' title='bbox 563 380 589 445; x_wconf 89' lang='lat' dir='ltr'>F</span> <span class='ocrx_word' id='word_1_5' title='bbox 594 377 717 446; x_wconf 83' lang='lat' dir='ltr'><strong>REIN</strong></span> <span class='ocrx_word' id='word_1_6' title='bbox 723 376 902 445; x_wconf 83' lang='lat' dir='ltr'><strong>SHEMII</strong></span> <span class='ocrx_word' id='word_1_7' title='bbox 933 375 1178 445; x_wconf 87' lang='lat' dir='ltr'><strong>SUPPLEM.</strong></span> 
     </span>
     <span class='ocr_line' id='line_1_2' title="bbox 286 496 1342 592; baseline -0.007 -26"><span class='ocrx_word' id='word_1_8' title='bbox 286 525 367 592; x_wconf 88' lang='lat' dir='ltr'><strong>pore</strong></span> <span class='ocrx_word' id='word_1_9' title='bbox 375 499 588 588; x_wconf 82' lang='lat' dir='ltr'>propinquis,</span> <span class='ocrx_word' id='word_1_10' title='bbox 599 498 738 563; x_wconf 79' lang='lat' dir='ltr'><strong>maxime</strong></span> <span class='ocrx_word' id='word_1_11' title='bbox 750 497 958 577; x_wconf 88' lang='lat' dir='ltr'><strong>mulieribus,</strong></span> <span class='ocrx_word' id='word_1_12' title='bbox 969 519 1042 583; x_wconf 85' lang='lat' dir='ltr'><strong>quae</strong></span> <span class='ocrx_word' id='word_1_13' title='bbox 1051 496 1248 583; x_wconf 76' lang='lat' dir='ltr'><strong>repudiatam</strong></span> <span class='ocrx_word' id='word_1_14' title='bbox 1257 496 1342 559; x_wconf 87' lang='lat' dir='ltr'><strong>Potn-</strong></span> 
     </span>
     <span class='ocr_line' id='line_1_3' title="bbox 287 597 1341 693; baseline -0.007 -25"><span class='ocrx_word' id='word_1_15' title='bbox 287 604 353 693; x_wconf 90' lang='lat' dir='ltr'><strong>peii</strong></span> <span class='ocrx_word' id='word_1_16' title='bbox 377 598 568 665; x_wconf 87' lang='lat' dir='ltr'><strong>affinitatem</strong></span> <span class='ocrx_word' id='word_1_17' title='bbox 591 622 675 689; x_wconf 81' lang='lat' dir='ltr'><strong>aegre</strong></span> <span class='ocrx_word' id='word_1_18' title='bbox 696 599 860 679; x_wconf 89' lang='lat' dir='ltr'><strong>tulerant,</strong></span> <span class='ocrx_word' id='word_1_19' title='bbox 879 597 1221 688; x_wconf 74' lang='lat' dir='ltr'><strong>probavitconsilium</strong></span> <span class='ocrx_word' id='word_1_20' title='bbox 1238 620 1341 677; x_wconf 89' lang='lat' dir='ltr'><strong>suum;</strong></span> 
     </span>
     <span class='ocr_line' id='line_1_4' title="bbox 287 698 1342 791; baseline -0.006 -22"><span class='ocrx_word' id='word_1_21' title='bbox 287 700 514 791; x_wconf 85' lang='lat' dir='ltr'><strong>ostenditque,</strong></span> <span class='ocrx_word' id='word_1_22' title='bbox 526 700 680 790; x_wconf 77' lang='lat' dir='ltr'><strong>siquidem</strong></span> <span class='ocrx_word' id='word_1_23' title='bbox 692 716 823 790; x_wconf 82' lang='lat' dir='ltr'><strong>accepta</strong></span> <span class='ocrx_word' id='word_1_24' title='bbox 839 700 977 765; x_wconf 67' lang='lat' dir='ltr'><strong>condeio</strong></span> <span class='ocrx_word' id='word_1_25' title='bbox 983 698 1094 787; x_wconf 84' lang='lat' dir='ltr'><strong>foret,</strong></span> <span class='ocrx_word' id='word_1_26' title='bbox 1108 724 1192 764; x_wconf 83' lang='lat' dir='ltr'><strong>nunc</strong></span> <span class='ocrx_word' id='word_1_27' title='bbox 1205 701 1273 789; x_wconf 83' lang='lat' dir='ltr'><strong>ipsis</strong></span> <span class='ocrx_word' id='word_1_28' title='bbox 1287 722 1342 763; x_wconf 81' lang='lat' dir='ltr'><strong>una</strong></span> 
     </span>
     <span class='ocr_line' id='line_1_5' title="bbox 285 800 1345 893; baseline -0.006 -21"><span class='ocrx_word' id='word_1_29' title='bbox 285 804 480 873; x_wconf 81' lang='lat' dir='ltr'><strong>subeundam</strong></span> <span class='ocrx_word' id='word_1_30' title='bbox 477 802 584 893; x_wconf 81' lang='lat' dir='ltr'><strong>fuisse</strong></span> <span class='ocrx_word' id='word_1_31' title='bbox 593 818 694 869; x_wconf 80' lang='lat' dir='ltr'><strong>tamoe</strong></span> <span class='ocrx_word' id='word_1_32' title='bbox 702 803 906 892; x_wconf 80' lang='lat' dir='ltr'><strong>turpitudinis</strong></span> <span class='ocrx_word' id='word_1_33' title='bbox 917 800 1087 891; x_wconf 74' lang='lat' dir='ltr'><strong>infammm</strong></span> <span class='ocrx_word' id='word_1_34' title='bbox 1093 826 1107 883; x_wconf 87' lang='lat'><strong>,·</strong></span> <span class='ocrx_word' id='word_1_35' title='bbox 1119 802 1224 891; x_wconf 91' lang='lat' dir='ltr'><strong>quod,</strong></span> <span class='ocrx_word' id='word_1_36' title='bbox 1237 803 1270 867; x_wconf 92' lang='lat' dir='ltr'><strong>in</strong></span> <span class='ocrx_word' id='word_1_37' title='bbox 1282 804 1345 867; x_wconf 77' lang='lat' dir='ltr'><strong>hor</strong></span> 
     </span>
     <span class='ocr_line' id='line_1_6' title="bbox 285 904 1345 996; baseline -0.008 -20"><span class='ocrx_word' id='word_1_38' title='bbox 285 912 327 976; x_wconf 90' lang='lat' dir='ltr'><strong>tis</strong></span> <span class='ocrx_word' id='word_1_39' title='bbox 344 908 493 996; x_wconf 88' lang='lat' dir='ltr'><strong>Pompeii</strong></span> <span class='ocrx_word' id='word_1_40' title='bbox 509 904 610 971; x_wconf 82' lang='lat' dir='ltr'><strong>dividi</strong></span> <span class='ocrx_word' id='word_1_41' title='bbox 626 906 817 993; x_wconf 81' lang='lat' dir='ltr'><strong>pecuniam,</strong></span> <span class='ocrx_word' id='word_1_42' title='bbox 834 906 950 970; x_wconf 88' lang='lat' dir='ltr'><strong>crebro</strong></span> <span class='ocrx_word' id='word_1_43' title='bbox 966 905 1055 994; x_wconf 86' lang='lat' dir='ltr'><strong>vtdgi</strong></span> <span class='ocrx_word' id='word_1_44' title='bbox 1075 928 1208 969; x_wconf 89' lang='lat' dir='ltr'><strong>rumore</strong></span> <span class='ocrx_word' id='word_1_45' title='bbox 1220 904 1345 983; x_wconf 85' lang='lat' dir='ltr'><strong>jactaba·</strong></span> 
     </span>
     <span class='ocr_line' id='line_1_7' title="bbox 286 1007 1344 1095; baseline -0.009 -18"><span class='ocrx_word' id='word_1_46' title='bbox 286 1030 350 1077; x_wconf 91' lang='lat' dir='ltr'><strong>tur.</strong></span> <span class='ocrx_word' id='word_1_47' title='bbox 364 1012 557 1075; x_wconf 82' lang='lat' dir='ltr'><strong>Ciceronem</strong></span> <span class='ocrx_word' id='word_1_48' title='bbox 569 1030 703 1095; x_wconf 90' lang='lat' dir='ltr'><strong>quoque</strong></span> <span class='ocrx_word' id='word_1_49' title='bbox 714 1007 903 1089; x_wconf 88' lang='lat' dir='ltr'><strong>mordebat,</strong></span> <span class='ocrx_word' id='word_1_50' title='bbox 920 1008 954 1070; x_wconf 93' lang='lat' dir='ltr'><strong>in</strong></span> <span class='ocrx_word' id='word_1_51' title='bbox 966 1007 1090 1072; x_wconf 83' lang='lat' dir='ltr'><strong>Afranii</strong></span> <span class='ocrx_word' id='word_1_52' title='bbox 1102 1008 1228 1071; x_wconf 86' lang='lat' dir='ltr'>honore</span> <span class='ocrx_word' id='word_1_53' title='bbox 1239 1028 1344 1071; x_wconf 89' lang='lat' dir='ltr'><strong>consu·</strong></span> 
     </span>
     <span class='ocr_line' id='line_1_8' title="bbox 284 1108 1344 1198; baseline -0.009 -19"><span class='ocrx_word' id='word_1_54' title='bbox 284 1115 386 1179; x_wconf 85' lang='lat' dir='ltr'><strong>latum</strong></span> <span class='ocrx_word' id='word_1_55' title='bbox 405 1133 503 1175; x_wconf 86' lang='lat' dir='ltr'><strong>suurn</strong></span> <span class='ocrx_word' id='word_1_56' title='bbox 517 1108 676 1198; x_wconf 80' lang='lat' dir='ltr'><strong>sugillari3</strong></span> <span class='ocrx_word' id='word_1_57' title='bbox 692 1132 792 1197; x_wconf 90' lang='lat' dir='ltr'><strong>quem</strong></span> <span class='ocrx_word' id='word_1_58' title='bbox 809 1108 1049 1197; x_wconf 82' lang='lat' dir='ltr'><strong>magistratum,</strong></span> <span class='ocrx_word' id='word_1_59' title='bbox 1063 1109 1152 1172; x_wconf 83' lang='lat' dir='ltr'><strong>velut</strong></span> <span class='ocrx_word' id='word_1_60' title='bbox 1165 1124 1344 1197; x_wconf 85' lang='lat' dir='ltr'><strong>usucaptum</strong></span> 
     </span>
     <span class='ocr_line' id='line_1_9' title="bbox 284 1209 1345 1299; baseline -0.008 -19"><span class='ocrx_word' id='word_1_61' title='bbox 284 1240 305 1280; x_wconf 87' lang='lat' dir='ltr'><strong>a</strong></span> <span class='ocrx_word' id='word_1_62' title='bbox 320 1214 502 1294; x_wconf 88' lang='lat' dir='ltr'><strong>nobilibus,</strong></span> <span class='ocrx_word' id='word_1_63' title='bbox 519 1210 588 1275; x_wconf 91' lang='lat' dir='ltr'><strong>duo</strong></span> <span class='ocrx_word' id='word_1_64' title='bbox 603 1210 680 1275; x_wconf 85' lang='lat' dir='ltr'><strong>nori</strong></span> <span class='ocrx_word' id='word_1_65' title='bbox 696 1211 847 1275; x_wconf 89' lang='lat' dir='ltr'><strong>homines</strong></span> <span class='ocrx_word' id='word_1_66' title='bbox 863 1210 1052 1299; x_wconf 79' lang='lat' dir='ltr'>Arpinates,</span> <span class='ocrx_word' id='word_1_67' title='bbox 1067 1213 1103 1275; x_wconf 90' lang='lat' dir='ltr'><strong>C.</strong></span> <span class='ocrx_word' id='word_1_68' title='bbox 1121 1212 1243 1275; x_wconf 87' lang='lat' dir='ltr'><strong>Marius</strong></span> <span class='ocrx_word' id='word_1_69' title='bbox 1257 1209 1345 1275; x_wconf 82' lang='lat' dir='ltr'><strong>excel·</strong></span> 
     </span>
     <span class='ocr_line' id='line_1_10' title="bbox 286 1312 1345 1403; baseline -0.007 -22"><span class='ocrx_word' id='word_1_70' title='bbox 286 1319 373 1381; x_wconf 90' lang='lat' dir='ltr'><strong>lente</strong></span> <span class='ocrx_word' id='word_1_71' title='bbox 392 1314 468 1379; x_wconf 91' lang='lat' dir='ltr'><strong>belli</strong></span> <span class='ocrx_word' id='word_1_72' title='bbox 484 1312 603 1403; x_wconf 87' lang='lat' dir='ltr'><strong>gloria,</strong></span> <span class='ocrx_word' id='word_1_73' title='bbox 622 1312 669 1376; x_wconf 89' lang='grc' dir='ltr'><strong>Μ.</strong></span> <span class='ocrx_word' id='word_1_74' title='bbox 695 1313 811 1377; x_wconf 89' lang='lat' dir='ltr'><strong>Cicero</strong></span> <span class='ocrx_word' id='word_1_75' title='bbox 828 1312 916 1401; x_wconf 84' lang='lat' dir='ltr'>pacis</span> <span class='ocrx_word' id='word_1_76' title='bbox 934 1312 1075 1393; x_wconf 90' lang='lat' dir='ltr'><strong>artibus,</strong></span> <span class='ocrx_word' id='word_1_77' title='bbox 1095 1312 1287 1375; x_wconf 84' lang='lat' dir='ltr'><strong>memissent</strong></span> <span class='ocrx_word' id='word_1_78' title='bbox 1299 1335 1307 1375; x_wconf 93' lang='lat'><strong>:</strong></span> <span class='ocrx_word' id='word_1_79' title='bbox 1320 1326 1345 1373; x_wconf 86' lang='lat' dir='ltr'><strong>at</strong></span> 
     </span>
     <span class='ocr_line' id='line_1_11' title="bbox 285 1414 1281 1503; baseline -0.005 -20"><span class='ocrx_word' id='word_1_80' title='bbox 285 1416 458 1483; x_wconf 82' lang='lat' dir='ltr'><strong>Afranium</strong></span> <span class='ocrx_word' id='word_1_81' title='bbox 474 1430 594 1479; x_wconf 91' lang='lat' dir='ltr'><strong>neutro</strong></span> <span class='ocrx_word' id='word_1_82' title='bbox 610 1430 816 1503; x_wconf 75' lang='lat' dir='ltr'><strong>praestantem</strong></span> <span class='ocrx_word' id='word_1_83' title='bbox 833 1416 952 1502; x_wconf 84' lang='lat' dir='ltr'><strong>aequari</strong></span> <span class='ocrx_word' id='word_1_84' title='bbox 970 1414 1032 1478; x_wconf 89' lang='lat' dir='ltr'><strong>sibi</strong></span> <span class='ocrx_word' id='word_1_85' title='bbox 1050 1436 1133 1503; x_wconf 82' lang='lat' dir='ltr'><strong>aegre</strong></span> <span class='ocrx_word' id='word_1_86' title='bbox 1148 1414 1281 1478; x_wconf 83' lang='lat' dir='ltr'><strong>ferebat.</strong></span> 
     </span>
     <span class='ocr_line' id='line_1_12' title="bbox 329 1515 1345 1605; baseline -0.006 -22"><span class='ocrx_word' id='word_1_87' title='bbox 329 1518 432 1583; x_wconf 84' lang='lat' dir='ltr'><strong>XLII.</strong></span> <span class='ocrx_word' id='word_1_88' title='bbox 455 1515 520 1581; x_wconf 91' lang='lat' dir='ltr'><strong>Sed</strong></span> <span class='ocrx_word' id='word_1_89' title='bbox 538 1516 648 1604; x_wconf 91' lang='lat' dir='ltr'><strong>potior</strong></span> <span class='ocrx_word' id='word_1_90' title='bbox 664 1516 716 1579; x_wconf 86' lang='lat' dir='ltr'><strong>his</strong></span> <span class='ocrx_word' id='word_1_91' title='bbox 739 1516 894 1581; x_wconf 89' lang='lat' dir='ltr'><strong>omnibus</strong></span> <span class='ocrx_word' id='word_1_92' title='bbox 910 1516 1067 1605; x_wconf 91' lang='lat' dir='ltr'><strong>pecunia,</strong></span> <span class='ocrx_word' id='word_1_93' title='bbox 1091 1518 1259 1597; x_wconf 86' lang='lat' dir='ltr'><strong>consules,</strong></span> <span class='ocrx_word' id='word_1_94' title='bbox 1277 1535 1345 1602; x_wconf 84' lang='lat' dir='ltr'><strong>quos</strong></span> 
     </span>
     <span class='ocr_line' id='line_1_13' title="bbox 284 1618 1345 1709; baseline -0.004 -24"><span class='ocrx_word' id='word_1_95' title='bbox 284 1620 414 1685; x_wconf 84' lang='lat' dir='ltr'><strong>volebat</strong></span> <span class='ocrx_word' id='word_1_96' title='bbox 445 1619 645 1705; x_wconf 88' lang='lat' dir='ltr'><strong>Pompeius,</strong></span> <span class='ocrx_word' id='word_1_97' title='bbox 676 1618 880 1709; x_wconf 83' lang='lat' dir='ltr'><strong>designavit,</strong></span> <span class='ocrx_word' id='word_1_98' title='bbox 913 1620 954 1701; x_wconf 88' lang='lat' dir='ltr'><strong>Q.</strong></span> <span class='ocrx_word' id='word_1_99' title='bbox 987 1619 1156 1683; x_wconf 88' lang='lat' dir='ltr'><strong>Metellum</strong></span> <span class='ocrx_word' id='word_1_100' title='bbox 1193 1620 1345 1695; x_wconf 84' lang='lat' dir='ltr'><strong>Celerem,</strong></span> 
     </span>
     <span class='ocr_line' id='line_1_14' title="bbox 284 1718 1346 1808; baseline -0.004 -22"><span class='ocrx_word' id='word_1_101' title='bbox 284 1724 320 1787; x_wconf 89' lang='lat' dir='ltr'><strong>L.</strong></span> <span class='ocrx_word' id='word_1_102' title='bbox 343 1722 524 1786; x_wconf 76' lang='lat' dir='ltr'><strong>AfranIum.</strong></span> <span class='ocrx_word' id='word_1_103' title='bbox 544 1722 704 1785; x_wconf 83' lang='lat' dir='ltr'><strong>Censores</strong></span> <span class='ocrx_word' id='word_1_104' title='bbox 727 1744 767 1785; x_wconf 89' lang='lat' dir='ltr'><strong>eo</strong></span> <span class='ocrx_word' id='word_1_105' title='bbox 786 1743 875 1784; x_wconf 88' lang='lat' dir='ltr'><strong>anno</strong></span> <span class='ocrx_word' id='word_1_106' title='bbox 892 1721 1025 1808; x_wconf 85' lang='lat' dir='ltr'><strong>quinam</strong></span> <span class='ocrx_word' id='word_1_107' title='bbox 1048 1721 1189 1802; x_wconf 81' lang='lat' dir='ltr'><strong>fuerint,</strong></span> <span class='ocrx_word' id='word_1_108' title='bbox 1207 1720 1293 1786; x_wconf 92' lang='lat' dir='ltr'><strong>haud</strong></span> <span class='ocrx_word' id='word_1_109' title='bbox 1306 1718 1346 1782; x_wconf 85' lang='lat' dir='ltr'><strong>di·</strong></span> 
     </span>
     <span class='ocr_line' id='line_1_15' title="bbox 285 1824 1346 1907; baseline -0.004 -19"><span class='ocrx_word' id='word_1_110' title='bbox 285 1825 406 1907; x_wconf 80' lang='lat' dir='ltr'><strong>xerim3</strong></span> <span class='ocrx_word' id='word_1_111' title='bbox 425 1824 526 1887; x_wconf 83' lang='lat' dir='ltr'><strong>luisse</strong></span> <span class='ocrx_word' id='word_1_112' title='bbox 549 1840 676 1887; x_wconf 89' lang='lat' dir='ltr'><strong>certum</strong></span> <span class='ocrx_word' id='word_1_113' title='bbox 701 1839 769 1887; x_wconf 91' lang='lat' dir='ltr'><strong>est:</strong></span> <span class='ocrx_word' id='word_1_114' title='bbox 794 1839 926 1888; x_wconf 89' lang='lat' dir='ltr'><strong>namet</strong></span> <span class='ocrx_word' id='word_1_115' title='bbox 949 1839 1081 1889; x_wconf 87' lang='lat' dir='ltr'><strong>senatus</strong></span> <span class='ocrx_word' id='word_1_116' title='bbox 1098 1825 1276 1889; x_wconf 86' lang='lat' dir='ltr'><strong>recensitus</strong></span> <span class='ocrx_word' id='word_1_117' title='bbox 1291 1838 1346 1899; x_wconf 85' lang='lat' dir='ltr'><strong>est,</strong></span> 
     </span>
     <span class='ocr_line' id='line_1_16' title="bbox 285 1924 1346 2017; baseline -0.003 -26"><span class='ocrx_word' id='word_1_118' title='bbox 285 1927 381 1991; x_wconf 90' lang='lat' dir='ltr'><strong>solito</strong></span> <span class='ocrx_word' id='word_1_119' title='bbox 403 1925 536 2014; x_wconf 91' lang='lat' dir='ltr'><strong>quidem</strong></span> <span class='ocrx_word' id='word_1_120' title='bbox 558 1925 784 2007; x_wconf 86' lang='lat' dir='ltr'><strong>numerosior,</strong></span> <span class='ocrx_word' id='word_1_121' title='bbox 805 1924 896 2013; x_wconf 91' lang='lat' dir='ltr'><strong>quod</strong></span> <span class='ocrx_word' id='word_1_122' title='bbox 914 1948 1047 2001; x_wconf 89' lang='lat' dir='ltr'><strong>omnes,</strong></span> <span class='ocrx_word' id='word_1_123' title='bbox 1064 1927 1121 2013; x_wconf 90' lang='lat' dir='ltr'><strong>qui</strong></span> <span class='ocrx_word' id='word_1_124' title='bbox 1138 1928 1346 2017; x_wconf 84' lang='lat' dir='ltr'><strong>magistratum</strong></span> 
     </span>
     <span class='ocr_line' id='line_1_17' title="bbox 284 2026 1347 2118; baseline -0.007 -25"><span class='ocrx_word' id='word_1_125' title='bbox 284 2027 485 2118; x_wconf 83' lang='lat' dir='ltr'><strong>quaudoque</strong></span> <span class='ocrx_word' id='word_1_126' title='bbox 512 2026 704 2116; x_wconf 86' lang='lat' dir='ltr'><strong>gessissent,</strong></span> <span class='ocrx_word' id='word_1_127' title='bbox 725 2026 830 2091; x_wconf 84' lang='lat' dir='ltr'><strong>allecti</strong></span> <span class='ocrx_word' id='word_1_128' title='bbox 854 2043 966 2108; x_wconf 88' lang='lat' dir='ltr'><strong>erant;</strong></span> <span class='ocrx_word' id='word_1_129' title='bbox 985 2042 1018 2090; x_wconf 89' lang='lat' dir='ltr'><strong>et</strong></span> <span class='ocrx_word' id='word_1_130' title='bbox 1034 2028 1201 2117; x_wconf 84' lang='lat' dir='ltr'><strong>vectigalia</strong></span> <span class='ocrx_word' id='word_1_131' title='bbox 1225 2030 1347 2093; x_wconf 79' lang='lat' dir='ltr'><strong>locatas</strong></span> 
     </span>
     <span class='ocr_line' id='line_1_18' title="bbox 285 2129 1348 2216; baseline -0.006 -20"><span class='ocrx_word' id='word_1_132' title='bbox 285 2129 487 2195; x_wconf 87' lang='lat' dir='ltr'><strong>censoribus.</strong></span> <span class='ocrx_word' id='word_1_133' title='bbox 511 2130 666 2192; x_wconf 82' lang='lat' dir='ltr'><strong>Lustrum</strong></span> <span class='ocrx_word' id='word_1_134' title='bbox 689 2150 798 2215; x_wconf 89' lang='lat' dir='ltr'><strong>neque</strong></span> <span class='ocrx_word' id='word_1_135' title='bbox 823 2144 913 2208; x_wconf 90' lang='lat' dir='ltr'><strong>tum,</strong></span> <span class='ocrx_word' id='word_1_136' title='bbox 933 2150 1041 2216; x_wconf 90' lang='lat' dir='ltr'><strong>neque</strong></span> <span class='ocrx_word' id='word_1_137' title='bbox 1063 2144 1137 2216; x_wconf 88' lang='lat' dir='ltr'><strong>post</strong></span> <span class='ocrx_word' id='word_1_138' title='bbox 1161 2131 1225 2193; x_wconf 91' lang='lat' dir='ltr'><strong>Cn.</strong></span> <span class='ocrx_word' id='word_1_139' title='bbox 1241 2130 1348 2193; x_wconf 90' lang='lat' dir='ltr'><strong>Lentu·</strong></span> 
     </span>
     <span class='ocr_line' id='line_1_19' title="bbox 285 2216 1349 2320; baseline -0.004 -23"><span class='ocrx_word' id='word_1_140' title='bbox 285 2234 375 2315; x_wconf 87' lang='lat' dir='ltr'><strong>lum,</strong></span> <span class='ocrx_word' id='word_1_141' title='bbox 391 2233 427 2297; x_wconf 88' lang='lat' dir='ltr'><strong>L.</strong></span> <span class='ocrx_word' id='word_1_142' title='bbox 443 2230 584 2297; x_wconf 90' lang='lat' dir='ltr'><strong>Gellium</strong></span> <span class='ocrx_word' id='word_1_143' title='bbox 602 2252 754 2294; x_wconf 89' lang='lat' dir='ltr'><strong>censores</strong></span> <span class='ocrx_word' id='word_1_144' title='bbox 771 2230 974 2311; x_wconf 83' lang='lat' dir='ltr'><strong>factumest,</strong></span> <span class='ocrx_word' id='word_1_145' title='bbox 991 2228 1097 2293; x_wconf 88' lang='lat' dir='ltr'><strong>donec</strong></span> <span class='ocrx_word' id='word_1_146' title='bbox 1113 2216 1280 2320; x_wconf 67' lang='lat' dir='ltr'><strong>Augustus</strong></span> <span class='ocrx_word' id='word_1_147' title='bbox 1292 2250 1349 2293; x_wconf 84' lang='lat' dir='ltr'><strong>sex·</strong></span> 
     </span>
     <span class='ocr_line' id='line_1_20' title="bbox 286 2329 1348 2399; baseline -0.007 -1"><span class='ocrx_word' id='word_1_148' title='bbox 286 2351 359 2398; x_wconf 87' lang='lat' dir='ltr'><strong>turn</strong></span> <span class='ocrx_word' id='word_1_149' title='bbox 385 2333 500 2399; x_wconf 91' lang='lat' dir='ltr'><strong>consul</strong></span> <span class='ocrx_word' id='word_1_150' title='bbox 521 2331 607 2395; x_wconf 88' lang='lat' dir='ltr'><strong>fecit.</strong></span> <span class='ocrx_word' id='word_1_151' title='bbox 629 2330 755 2394; x_wconf 86' lang='lat' dir='ltr'><strong>Eodem</strong></span> <span class='ocrx_word' id='word_1_152' title='bbox 774 2353 863 2394; x_wconf 88' lang='lat' dir='ltr'><strong>anno</strong></span> <span class='ocrx_word' id='word_1_153' title='bbox 882 2332 918 2395; x_wconf 94' lang='lat' dir='ltr'><strong>L.</strong></span> <span class='ocrx_word' id='word_1_154' title='bbox 939 2331 1103 2395; x_wconf 90' lang='lat' dir='ltr'><strong>Domitius</strong></span> <span class='ocrx_word' id='word_1_155' title='bbox 1125 2329 1348 2397; x_wconf 84' lang='lat' dir='ltr'><strong>Ahenobarbus</strong></span> 
     </span>
     <span class='ocr_line' id='line_1_21' title="bbox 285 2429 1350 2514; baseline -0.005 -15"><span class='ocrx_word' id='word_1_156' title='bbox 285 2434 386 2500; x_wconf 83' lang='lat' dir='ltr'><strong>aedilis</strong></span> <span class='ocrx_word' id='word_1_157' title='bbox 403 2434 526 2499; x_wconf 91' lang='lat' dir='ltr'><strong>curulis</strong></span> <span class='ocrx_word' id='word_1_158' title='bbox 545 2455 638 2497; x_wconf 92' lang='lat' dir='ltr'><strong>ursos</strong></span> <span class='ocrx_word' id='word_1_159' title='bbox 656 2429 841 2497; x_wconf 87' lang='lat' dir='ltr'><strong>numidicos</strong></span> <span class='ocrx_word' id='word_1_160' title='bbox 864 2450 1017 2514; x_wconf 88' lang='lat' dir='ltr'><strong>centum,</strong></span> <span class='ocrx_word' id='word_1_161' title='bbox 1042 2451 1074 2497; x_wconf 92' lang='lat' dir='ltr'><strong>et</strong></span> <span class='ocrx_word' id='word_1_162' title='bbox 1095 2433 1235 2499; x_wconf 89' lang='lat' dir='ltr'><strong>totidem</strong></span> <span class='ocrx_word' id='word_1_163' title='bbox 1252 2432 1350 2498; x_wconf 77' lang='lat' dir='ltr'><strong>ethio·</strong></span> 
     </span>
     <span class='ocr_line' id='line_1_22' title="bbox 286 2532 1261 2624; baseline 0.002 -25"><span class='ocrx_word' id='word_1_164' title='bbox 286 2557 343 2624; x_wconf 89' lang='lat' dir='ltr'><strong>pas</strong></span> <span class='ocrx_word' id='word_1_165' title='bbox 358 2550 529 2598; x_wconf 83' lang='lat' dir='ltr'><strong>venatores</strong></span> <span class='ocrx_word' id='word_1_166' title='bbox 547 2534 581 2597; x_wconf 92' lang='lat' dir='ltr'><strong>in</strong></span> <span class='ocrx_word' id='word_1_167' title='bbox 597 2533 685 2597; x_wconf 88' lang='lat' dir='ltr'><strong>circo</strong></span> <span class='ocrx_word' id='word_1_168' title='bbox 700 2532 808 2616; x_wconf 82' lang='lat' dir='ltr'><strong>dedit,</strong></span> <span class='ocrx_word' id='word_1_169' title='bbox 827 2557 855 2597; x_wconf 92' lang='lat' dir='ltr'><strong>a.</strong></span> <span class='ocrx_word' id='word_1_170' title='bbox 876 2533 909 2598; x_wconf 90' lang='lat' dir='ltr'><strong>d.</strong></span> <span class='ocrx_word' id='word_1_171' title='bbox 927 2534 1006 2598; x_wconf 84' lang='lat' dir='ltr'><strong>XIV</strong></span> <span class='ocrx_word' id='word_1_172' title='bbox 1022 2533 1082 2598; x_wconf 88' lang='lat' dir='ltr'><strong>kal.</strong></span> <span class='ocrx_word' id='word_1_173' title='bbox 1098 2537 1261 2602; x_wconf 73' lang='lat' dir='ltr'><strong>octobres.</strong></span> 
     </span>
     <span class='ocr_line' id='line_1_23' title="bbox 330 2634 1349 2722; baseline -0.005 -22"><span class='ocrx_word' id='word_1_174' title='bbox 330 2637 449 2700; x_wconf 86' lang='lat' dir='ltr'><strong>XLIII.</strong></span> <span class='ocrx_word' id='word_1_175' title='bbox 475 2637 530 2699; x_wconf 91' lang='lat' dir='ltr'><strong>Sic</strong></span> <span class='ocrx_word' id='word_1_176' title='bbox 553 2635 686 2722; x_wconf 86' lang='lat' dir='ltr'><strong>quidem</strong></span> <span class='ocrx_word' id='word_1_177' title='bbox 708 2636 744 2698; x_wconf 89' lang='lat' dir='ltr'><strong>in</strong></span> <span class='ocrx_word' id='word_1_178' title='bbox 768 2634 938 2699; x_wconf 87' lang='lat' dir='ltr'><strong>annalibus</strong></span> <span class='ocrx_word' id='word_1_179' title='bbox 963 2650 1182 2700; x_wconf 84' lang='lat' dir='ltr'><strong>annotatum:</strong></span> <span class='ocrx_word' id='word_1_180' title='bbox 1207 2653 1240 2702; x_wconf 89' lang='lat' dir='ltr'><strong>at</strong></span> <span class='ocrx_word' id='word_1_181' title='bbox 1254 2637 1349 2700; x_wconf 87' lang='lat' dir='ltr'><strong>leones</strong></span> 
     </span>
     <span class='ocr_line' id='line_1_24' title="bbox 286 2735 1350 2828; baseline -0.006 -26"><span class='ocrx_word' id='word_1_182' title='bbox 286 2738 421 2828; x_wconf 77' lang='lat' dir='ltr'><strong>Intelligi</strong></span> <span class='ocrx_word' id='word_1_183' title='bbox 436 2752 572 2825; x_wconf 88' lang='lat' dir='ltr'><strong>putant,</strong></span> <span class='ocrx_word' id='word_1_184' title='bbox 592 2735 682 2824; x_wconf 90' lang='lat' dir='ltr'><strong>quod</strong></span> <span class='ocrx_word' id='word_1_185' title='bbox 698 2753 846 2816; x_wconf 89' lang='lat' dir='ltr'><strong>constet,</strong></span> <span class='ocrx_word' id='word_1_186' title='bbox 866 2736 1009 2800; x_wconf 79' lang='lat' dir='ltr'><strong>Africam</strong></span> <span class='ocrx_word' id='word_1_187' title='bbox 1026 2759 1119 2799; x_wconf 92' lang='lat' dir='ltr'><strong>ursos</strong></span> <span class='ocrx_word' id='word_1_188' title='bbox 1135 2759 1206 2802; x_wconf 92' lang='lat' dir='ltr'><strong>non</strong></span> <span class='ocrx_word' id='word_1_189' title='bbox 1222 2738 1350 2827; x_wconf 80' lang='lat' dir='ltr'><strong>gignere.</strong></span> 
     </span>
     <span class='ocr_line' id='line_1_25' title="bbox 285 2835 1350 2927; baseline 0 -25"><span class='ocrx_word' id='word_1_190' title='bbox 285 2836 351 2902; x_wconf 83' lang='lat' dir='ltr'><strong>Sed</strong></span> <span class='ocrx_word' id='word_1_191' title='bbox 364 2852 397 2901; x_wconf 91' lang='lat' dir='ltr'><strong>et</strong></span> <span class='ocrx_word' id='word_1_192' title='bbox 412 2837 445 2900; x_wconf 91' lang='lat' dir='ltr'><strong>in</strong></span> <span class='ocrx_word' id='word_1_193' title='bbox 463 2836 607 2900; x_wconf 89' lang='lat' dir='ltr'><strong>nummis</strong></span> <span class='ocrx_word' id='word_1_194' title='bbox 621 2835 758 2900; x_wconf 88' lang='lat' dir='ltr'><strong>Domitii</strong></span> <span class='ocrx_word' id='word_1_195' title='bbox 771 2837 922 2918; x_wconf 89' lang='lat' dir='ltr'><strong>leonum,</strong></span> <span class='ocrx_word' id='word_1_196' title='bbox 936 2860 1005 2900; x_wconf 92' lang='lat' dir='ltr'><strong>non</strong></span> <span class='ocrx_word' id='word_1_197' title='bbox 1020 2859 1197 2920; x_wconf 90' lang='lat' dir='ltr'><strong>ursorum,</strong></span> <span class='ocrx_word' id='word_1_198' title='bbox 1217 2857 1350 2927; x_wconf 74' lang='lat' dir='ltr'><strong>expressa</strong></span> 
     </span>
     <span class='ocr_line' id='line_1_26' title="bbox 286 2929 1351 3029; baseline -0.006 -23"><span class='ocrx_word' id='word_1_199' title='bbox 286 2939 409 3029; x_wconf 81' lang='lat' dir='ltr'><strong>efligies</strong></span> <span class='ocrx_word' id='word_1_200' title='bbox 435 2938 590 3004; x_wconf 90' lang='lat' dir='ltr'><strong>cernitur.</strong></span> <span class='ocrx_word' id='word_1_201' title='bbox 619 2936 719 3002; x_wconf 86' lang='lat' dir='ltr'><strong>Ludis</strong></span> <span class='ocrx_word' id='word_1_202' title='bbox 745 2954 817 3002; x_wconf 91' lang='lat' dir='ltr'><strong>tum</strong></span> <span class='ocrx_word' id='word_1_203' title='bbox 845 2938 987 3026; x_wconf 88' lang='lat' dir='ltr'><strong>populus</strong></span> <span class='ocrx_word' id='word_1_204' title='bbox 1013 2929 1157 3028; x_wconf 82' lang='lat' dir='ltr'><strong>primum</strong></span> <span class='ocrx_word' id='word_1_205' title='bbox 1182 2935 1351 3029; x_wconf 88' lang='lat' dir='ltr'><strong>prandendi</strong></span> 
     </span>
     <span class='ocr_line' id='line_1_27' title="bbox 286 3040 1352 3132; baseline -0.006 -26"><span class='ocrx_word' id='word_1_206' title='bbox 286 3065 384 3106; x_wconf 89' lang='lat' dir='ltr'><strong>causa</strong></span> <span class='ocrx_word' id='word_1_207' title='bbox 395 3064 528 3132; x_wconf 85' lang='lat' dir='ltr'><strong>surgere</strong></span> <span class='ocrx_word' id='word_1_208' title='bbox 541 3040 701 3121; x_wconf 88' lang='lat' dir='ltr'><strong>instituit,</strong></span> <span class='ocrx_word' id='word_1_209' title='bbox 717 3041 809 3128; x_wconf 88' lang='lat' dir='ltr'><strong>prius</strong></span> <span class='ocrx_word' id='word_1_210' title='bbox 823 3040 894 3103; x_wconf 90' lang='lat' dir='ltr'><strong>sine</strong></span> <span class='ocrx_word' id='word_1_211' title='bbox 908 3040 1146 3129; x_wconf 89' lang='lat' dir='ltr'><strong>interruptione</strong></span> <span class='ocrx_word' id='word_1_212' title='bbox 1161 3055 1352 3130; x_wconf 83' lang='lat' dir='ltr'><strong>perspectare</strong></span> 
     </span>
     <span class='ocr_line' id='line_1_28' title="bbox 287 3140 1351 3231; baseline -0.007 -22"><span class='ocrx_word' id='word_1_213' title='bbox 287 3145 414 3209; x_wconf 89' lang='lat' dir='ltr'><strong>solitus.</strong></span> <span class='ocrx_word' id='word_1_214' title='bbox 428 3143 648 3231; x_wconf 88' lang='lat' dir='ltr'><strong>Triumphum</strong></span> <span class='ocrx_word' id='word_1_215' title='bbox 660 3140 780 3206; x_wconf 91' lang='lat' dir='ltr'><strong>deinde</strong></span> <span class='ocrx_word' id='word_1_216' title='bbox 792 3143 925 3205; x_wconf 89' lang='lat' dir='ltr'><strong>tertium</strong></span> <span class='ocrx_word' id='word_1_217' title='bbox 941 3143 1115 3231; x_wconf 86' lang='lat' dir='ltr'><strong>Pompeius</strong></span> <span class='ocrx_word' id='word_1_218' title='bbox 1132 3143 1240 3208; x_wconf 89' lang='lat' dir='ltr'><strong>biduo</strong></span> <span class='ocrx_word' id='word_1_219' title='bbox 1254 3141 1351 3218; x_wconf 83' lang='lat' dir='ltr'><strong>duxit,</strong></span> 
     </span>
     <span class='ocr_line' id='line_1_29' title="bbox 287 3242 1353 3332; baseline -0.005 -23"><span class='ocrx_word' id='word_1_220' title='bbox 287 3270 317 3309; x_wconf 85' lang='lat' dir='ltr'><strong>a.</strong></span> <span class='ocrx_word' id='word_1_221' title='bbox 326 3245 359 3309; x_wconf 92' lang='lat' dir='ltr'><strong>d.</strong></span> <span class='ocrx_word' id='word_1_222' title='bbox 372 3247 422 3310; x_wconf 96' lang='lat' dir='ltr'><strong>III</strong></span> <span class='ocrx_word' id='word_1_223' title='bbox 432 3262 465 3311; x_wconf 93' lang='lat' dir='ltr'><strong>et</strong></span> <span class='ocrx_word' id='word_1_224' title='bbox 479 3244 583 3332; x_wconf 88' lang='lat' dir='ltr'><strong>pridie</strong></span> <span class='ocrx_word' id='word_1_225' title='bbox 597 3243 724 3308; x_wconf 81' lang='lat' dir='ltr'><strong>kalend.</strong></span> <span class='ocrx_word' id='word_1_226' title='bbox 737 3242 907 3324; x_wconf 85' lang='lat' dir='ltr'><strong>octobres,</strong></span> <span class='ocrx_word' id='word_1_227' title='bbox 920 3267 1023 3331; x_wconf 90' lang='lat' dir='ltr'><strong>quum</strong></span> <span class='ocrx_word' id='word_1_228' title='bbox 1034 3265 1099 3307; x_wconf 89' lang='lat' dir='ltr'><strong>una</strong></span> <span class='ocrx_word' id='word_1_229' title='bbox 1116 3242 1186 3308; x_wconf 89' lang='lat' dir='ltr'><strong>dies</strong></span> <span class='ocrx_word' id='word_1_230' title='bbox 1197 3261 1248 3311; x_wconf 90' lang='lat' dir='ltr'><strong>tot</strong></span> <span class='ocrx_word' id='word_1_231' title='bbox 1263 3261 1353 3308; x_wconf 81' lang='lat' dir='ltr'><strong>trans·</strong></span> 
     </span>
     <span class='ocr_line' id='line_1_30' title="bbox 287 3329 1353 3434; baseline -0.004 -26"><span class='ocrx_word' id='word_1_232' title='bbox 287 3345 444 3409; x_wconf 81' lang='lat' dir='ltr'><strong>vehendis</strong></span> <span class='ocrx_word' id='word_1_233' title='bbox 473 3329 592 3433; x_wconf 83' lang='lat' dir='ltr'><strong>opibus</strong></span> <span class='ocrx_word' id='word_1_234' title='bbox 621 3367 689 3409; x_wconf 89' lang='lat' dir='ltr'><strong>non</strong></span> <span class='ocrx_word' id='word_1_235' title='bbox 721 3343 892 3408; x_wconf 87' lang='lat' dir='ltr'><strong>sufficeret.</strong></span> <span class='ocrx_word' id='word_1_236' title='bbox 921 3347 960 3408; x_wconf 92' lang='lat' dir='ltr'><strong>ln</strong></span> <span class='ocrx_word' id='word_1_237' title='bbox 986 3343 1019 3408; x_wconf 92' lang='lat' dir='ltr'><strong>id</strong></span> <span class='ocrx_word' id='word_1_238' title='bbox 1043 3361 1176 3434; x_wconf 88' lang='lat' dir='ltr'><strong>tempus</strong></span> <span class='ocrx_word' id='word_1_239' title='bbox 1202 3345 1353 3412; x_wconf 87' lang='lat' dir='ltr'><strong>incidebat</strong></span> 
     </span>
     <span class='ocr_line' id='line_1_31' title="bbox 289 3445 1352 3537; baseline -0.002 -29"><span class='ocrx_word' id='word_1_240' title='bbox 289 3446 403 3510; x_wconf 89' lang='lat' dir='ltr'><strong>natalis</strong></span> <span class='ocrx_word' id='word_1_241' title='bbox 421 3445 509 3526; x_wconf 86' lang='lat' dir='ltr'><strong>ejus,</strong></span> <span class='ocrx_word' id='word_1_242' title='bbox 534 3461 574 3510; x_wconf 91' lang='lat' dir='ltr'><strong>ut</strong></span> <span class='ocrx_word' id='word_1_243' title='bbox 593 3447 746 3511; x_wconf 91' lang='lat' dir='ltr'><strong>consulto</strong></span> <span class='ocrx_word' id='word_1_244' title='bbox 768 3447 834 3511; x_wconf 81' lang='lat' dir='ltr'><strong>hue</strong></span> <span class='ocrx_word' id='word_1_245' title='bbox 854 3445 1016 3510; x_wconf 90' lang='lat' dir='ltr'><strong>distulisse</strong></span> <span class='ocrx_word' id='word_1_246' title='bbox 1036 3470 1192 3537; x_wconf 88' lang='lat' dir='ltr'><strong>pompam</strong></span> <span class='ocrx_word' id='word_1_247' title='bbox 1207 3449 1352 3514; x_wconf 84' lang='lat' dir='ltr'><strong>videatur.</strong></span> 
     </span>
     <span class='ocr_line' id='line_1_32' title="bbox 288 3545 1354 3639; baseline 0 -29"><span class='ocrx_word' id='word_1_248' title='bbox 288 3545 431 3610; x_wconf 74' lang='lat' dir='ltr'><strong>biduum</strong></span> <span class='ocrx_word' id='word_1_249' title='bbox 460 3570 594 3636; x_wconf 86' lang='lat' dir='ltr'><strong>quoque</strong></span> <span class='ocrx_word' id='word_1_250' title='bbox 617 3571 685 3613; x_wconf 89' lang='lat' dir='ltr'><strong>non</strong></span> <span class='ocrx_word' id='word_1_251' title='bbox 713 3549 801 3637; x_wconf 87' lang='lat' dir='ltr'><strong>cepit</strong></span> <span class='ocrx_word' id='word_1_252' title='bbox 826 3548 1083 3637; x_wconf 86' lang='lat' dir='ltr'><strong>magnitudinem</strong></span> <span class='ocrx_word' id='word_1_253' title='bbox 1109 3569 1304 3639; x_wconf 86' lang='lat' dir='ltr'><strong>apparatus;</strong></span> <span class='ocrx_word' id='word_1_254' title='bbox 1327 3561 1354 3610; x_wconf 88' lang='lat' dir='ltr'><strong>et</strong></span> 
     </span>
     <span class='ocr_line' id='line_1_33' title="bbox 290 3650 1351 3740; baseline 0 -28"><span class='ocrx_word' id='word_1_255' title='bbox 290 3664 451 3737; x_wconf 90' lang='lat' dir='ltr'><strong>quantum</strong></span> <span class='ocrx_word' id='word_1_256' title='bbox 477 3650 532 3713; x_wconf 89' lang='lat' dir='ltr'><strong>alii</strong></span> <span class='ocrx_word' id='word_1_257' title='bbox 555 3651 690 3714; x_wconf 90' lang='lat' dir='ltr'><strong>cuilibet</strong></span> <span class='ocrx_word' id='word_1_258' title='bbox 712 3650 906 3715; x_wconf 88' lang='lat' dir='ltr'><strong>instruendo</strong></span> <span class='ocrx_word' id='word_1_259' title='bbox 929 3652 1097 3740; x_wconf 90' lang='lat' dir='ltr'><strong>triumpho</strong></span> <span class='ocrx_word' id='word_1_260' title='bbox 1124 3652 1242 3718; x_wconf 79' lang='lat' dir='ltr'><strong>luisset</strong></span> <span class='ocrx_word' id='word_1_261' title='bbox 1268 3651 1351 3722; x_wconf 81' lang='lat' dir='ltr'><strong>satis,</strong></span> 
     </span>
     <span class='ocr_line' id='line_1_34' title="bbox 289 3750 1352 3843; baseline -0.002 -29"><span class='ocrx_word' id='word_1_262' title='bbox 289 3750 440 3815; x_wconf 85' lang='lat' dir='ltr'><strong>relictum</strong></span> <span class='ocrx_word' id='word_1_263' title='bbox 457 3766 490 3814; x_wconf 89' lang='lat' dir='ltr'><strong>et</strong></span> <span class='ocrx_word' id='word_1_264' title='bbox 503 3751 661 3814; x_wconf 89' lang='lat' dir='ltr'><strong>omissum</strong></span> <span class='ocrx_word' id='word_1_265' title='bbox 680 3769 740 3817; x_wconf 92' lang='lat' dir='ltr'><strong>est.</strong></span> <span class='ocrx_word' id='word_1_266' title='bbox 760 3751 838 3831; x_wconf 87' lang='lat' dir='ltr'><strong>Ejus</strong></span> <span class='ocrx_word' id='word_1_267' title='bbox 854 3753 1013 3842; x_wconf 88' lang='lat' dir='ltr'><strong>triumphi</strong></span> <span class='ocrx_word' id='word_1_268' title='bbox 1031 3754 1100 3818; x_wconf 84' lang='lat' dir='ltr'><strong>brec</strong></span> <span class='ocrx_word' id='word_1_269' title='bbox 1118 3753 1181 3818; x_wconf 86' lang='lat' dir='ltr'><strong>fuit</strong></span> <span class='ocrx_word' id='word_1_270' title='bbox 1199 3752 1352 3843; x_wconf 76' lang='lat' dir='ltr'><strong>prefatio:</strong></span> 
     </span>
    </p>
   </div>
   <div class='ocr_carea' id='block_1_2' title="bbox 286 3972 1351 4205">
    <p class='ocr_par' dir='ltr' id='par_1_2' title="bbox 286 3972 1351 4205">
     <span class='ocr_line' id='line_1_35' title="bbox 324 3972 1351 4039; baseline -0.002 -17"><span class='ocrx_word' id='word_1_271' title='bbox 324 3972 420 4036; x_wconf 74' lang='lat' dir='ltr'><strong>sm.</strong></span> <span class='ocrx_word' id='word_1_272' title='bbox 432 3973 497 4022; x_wconf 81' lang='lat' dir='ltr'><strong>Plut.</strong></span> <span class='ocrx_word' id='word_1_273' title='bbox 514 3973 541 4020; x_wconf 81' lang='lat' dir='ltr'><strong>in</strong></span> <span class='ocrx_word' id='word_1_274' title='bbox 554 3973 608 4022; x_wconf 76' lang='lat' dir='ltr'><strong>cat.</strong></span> <span class='ocrx_word' id='word_1_275' title='bbox 621 3999 658 4010; x_wconf 86' lang='lat'><strong>···</strong></span> <span class='ocrx_word' id='word_1_276' title='bbox 673 3973 726 4022; x_wconf 78' lang='lat' dir='ltr'><strong>Cle.</strong></span> <span class='ocrx_word' id='word_1_277' title='bbox 739 3973 772 4022; x_wconf 72' lang='lat' dir='ltr'><strong>td</strong></span> <span class='ocrx_word' id='word_1_278' title='bbox 784 3974 863 4024; x_wconf 74' lang='lat' dir='ltr'><strong>Attio.</strong></span> <span class='ocrx_word' id='word_1_279' title='bbox 877 3999 911 4010; x_wconf 92' lang='lat'><strong>·-</strong></span> <span class='ocrx_word' id='word_1_280' title='bbox 924 3973 942 4039; x_wconf 65' lang='lat' dir='ltr'>S</span> <span class='ocrx_word' id='word_1_281' title='bbox 957 3975 1036 4022; x_wconf 75' lang='lat' dir='ltr'><strong>XLII.</strong></span> <span class='ocrx_word' id='word_1_282' title='bbox 1047 3973 1110 4032; x_wconf 85' lang='lat' dir='ltr'><strong>Dio,</strong></span> <span class='ocrx_word' id='word_1_283' title='bbox 1126 3975 1169 4023; x_wconf 87' lang='lat' dir='ltr'><strong>lib.</strong></span> <span class='ocrx_word' id='word_1_284' title='bbox 1182 3973 1312 4022; x_wconf 72' lang='lat' dir='ltr'><strong>XXXVII.</strong></span> <span class='ocrx_word' id='word_1_285' title='bbox 1323 3993 1351 4005; x_wconf 90' lang='lat'><strong>···</strong></span> 
     </span>
     <span class='ocr_line' id='line_1_36' title="bbox 289 4049 1351 4119; baseline 0.002 -17"><span class='ocrx_word' id='word_1_286' title='bbox 289 4056 359 4119; x_wconf 73' lang='lat' dir='ltr'><strong>Pigh.</strong></span> <span class='ocrx_word' id='word_1_287' title='bbox 371 4056 462 4104; x_wconf 80' lang='lat' dir='ltr'><strong>Annd.</strong></span> <span class='ocrx_word' id='word_1_288' title='bbox 481 4082 518 4094; x_wconf 90' lang='lat'><strong>···</strong></span> <span class='ocrx_word' id='word_1_289' title='bbox 538 4056 591 4105; x_wconf 77' lang='lat' dir='ltr'><strong>cte.</strong></span> <span class='ocrx_word' id='word_1_290' title='bbox 601 4055 634 4105; x_wconf 82' lang='lat' dir='ltr'><strong>ad</strong></span> <span class='ocrx_word' id='word_1_291' title='bbox 642 4057 721 4105; x_wconf 79' lang='lat' dir='ltr'><strong>Attio.</strong></span> <span class='ocrx_word' id='word_1_292' title='bbox 730 4061 754 4114; x_wconf 87' lang='lat'><strong>1,</strong></span> <span class='ocrx_word' id='word_1_293' title='bbox 771 4071 800 4118; x_wconf 80' lang='lat'><strong>17</strong></span> <span class='ocrx_word' id='word_1_294' title='bbox 812 4068 837 4106; x_wconf 83' lang='lat' dir='ltr'><strong>et</strong></span> <span class='ocrx_word' id='word_1_295' title='bbox 853 4059 892 4108; x_wconf 77' lang='lat'><strong>18.</strong></span> <span class='ocrx_word' id='word_1_296' title='bbox 907 4059 1022 4106; x_wconf 84' lang='lat' dir='ltr'><strong>—-·Plin.</strong></span> <span class='ocrx_word' id='word_1_297' title='bbox 1031 4059 1108 4117; x_wconf 84' lang='lat' dir='ltr'><strong>vm,</strong></span> <span class='ocrx_word' id='word_1_298' title='bbox 1129 4057 1170 4105; x_wconf 79' lang='lat'><strong>36.</strong></span> <span class='ocrx_word' id='word_1_299' title='bbox 1186 4085 1223 4096; x_wconf 93' lang='lat'>—</span> <span class='ocrx_word' id='word_1_300' title='bbox 1238 4055 1301 4106; x_wconf 76' lang='lat' dir='ltr'><strong>Infra</strong></span> <span class='ocrx_word' id='word_1_301' title='bbox 1314 4049 1351 4098; x_wconf 72' lang='lat' dir='ltr'><strong>lib·</strong></span> 
     </span>
     <span class='ocr_line' id='line_1_37' title="bbox 286 4137 548 4205; baseline 0.011 -20"><span class='ocrx_word' id='word_1_302' title='bbox 286 4137 434 4199; x_wconf 63' lang='lat' dir='ltr'><strong>cuttu</strong></span> <span class='ocrx_word' id='word_1_303' title='bbox 442 4155 496 4205; x_wconf 71' lang='lat' dir='ltr'><strong>up.</strong></span> <span class='ocrx_word' id='word_1_304' title='bbox 507 4141 548 4190; x_wconf 79' lang='lat' dir='ltr'><strong>to.</strong></span> 
     </span>
    </p>
   </div>
   <div class='ocr_carea' id='block_1_3' title="bbox 0 0 1448 4900">
    <p class='ocr_par' dir='ltr' id='par_1_3' title="bbox 0 0 1448 4900">
     <span class='ocr_line' id='line_1_38' title="bbox 0 0 1448 4900; baseline 0 0"><span class='ocrx_word' id='word_1_305' title='bbox 0 0 1448 4900; x_wconf 95' lang='lat' dir='ltr'><strong> </strong></span> 
     </span>
    </p>
   </div>
  </div>
 </body>
</html>
