<?xml version="1.0" encoding="UTF-8"?>
<!DOCTYPE html PUBLIC "-//W3C//DTD XHTML 1.0 Transitional//EN"
    "http://www.w3.org/TR/xhtml1/DTD/xhtml1-transitional.dtd">
<html xmlns="http://www.w3.org/1999/xhtml" xml:lang="en" lang="en">
 <head>
  <title>
</title>
<meta http-equiv="Content-Type" content="text/html;charset=utf-8" />
  <meta name='ocr-system' content='tesseract 3.04.00' />
  <meta name='ocr-capabilities' content='ocr_page ocr_carea ocr_par ocr_line ocrx_word'/>
</head>
<body>
  <div class='ocr_page' id='page_1' title='image "bibliothecaclas116lemagoog_0548.png"; bbox 0 0 2875 4900; ppageno 0'>
   <div class='ocr_carea' id='block_1_1' title="bbox 288 357 1169 431">
    <p class='ocr_par' dir='ltr' id='par_1_1' title="bbox 288 357 1169 431">
     <span class='ocr_line' id='line_1_1' title="bbox 288 357 1169 431; baseline -0.001 -3"><span class='ocrx_word' id='word_1_1' title='bbox 288 357 356 431; x_wconf 84' lang='lat'>538</span> <span class='ocrx_word' id='word_1_2' title='bbox 460 361 525 430; x_wconf 89' lang='lat' dir='ltr'>JO.</span> <span class='ocrx_word' id='word_1_3' title='bbox 553 360 893 431; x_wconf 86' lang='lat' dir='ltr'><strong>FREINSHEMII</strong></span> <span class='ocrx_word' id='word_1_4' title='bbox 925 360 1169 431; x_wconf 84' lang='lat' dir='ltr'><strong>SUPPLEM.</strong></span> 
     </span>
    </p>
   </div>
   <div class='ocr_carea' id='block_1_2' title="bbox 255 479 1393 3612">
    <p class='ocr_par' dir='ltr' id='par_1_2' title="bbox 255 479 1393 3612">
     <span class='ocr_line' id='line_1_2' title="bbox 286 479 1393 568; baseline 0 -25"><span class='ocrx_word' id='word_1_5' title='bbox 286 480 426 553; x_wconf 80' lang='lat' dir='ltr'>Zenonis</span> <span class='ocrx_word' id='word_1_6' title='bbox 443 495 566 561; x_wconf 85' lang='lat' dir='ltr'>statua,</span> <span class='ocrx_word' id='word_1_7' title='bbox 590 502 658 543; x_wconf 91' lang='lat' dir='ltr'>non</span> <span class='ocrx_word' id='word_1_8' title='bbox 676 494 811 568; x_wconf 81' lang='lat' dir='ltr'>propter·</span> <span class='ocrx_word' id='word_1_9' title='bbox 831 482 921 561; x_wconf 80' lang='lat' dir='ltr'>aeris,</span> <span class='ocrx_word' id='word_1_10' title='bbox 943 496 999 543; x_wconf 90' lang='lat' dir='ltr'>aut</span> <span class='ocrx_word' id='word_1_11' title='bbox 1015 480 1091 544; x_wconf 85' lang='lat' dir='ltr'>artis</span> <span class='ocrx_word' id='word_1_12' title='bbox 1110 479 1329 559; x_wconf 84' lang='lat' dir='ltr'>excellentiam,</span> <span class='ocrx_word' id='word_1_13' title='bbox 1392 496 1393 561; x_wconf 78' lang='lat' dir='ltr'>s</span> 
     </span>
     <span class='ocr_line' id='line_1_3' title="bbox 285 582 1331 670; baseline -0.003 -22"><span class='ocrx_word' id='word_1_14' title='bbox 285 582 342 648; x_wconf 88' lang='lat' dir='ltr'>sed</span> <span class='ocrx_word' id='word_1_15' title='bbox 355 585 389 646; x_wconf 92' lang='lat' dir='ltr'>in</span> <span class='ocrx_word' id='word_1_16' title='bbox 403 585 563 647; x_wconf 89' lang='lat' dir='ltr'>honorem</span> <span class='ocrx_word' id='word_1_17' title='bbox 575 582 799 670; x_wconf 70' lang='lat' dir='ltr'>philosophiae,</span> <span class='ocrx_word' id='word_1_18' title='bbox 813 584 889 647; x_wconf 82' lang='lat' dir='ltr'>Haec</span> <span class='ocrx_word' id='word_1_19' title='bbox 902 604 1005 669; x_wconf 87' lang='lat' dir='ltr'>quum</span> <span class='ocrx_word' id='word_1_20' title='bbox 1020 582 1062 646; x_wconf 90' lang='lat' dir='ltr'>ab</span> <span class='ocrx_word' id='word_1_21' title='bbox 1075 582 1129 645; x_wconf 91' lang='lat' dir='ltr'>illc</span> <span class='ocrx_word' id='word_1_22' title='bbox 1142 582 1331 670; x_wconf 83' lang='lat' dir='ltr'>integerrima</span> 
     </span>
     <span class='ocr_line' id='line_1_4' title="bbox 285 683 1393 783; baseline -0.002 -36"><span class='ocrx_word' id='word_1_23' title='bbox 285 683 349 747; x_wconf 88' lang='lat' dir='ltr'>fide</span> <span class='ocrx_word' id='word_1_24' title='bbox 363 700 434 748; x_wconf 90' lang='lat' dir='ltr'>acta</span> <span class='ocrx_word' id='word_1_25' title='bbox 452 698 577 765; x_wconf 85' lang='lat' dir='ltr'>essent,</span> <span class='ocrx_word' id='word_1_26' title='bbox 593 706 720 747; x_wconf 88' lang='lat' dir='ltr'>summa</span> <span class='ocrx_word' id='word_1_27' title='bbox 742 684 839 772; x_wconf 83' lang='lat' dir='ltr'>longe</span> <span class='ocrx_word' id='word_1_28' title='bbox 862 684 982 763; x_wconf 84' lang='lat' dir='ltr'>major,</span> <span class='ocrx_word' id='word_1_29' title='bbox 999 706 1097 770; x_wconf 87' lang='lat' dir='ltr'>quam</span> <span class='ocrx_word' id='word_1_30' title='bbox 1113 705 1238 771; x_wconf 86' lang='lat' dir='ltr'>sperare</span> <span class='ocrx_word' id='word_1_31' title='bbox 1253 684 1393 783; x_wconf 87' lang='lat' dir='ltr'>quis·</span> <span class='ocrx_word' id='word_1_32' title='bbox 1392 698 1393 739; x_wconf 70' lang='lat'>¹</span> 
     </span>
     <span class='ocr_line' id='line_1_5' title="bbox 284 783 1393 881; baseline -0.001 -32"><span class='ocrx_word' id='word_1_33' title='bbox 284 808 383 873; x_wconf 88' lang='lat' dir='ltr'>quam</span> <span class='ocrx_word' id='word_1_34' title='bbox 398 786 572 872; x_wconf 88' lang='lat' dir='ltr'>potuisset,</span> <span class='ocrx_word' id='word_1_35' title='bbox 588 783 717 849; x_wconf 84' lang='lat' dir='ltr'>redacta</span> <span class='ocrx_word' id='word_1_36' title='bbox 732 798 789 849; x_wconf 85' lang='lat' dir='ltr'>est.</span> <span class='ocrx_word' id='word_1_37' title='bbox 809 786 908 851; x_wconf 84' lang='lat' dir='ltr'>Paulo</span> <span class='ocrx_word' id='word_1_38' title='bbox 926 786 1035 849; x_wconf 87' lang='lat' dir='ltr'>minus</span> <span class='ocrx_word' id='word_1_39' title='bbox 1050 802 1171 874; x_wconf 78' lang='lat' dir='ltr'>septem</span> <span class='ocrx_word' id='word_1_40' title='bbox 1188 784 1282 849; x_wconf 89' lang='lat' dir='ltr'>millia</span> <span class='ocrx_word' id='word_1_41' title='bbox 1296 800 1333 847; x_wconf 92' lang='lat' dir='ltr'>ta·</span> <span class='ocrx_word' id='word_1_42' title='bbox 1392 814 1393 881; x_wconf 51' lang='lat' dir='ltr'>p</span> 
     </span>
     <span class='ocr_line' id='line_1_6' title="bbox 284 886 1393 983; baseline -0.001 -33"><span class='ocrx_word' id='word_1_43' title='bbox 284 886 449 951; x_wconf 86' lang='lat' dir='ltr'>lentorum</span> <span class='ocrx_word' id='word_1_44' title='bbox 464 886 599 951; x_wconf 84' lang='lat' dir='ltr'>navibus</span> <span class='ocrx_word' id='word_1_45' title='bbox 615 886 805 983; x_wconf 78' lang='lat' dir='ltr'>impositum</span> <span class='ocrx_word' id='word_1_46' title='bbox 819 902 888 951; x_wconf 87' lang='lat' dir='ltr'>est:</span> <span class='ocrx_word' id='word_1_47' title='bbox 907 888 950 951; x_wconf 87' lang='lat' dir='ltr'>ita</span> <span class='ocrx_word' id='word_1_48' title='bbox 966 886 1178 951; x_wconf 73' lang='lat' dir='ltr'><strong>distribuente</strong></span> <span class='ocrx_word' id='word_1_49' title='bbox 1194 886 1336 951; x_wconf 84' lang='lat' dir='ltr'>adversus</span> <span class='ocrx_word' id='word_1_50' title='bbox 1392 902 1393 977; x_wconf 81' lang='lat'>¹</span> 
     </span>
     <span class='ocr_line' id='line_1_7' title="bbox 285 984 1393 1077; baseline -0.001 -27"><span class='ocrx_word' id='word_1_51' title='bbox 285 988 528 1077; x_wconf 78' lang='lat' dir='ltr'>naufragiorum</span> <span class='ocrx_word' id='word_1_52' title='bbox 547 988 688 1076; x_wconf 79' lang='lat' dir='ltr'>pericula</span> <span class='ocrx_word' id='word_1_53' title='bbox 707 990 849 1069; x_wconf 84' lang='lat' dir='ltr'>Catone,</span> <span class='ocrx_word' id='word_1_54' title='bbox 867 1005 906 1053; x_wconf 90' lang='lat' dir='ltr'>ut</span> <span class='ocrx_word' id='word_1_55' title='bbox 922 988 1056 1077; x_wconf 76' lang='lat' dir='ltr'>singulis</span> <span class='ocrx_word' id='word_1_56' title='bbox 1071 988 1171 1068; x_wconf 86' lang='lat' dir='ltr'>vasis,</span> <span class='ocrx_word' id='word_1_57' title='bbox 1187 987 1287 1074; x_wconf 75' lang='lat' dir='ltr'>qualia</span> <span class='ocrx_word' id='word_1_58' title='bbox 1301 984 1352 1049; x_wconf 92' lang='lat' dir='ltr'>ad</span> <span class='ocrx_word' id='word_1_59' title='bbox 1392 1008 1393 1043; x_wconf 91' lang='lat'>¹</span> 
     </span>
     <span class='ocr_line' id='line_1_8' title="bbox 284 1036 1393 1179; baseline -0.004 -25"><span class='ocrx_word' id='word_1_60' title='bbox 284 1090 490 1155; x_wconf 80' lang='lat' dir='ltr'>condendam</span> <span class='ocrx_word' id='word_1_61' title='bbox 501 1090 672 1176; x_wconf 86' lang='lat' dir='ltr'>pecuniam</span> <span class='ocrx_word' id='word_1_62' title='bbox 686 1090 789 1154; x_wconf 86' lang='lat' dir='ltr'>multa</span> <span class='ocrx_word' id='word_1_63' title='bbox 804 1036 1026 1179; x_wconf 77' lang='lat' dir='ltr'>magnitudine</span> <span class='ocrx_word' id='word_1_64' title='bbox 1039 1089 1155 1177; x_wconf 77' lang='lat' dir='ltr'>aequali</span> <span class='ocrx_word' id='word_1_65' title='bbox 1165 1104 1393 1177; x_wconf 68' lang='lat' dir='ltr'>paraverat,</span> <span class='ocrx_word' id='word_1_66' title='bbox 1392 1074 1393 1127; x_wconf 84' lang='lat'>¹</span> 
     </span>
     <span class='ocr_line' id='line_1_9' title="bbox 284 1189 1393 1283; baseline -0.002 -30"><span class='ocrx_word' id='word_1_67' title='bbox 284 1191 438 1254; x_wconf 89' lang='lat' dir='ltr'>corticem</span> <span class='ocrx_word' id='word_1_68' title='bbox 458 1189 582 1253; x_wconf 89' lang='lat' dir='ltr'>suberis</span> <span class='ocrx_word' id='word_1_69' title='bbox 603 1190 703 1280; x_wconf 81' lang='lat' dir='ltr'>longo</span> <span class='ocrx_word' id='word_1_70' title='bbox 726 1191 871 1256; x_wconf 80' lang='lat' dir='ltr'>funiculo</span> <span class='ocrx_word' id='word_1_71' title='bbox 890 1192 1048 1281; x_wconf 81' lang='lat' dir='ltr'>alligaret,</span> <span class='ocrx_word' id='word_1_72' title='bbox 1067 1207 1105 1254; x_wconf 88' lang='lat' dir='ltr'>ut</span> <span class='ocrx_word' id='word_1_73' title='bbox 1122 1213 1148 1254; x_wconf 85' lang='lat' dir='ltr'>st</span> <span class='ocrx_word' id='word_1_74' title='bbox 1139 1190 1250 1255; x_wconf 78' lang='lat' dir='ltr'>torte</span> <span class='ocrx_word' id='word_1_75' title='bbox 1263 1212 1336 1255; x_wconf 89' lang='lat' dir='ltr'>mer·</span> <span class='ocrx_word' id='word_1_76' title='bbox 1392 1208 1393 1283; x_wconf 62' lang='lat'>¹</span> 
     </span>
     <span class='ocr_line' id='line_1_10' title="bbox 283 1291 1336 1381; baseline 0.003 -29"><span class='ocrx_word' id='word_1_77' title='bbox 283 1313 358 1353; x_wconf 89' lang='lat' dir='ltr'>sum</span> <span class='ocrx_word' id='word_1_78' title='bbox 374 1291 538 1380; x_wconf 78' lang='lat' dir='ltr'>navigium</span> <span class='ocrx_word' id='word_1_79' title='bbox 554 1308 657 1372; x_wconf 87' lang='lat' dir='ltr'>esset,</span> <span class='ocrx_word' id='word_1_80' title='bbox 679 1294 790 1357; x_wconf 89' lang='lat' dir='ltr'>locum</span> <span class='ocrx_word' id='word_1_81' title='bbox 807 1293 929 1359; x_wconf 80' lang='lat' dir='ltr'>amissae</span> <span class='ocrx_word' id='word_1_82' title='bbox 942 1293 1088 1381; x_wconf 83' lang='lat' dir='ltr'>pecuniae</span> <span class='ocrx_word' id='word_1_83' title='bbox 1103 1309 1213 1357; x_wconf 85' lang='lat' dir='ltr'>cortex</span> <span class='ocrx_word' id='word_1_84' title='bbox 1227 1292 1336 1357; x_wconf 86' lang='lat' dir='ltr'>indica·</span> 
     </span>
     <span class='ocr_line' id='line_1_11' title="bbox 283 1391 1335 1482; baseline 0.004 -29"><span class='ocrx_word' id='word_1_85' title='bbox 283 1407 344 1455; x_wconf 88' lang='lat' dir='ltr'>ret.</span> <span class='ocrx_word' id='word_1_86' title='bbox 355 1391 404 1455; x_wconf 87' lang='lat' dir='ltr'>Ita</span> <span class='ocrx_word' id='word_1_87' title='bbox 416 1406 532 1479; x_wconf 84' lang='lat' dir='ltr'>praeter</span> <span class='ocrx_word' id='word_1_88' title='bbox 539 1395 649 1456; x_wconf 81' lang='lat' dir='ltr'>Asiam</span> <span class='ocrx_word' id='word_1_89' title='bbox 662 1393 880 1482; x_wconf 85' lang='lat' dir='ltr'>Cycladasqne</span> <span class='ocrx_word' id='word_1_90' title='bbox 889 1410 921 1459; x_wconf 88' lang='lat' dir='ltr'>et</span> <span class='ocrx_word' id='word_1_91' title='bbox 935 1392 1068 1481; x_wconf 83' lang='lat' dir='ltr'>Epirum</span> <span class='ocrx_word' id='word_1_92' title='bbox 1080 1408 1208 1475; x_wconf 72' lang='lat' dir='ltr'>vecors,</span> <span class='ocrx_word' id='word_1_93' title='bbox 1222 1409 1335 1458; x_wconf 87' lang='lat' dir='ltr'>tantum</span> 
     </span>
     <span class='ocr_line' id='line_1_12' title="bbox 284 1492 1393 1583; baseline 0.002 -27"><span class='ocrx_word' id='word_1_94' title='bbox 284 1492 408 1579; x_wconf 87' lang='lat' dir='ltr'>ubique</span> <span class='ocrx_word' id='word_1_95' title='bbox 422 1494 624 1559; x_wconf 72' lang='lat' dir='ltr'>abstinentiae</span> <span class='ocrx_word' id='word_1_96' title='bbox 640 1496 809 1583; x_wconf 79' lang='lat' dir='ltr'>prestitit,</span> <span class='ocrx_word' id='word_1_97' title='bbox 827 1511 866 1561; x_wconf 92' lang='lat' dir='ltr'>ut</span> <span class='ocrx_word' id='word_1_98' title='bbox 880 1497 915 1559; x_wconf 93' lang='lat' dir='ltr'>in</span> <span class='ocrx_word' id='word_1_99' title='bbox 931 1497 1010 1561; x_wconf 90' lang='lat' dir='ltr'>locis</span> <span class='ocrx_word' id='word_1_100' title='bbox 1025 1496 1265 1577; x_wconf 86' lang='lat' dir='ltr'>amoenissimis,</span> <span class='ocrx_word' id='word_1_101' title='bbox 1280 1518 1337 1558; x_wconf 85' lang='lat' dir='ltr'>on·</span> <span class='ocrx_word' id='word_1_102' title='bbox 1392 1496 1393 1499; x_wconf 69' lang='grc'>’</span> 
     </span>
     <span class='ocr_line' id='line_1_13' title="bbox 284 1590 1393 1685; baseline 0.005 -30"><span class='ocrx_word' id='word_1_103' title='bbox 284 1593 385 1680; x_wconf 88' lang='lat' dir='ltr'>nique</span> <span class='ocrx_word' id='word_1_104' title='bbox 399 1616 516 1683; x_wconf 83' lang='lat' dir='ltr'>genere</span> <span class='ocrx_word' id='word_1_105' title='bbox 530 1594 719 1661; x_wconf 83' lang='lat' dir='ltr'>deliciarum</span> <span class='ocrx_word' id='word_1_106' title='bbox 733 1598 883 1679; x_wconf 86' lang='lat' dir='ltr'>famosis,</span> <span class='ocrx_word' id='word_1_107' title='bbox 902 1612 1065 1662; x_wconf 83' lang='lat' dir='ltr'>tantarum</span> <span class='ocrx_word' id='word_1_108' title='bbox 1081 1620 1183 1685; x_wconf 88' lang='lat' dir='ltr'>opum</span> <span class='ocrx_word' id='word_1_109' title='bbox 1201 1619 1335 1685; x_wconf 77' lang='lat' dir='ltr'>compos,</span> <span class='ocrx_word' id='word_1_110' title='bbox 1392 1590 1393 1593; x_wconf 27' lang='lat'>¹</span> 
     </span>
     <span class='ocr_line' id='line_1_14' title="bbox 284 1693 1314 1779; baseline 0.005 -23"><span class='ocrx_word' id='word_1_111' title='bbox 284 1693 326 1757; x_wconf 85' lang='lat' dir='ltr'>ab</span> <span class='ocrx_word' id='word_1_112' title='bbox 344 1695 435 1757; x_wconf 78' lang='lat' dir='ltr'>omrai</span> <span class='ocrx_word' id='word_1_113' title='bbox 451 1718 519 1759; x_wconf 91' lang='lat' dir='ltr'>non</span> <span class='ocrx_word' id='word_1_114' title='bbox 536 1696 628 1760; x_wconf 88' lang='lat' dir='ltr'>luero</span> <span class='ocrx_word' id='word_1_115' title='bbox 644 1713 789 1779; x_wconf 90' lang='lat' dir='ltr'>tantum,</span> <span class='ocrx_word' id='word_1_116' title='bbox 807 1698 865 1763; x_wconf 89' lang='lat' dir='ltr'>sed</span> <span class='ocrx_word' id='word_1_117' title='bbox 881 1700 976 1764; x_wconf 88' lang='lat' dir='ltr'>etiam</span> <span class='ocrx_word' id='word_1_118' title='bbox 993 1700 1119 1763; x_wconf 84' lang='lat' dir='ltr'>Venere</span> <span class='ocrx_word' id='word_1_119' title='bbox 1135 1699 1314 1763; x_wconf 73' lang='lat' dir='ltr'>abstineret.</span> 
     </span>
     <span class='ocr_line' id='line_1_15' title="bbox 327 1798 1336 1889; baseline 0 -28"><span class='ocrx_word' id='word_1_120' title='bbox 327 1798 476 1863; x_wconf 84' lang='lat' dir='ltr'>LXVIII.</span> <span class='ocrx_word' id='word_1_121' title='bbox 501 1800 775 1889; x_wconf 76' lang='lat' dir='ltr'>Quamprimum</span> <span class='ocrx_word' id='word_1_122' title='bbox 790 1802 935 1866; x_wconf 86' lang='lat' dir='ltr'>Tiberim</span> <span class='ocrx_word' id='word_1_123' title='bbox 958 1800 1095 1865; x_wconf 86' lang='lat' dir='ltr'>liburnis</span> <span class='ocrx_word' id='word_1_124' title='bbox 1113 1800 1254 1882; x_wconf 88' lang='lat' dir='ltr'>subiret,</span> <span class='ocrx_word' id='word_1_125' title='bbox 1268 1822 1336 1863; x_wconf 84' lang='lat' dir='ltr'>con·</span> 
     </span>
     <span class='ocr_line' id='line_1_16' title="bbox 284 1899 1337 1983; baseline 0.003 -21"><span class='ocrx_word' id='word_1_126' title='bbox 284 1899 386 1982; x_wconf 90' lang='lat' dir='ltr'>sules,</span> <span class='ocrx_word' id='word_1_127' title='bbox 401 1919 552 1983; x_wconf 88' lang='lat' dir='ltr'>senatus,</span> <span class='ocrx_word' id='word_1_128' title='bbox 566 1901 766 1983; x_wconf 80' lang='lat' dir='ltr'>sacerdotes,</span> <span class='ocrx_word' id='word_1_129' title='bbox 783 1919 852 1967; x_wconf 88' lang='lat' dir='ltr'>tota</span> <span class='ocrx_word' id='word_1_130' title='bbox 865 1903 967 1967; x_wconf 82' lang='lat' dir='ltr'>ferme</span> <span class='ocrx_word' id='word_1_131' title='bbox 981 1902 1090 1967; x_wconf 87' lang='lat' dir='ltr'>civitas</span> <span class='ocrx_word' id='word_1_132' title='bbox 1103 1903 1233 1967; x_wconf 79' lang='lat' dir='ltr'>obviam</span> <span class='ocrx_word' id='word_1_133' title='bbox 1249 1902 1337 1967; x_wconf 86' lang='lat' dir='ltr'>effusa</span> 
     </span>
     <span class='ocr_line' id='line_1_17' title="bbox 280 2002 1393 2092; baseline -0.001 -28"><span class='ocrx_word' id='word_1_134' title='bbox 280 2002 451 2090; x_wconf 40' lang='lat' dir='ltr'>est,lturpi</span> <span class='ocrx_word' id='word_1_135' title='bbox 465 2003 670 2067; x_wconf 86' lang='lat' dir='ltr'>confessione</span> <span class='ocrx_word' id='word_1_136' title='bbox 681 2004 839 2085; x_wconf 75' lang='lat' dir='ltr'>araritiae3</span> <span class='ocrx_word' id='word_1_137' title='bbox 855 2026 919 2092; x_wconf 86' lang='lat' dir='ltr'>qua</span> <span class='ocrx_word' id='word_1_138' title='bbox 932 2004 1002 2068; x_wconf 85' lang='lat' dir='ltr'>sine</span> <span class='ocrx_word' id='word_1_139' title='bbox 1016 2006 1043 2068; x_wconf 88' lang='lat' dir='ltr'>si</span> <span class='ocrx_word' id='word_1_140' title='bbox 1054 2003 1186 2085; x_wconf 86' lang='lat' dir='ltr'>fuisset,</span> <span class='ocrx_word' id='word_1_141' title='bbox 1198 2004 1242 2067; x_wconf 92' lang='lat' dir='ltr'>ob</span> <span class='ocrx_word' id='word_1_142' title='bbox 1254 2002 1336 2066; x_wconf 86' lang='lat' dir='ltr'>unias</span> <span class='ocrx_word' id='word_1_143' title='bbox 1392 2074 1393 2077; x_wconf 8' lang='grc' dir='ltr'><strong>Ἴ</strong></span> 
     </span>
     <span class='ocr_line' id='line_1_18' title="bbox 285 2102 1336 2192; baseline -0.001 -26"><span class='ocrx_word' id='word_1_144' title='bbox 285 2102 409 2167; x_wconf 89' lang='lat' dir='ltr'>tribuni</span> <span class='ocrx_word' id='word_1_145' title='bbox 432 2104 536 2192; x_wconf 91' lang='lat' dir='ltr'>plebis</span> <span class='ocrx_word' id='word_1_146' title='bbox 559 2104 696 2169; x_wconf 84' lang='lat' dir='ltr'>furiosas</span> <span class='ocrx_word' id='word_1_147' title='bbox 718 2105 802 2187; x_wconf 89' lang='lat' dir='ltr'>iras,</span> <span class='ocrx_word' id='word_1_148' title='bbox 824 2106 917 2170; x_wconf 84' lang='lat' dir='ltr'>vivus</span> <span class='ocrx_word' id='word_1_149' title='bbox 938 2103 1118 2192; x_wconf 85' lang='lat' dir='ltr'>ridensque</span> <span class='ocrx_word' id='word_1_150' title='bbox 1135 2104 1336 2179; x_wconf 74' lang='lat' dir='ltr'>texamine,</span> 
     </span>
     <span class='ocr_line' id='line_1_19' title="bbox 285 2192 1336 2293; baseline -0.003 -25"><span class='ocrx_word' id='word_1_151' title='bbox 285 2228 393 2292; x_wconf 88' lang='lat' dir='ltr'>neque</span> <span class='ocrx_word' id='word_1_152' title='bbox 412 2206 509 2269; x_wconf 83' lang='lat' dir='ltr'>ullius</span> <span class='ocrx_word' id='word_1_153' title='bbox 526 2206 560 2269; x_wconf 87' lang='lat' dir='ltr'>in</span> <span class='ocrx_word' id='word_1_154' title='bbox 579 2228 648 2270; x_wconf 87' lang='lat' dir='ltr'>rem</span> <span class='ocrx_word' id='word_1_155' title='bbox 665 2192 835 2270; x_wconf 85' lang='lat' dir='ltr'>romanam</span> <span class='ocrx_word' id='word_1_156' title='bbox 852 2206 977 2287; x_wconf 84' lang='lat' dir='ltr'>injuriae</span> <span class='ocrx_word' id='word_1_157' title='bbox 993 2228 1086 2286; x_wconf 89' lang='lat' dir='ltr'>reus,</span> <span class='ocrx_word' id='word_1_158' title='bbox 1107 2226 1217 2293; x_wconf 87' lang='lat' dir='ltr'>neque</span> <span class='ocrx_word' id='word_1_159' title='bbox 1233 2204 1336 2279; x_wconf 87' lang='lat' dir='ltr'>rebus,</span> 
     </span>
     <span class='ocr_line' id='line_1_20' title="bbox 285 2304 1337 2397; baseline -0.004 -27"><span class='ocrx_word' id='word_1_160' title='bbox 285 2322 322 2369; x_wconf 90' lang='lat' dir='ltr'>ut</span> <span class='ocrx_word' id='word_1_161' title='bbox 344 2308 443 2385; x_wconf 85' lang='lat' dir='ltr'>solet,</span> <span class='ocrx_word' id='word_1_162' title='bbox 467 2308 628 2395; x_wconf 84' lang='lat' dir='ltr'>repetitis,</span> <span class='ocrx_word' id='word_1_163' title='bbox 649 2331 748 2373; x_wconf 87' lang='lat' dir='ltr'>causa</span> <span class='ocrx_word' id='word_1_164' title='bbox 771 2309 951 2397; x_wconf 85' lang='lat' dir='ltr'>incognita,</span> <span class='ocrx_word' id='word_1_165' title='bbox 973 2330 1040 2372; x_wconf 88' lang='lat' dir='ltr'>non</span> <span class='ocrx_word' id='word_1_166' title='bbox 1059 2324 1142 2377; x_wconf 88' lang='lat' dir='ltr'>esset</span> <span class='ocrx_word' id='word_1_167' title='bbox 1164 2330 1240 2372; x_wconf 88' lang='lat' dir='ltr'>cum</span> <span class='ocrx_word' id='word_1_168' title='bbox 1256 2304 1337 2369; x_wconf 86' lang='lat' dir='ltr'>bonis</span> 
     </span>
     <span class='ocr_line' id='line_1_21' title="bbox 281 2405 1338 2499; baseline -0.003 -28"><span class='ocrx_word' id='word_1_169' title='bbox 281 2408 437 2472; x_wconf 87' lang='lat' dir='ltr'>omnibus</span> <span class='ocrx_word' id='word_1_170' title='bbox 460 2409 652 2498; x_wconf 85' lang='lat' dir='ltr'>publicatus.</span> <span class='ocrx_word' id='word_1_171' title='bbox 678 2409 764 2474; x_wconf 84' lang='lat' dir='ltr'>Huic</span> <span class='ocrx_word' id='word_1_172' title='bbox 781 2424 872 2474; x_wconf 87' lang='lat' dir='ltr'>tauto</span> <span class='ocrx_word' id='word_1_173' title='bbox 895 2408 1046 2475; x_wconf 85' lang='lat' dir='ltr'>dedecori</span> <span class='ocrx_word' id='word_1_174' title='bbox 1066 2409 1200 2499; x_wconf 85' lang='lat' dir='ltr'>publico</span> <span class='ocrx_word' id='word_1_175' title='bbox 1217 2408 1271 2496; x_wconf 88' lang='lat' dir='ltr'>qni</span> <span class='ocrx_word' id='word_1_176' title='bbox 1287 2405 1338 2469; x_wconf 83' lang='lat' dir='ltr'>nri·</span> 
     </span>
     <span class='ocr_line' id='line_1_22' title="bbox 284 2508 1337 2601; baseline -0.002 -29"><span class='ocrx_word' id='word_1_177' title='bbox 284 2510 471 2592; x_wconf 84' lang='lat' dir='ltr'>nisterium‚</span> <span class='ocrx_word' id='word_1_178' title='bbox 483 2535 669 2600; x_wconf 84' lang='lat' dir='ltr'>quanquam</span> <span class='ocrx_word' id='word_1_179' title='bbox 681 2512 819 2594; x_wconf 84' lang='lat' dir='ltr'>invitus,</span> <span class='ocrx_word' id='word_1_180' title='bbox 834 2510 1014 2601; x_wconf 72' lang='lat' dir='ltr'>prebuerat</span> <span class='ocrx_word' id='word_1_181' title='bbox 1023 2513 1122 2592; x_wconf 88' lang='lat' dir='ltr'>Cato,</span> <span class='ocrx_word' id='word_1_182' title='bbox 1135 2527 1202 2574; x_wconf 87' lang='lat' dir='ltr'>tam</span> <span class='ocrx_word' id='word_1_183' title='bbox 1217 2508 1337 2596; x_wconf 80' lang='lat' dir='ltr'>diligens</span> 
     </span>
     <span class='ocr_line' id='line_1_23' title="bbox 285 2612 1338 2695; baseline -0.002 -21"><span class='ocrx_word' id='word_1_184' title='bbox 285 2613 448 2676; x_wconf 85' lang='lat' dir='ltr'>commissi</span> <span class='ocrx_word' id='word_1_185' title='bbox 461 2629 571 2677; x_wconf 90' lang='lat' dir='ltr'>custos</span> <span class='ocrx_word' id='word_1_186' title='bbox 584 2613 664 2695; x_wconf 83' lang='lat' dir='ltr'>fuit,</span> <span class='ocrx_word' id='word_1_187' title='bbox 680 2630 719 2678; x_wconf 93' lang='lat' dir='ltr'>ut</span> <span class='ocrx_word' id='word_1_188' title='bbox 729 2612 771 2677; x_wconf 89' lang='lat' dir='ltr'>ad</span> <span class='ocrx_word' id='word_1_189' title='bbox 784 2635 957 2678; x_wconf 88' lang='lat' dir='ltr'>occursum</span> <span class='ocrx_word' id='word_1_190' title='bbox 972 2629 1101 2676; x_wconf 87' lang='lat' dir='ltr'>senatus</span> <span class='ocrx_word' id='word_1_191' title='bbox 1115 2627 1148 2677; x_wconf 91' lang='lat' dir='ltr'>et</span> <span class='ocrx_word' id='word_1_192' title='bbox 1160 2627 1338 2676; x_wconf 76' lang='lat' dir='ltr'>ceterorum</span> 
     </span>
     <span class='ocr_line' id='line_1_24' title="bbox 283 2703 1337 2802; baseline -0.006 -26"><span class='ocrx_word' id='word_1_193' title='bbox 283 2735 350 2776; x_wconf 92' lang='lat' dir='ltr'>non</span> <span class='ocrx_word' id='word_1_194' title='bbox 369 2730 444 2778; x_wconf 88' lang='lat' dir='ltr'>ante</span> <span class='ocrx_word' id='word_1_195' title='bbox 461 2713 690 2795; x_wconf 65' lang='lat' dir='ltr'>ascenderet,</span> <span class='ocrx_word' id='word_1_196' title='bbox 713 2736 821 2802; x_wconf 89' lang='lat' dir='ltr'>neque</span> <span class='ocrx_word' id='word_1_197' title='bbox 842 2713 1005 2778; x_wconf 87' lang='lat' dir='ltr'>inhiberet</span> <span class='ocrx_word' id='word_1_198' title='bbox 1023 2735 1175 2793; x_wconf 90' lang='lat' dir='ltr'>cursum,</span> <span class='ocrx_word' id='word_1_199' title='bbox 1195 2703 1337 2799; x_wconf 80' lang='lat' dir='ltr'>quemad</span> 
     </span>
     <span class='ocr_line' id='line_1_25' title="bbox 285 2805 1338 2903; baseline -0.007 -25"><span class='ocrx_word' id='word_1_200' title='bbox 285 2815 395 2879; x_wconf 83' lang='lat' dir='ltr'>locum</span> <span class='ocrx_word' id='word_1_201' title='bbox 411 2831 604 2903; x_wconf 80' lang='lat' dir='ltr'>perventum</span> <span class='ocrx_word' id='word_1_202' title='bbox 626 2833 696 2897; x_wconf 88' lang='lat' dir='ltr'>est,</span> <span class='ocrx_word' id='word_1_203' title='bbox 718 2815 777 2879; x_wconf 90' lang='lat' dir='ltr'>ubi</span> <span class='ocrx_word' id='word_1_204' title='bbox 801 2831 868 2878; x_wconf 87' lang='lat' dir='ltr'>erat</span> <span class='ocrx_word' id='word_1_205' title='bbox 889 2813 1081 2902; x_wconf 84' lang='lat' dir='ltr'>exponenda</span> <span class='ocrx_word' id='word_1_206' title='bbox 1102 2812 1249 2901; x_wconf 88' lang='lat' dir='ltr'>pecunia.</span> <span class='ocrx_word' id='word_1_207' title='bbox 1270 2805 1338 2874; x_wconf 84' lang='lat' dir='ltr'>Inde</span> 
     </span>
     <span class='ocr_line' id='line_1_26' title="bbox 285 2911 1393 3006; baseline -0.005 -26"><span class='ocrx_word' id='word_1_208' title='bbox 285 2917 436 2981; x_wconf 82' lang='lat' dir='ltr'>translata</span> <span class='ocrx_word' id='word_1_209' title='bbox 458 2940 517 3006; x_wconf 90' lang='lat' dir='ltr'>per</span> <span class='ocrx_word' id='word_1_210' title='bbox 541 2917 649 2980; x_wconf 89' lang='lat' dir='ltr'>forum</span> <span class='ocrx_word' id='word_1_211' title='bbox 675 2915 920 2980; x_wconf 86' lang='lat' dir='ltr'>admirationem</span> <span class='ocrx_word' id='word_1_212' title='bbox 943 2915 1090 2980; x_wconf 85' lang='lat' dir='ltr'>excitavit</span> <span class='ocrx_word' id='word_1_213' title='bbox 1113 2911 1337 3002; x_wconf 81' lang='lat' dir='ltr'>spectantium:</span> <span class='ocrx_word' id='word_1_214' title='bbox 1392 2983 1393 3000; x_wconf 13' lang='grc' dir='ltr'>χ</span> 
     </span>
     <span class='ocr_line' id='line_1_27' title="bbox 255 3009 1393 3108; baseline -0.007 -27"><span class='ocrx_word' id='word_1_215' title='bbox 255 3042 260 3055; x_wconf 76' lang='lat'><strong>·</strong></span> <span class='ocrx_word' id='word_1_216' title='bbox 285 3041 346 3083; x_wconf 88' lang='lat' dir='ltr'>nec</span> <span class='ocrx_word' id='word_1_217' title='bbox 363 3035 431 3084; x_wconf 88' lang='lat' dir='ltr'>erat</span> <span class='ocrx_word' id='word_1_218' title='bbox 447 3041 499 3083; x_wconf 89' lang='lat' dir='ltr'>res</span> <span class='ocrx_word' id='word_1_219' title='bbox 514 3019 681 3108; x_wconf 87' lang='lat' dir='ltr'>triumpho</span> <span class='ocrx_word' id='word_1_220' title='bbox 697 3017 871 3099; x_wconf 84' lang='lat' dir='ltr'>absimilis,</span> <span class='ocrx_word' id='word_1_221' title='bbox 885 3017 1072 3105; x_wconf 70' lang='lat' dir='ltr'>frequentia</span> <span class='ocrx_word' id='word_1_222' title='bbox 1088 3032 1121 3080; x_wconf 88' lang='lat' dir='ltr'>et</span> <span class='ocrx_word' id='word_1_223' title='bbox 1133 3014 1253 3104; x_wconf 84' lang='lat' dir='ltr'>gaudio</span> <span class='ocrx_word' id='word_1_224' title='bbox 1267 3009 1338 3074; x_wconf 86' lang='lat' dir='ltr'>cele·</span> <span class='ocrx_word' id='word_1_225' title='bbox 1392 3045 1393 3062; x_wconf 47' lang='lat'>¹</span> 
     </span>
     <span class='ocr_line' id='line_1_28' title="bbox 285 3109 1393 3210; baseline -0.009 -26"><span class='ocrx_word' id='word_1_226' title='bbox 285 3120 471 3201; x_wconf 88' lang='lat' dir='ltr'>brantium;</span> <span class='ocrx_word' id='word_1_227' title='bbox 489 3137 522 3185; x_wconf 88' lang='lat' dir='ltr'>et</span> <span class='ocrx_word' id='word_1_228' title='bbox 544 3121 616 3208; x_wconf 89' lang='lat' dir='ltr'>plus</span> <span class='ocrx_word' id='word_1_229' title='bbox 641 3119 801 3184; x_wconf 79' lang='lat' dir='ltr'>inferebat</span> <span class='ocrx_word' id='word_1_230' title='bbox 822 3119 934 3182; x_wconf 78' lang='lat' dir='ltr'>aemrio</span> <span class='ocrx_word' id='word_1_231' title='bbox 944 3166 954 3199; x_wconf 85' lang='lat'>,</span> <span class='ocrx_word' id='word_1_232' title='bbox 966 3141 1068 3206; x_wconf 65' lang='lat' dir='ltr'>⁴apuam</span> <span class='ocrx_word' id='word_1_233' title='bbox 1091 3117 1212 3182; x_wconf 83' lang='lat' dir='ltr'>factum</span> <span class='ocrx_word' id='word_1_234' title='bbox 1228 3137 1267 3178; x_wconf 77' lang='lat' dir='ltr'>ex</span> <span class='ocrx_word' id='word_1_235' title='bbox 1282 3109 1338 3174; x_wconf 83' lang='lat' dir='ltr'>ullo</span> <span class='ocrx_word' id='word_1_236' title='bbox 1392 3207 1393 3210; x_wconf 7' lang='grc' dir='ltr'><strong>Ἴ</strong></span> 
     </span>
     <span class='ocr_line' id='line_1_29' title="bbox 285 3211 1393 3309; baseline 0 -25"><span class='ocrx_word' id='word_1_237' title='bbox 285 3222 453 3309; x_wconf 90' lang='lat' dir='ltr'>triumpho</span> <span class='ocrx_word' id='word_1_238' title='bbox 468 3221 585 3286; x_wconf 80' lang='lat' dir='ltr'>bremt.</span> <span class='ocrx_word' id='word_1_239' title='bbox 1392 3211 1393 3284; x_wconf 69' lang='lat'><em>?</em></span> 
     </span>
     <span class='ocr_line' id='line_1_30' title="bbox 330 3312 1393 3409; baseline -0.007 -25"><span class='ocrx_word' id='word_1_240' title='bbox 330 3323 445 3386; x_wconf 85' lang='lat' dir='ltr'><strong>LXIX.</strong></span> <span class='ocrx_word' id='word_1_241' title='bbox 469 3323 558 3386; x_wconf 75' lang='lat' dir='ltr'>Actae</span> <span class='ocrx_word' id='word_1_242' title='bbox 580 3322 624 3386; x_wconf 93' lang='lat' dir='ltr'>ob</span> <span class='ocrx_word' id='word_1_243' title='bbox 651 3321 719 3386; x_wconf 79' lang='lat' dir='ltr'>hec</span> <span class='ocrx_word' id='word_1_244' title='bbox 741 3321 857 3386; x_wconf 88' lang='lat' dir='ltr'>Catoni</span> <span class='ocrx_word' id='word_1_245' title='bbox 874 3322 908 3384; x_wconf 90' lang='lat' dir='ltr'>in</span> <span class='ocrx_word' id='word_1_246' title='bbox 928 3335 1043 3384; x_wconf 85' lang='lat' dir='ltr'>senatu</span> <span class='ocrx_word' id='word_1_247' title='bbox 1062 3320 1191 3409; x_wconf 74' lang='lat' dir='ltr'>gratie,</span> <span class='ocrx_word' id='word_1_248' title='bbox 1210 3312 1338 3382; x_wconf 68' lang='lat' dir='ltr'>consuli</span> <span class='ocrx_word' id='word_1_249' title='bbox 1392 3317 1393 3320; x_wconf 72' lang='grc'>’</span> 
     </span>
     <span class='ocr_line' id='line_1_31' title="bbox 285 3419 1393 3511; baseline -0.005 -26"><span class='ocrx_word' id='word_1_250' title='bbox 285 3423 412 3510; x_wconf 89' lang='lat' dir='ltr'>busque</span> <span class='ocrx_word' id='word_1_251' title='bbox 425 3423 640 3488; x_wconf 86' lang='lat' dir='ltr'>referentibus</span> <span class='ocrx_word' id='word_1_252' title='bbox 651 3423 865 3511; x_wconf 75' lang='lat' dir='ltr'>praetumidi,</span> <span class='ocrx_word' id='word_1_253' title='bbox 881 3437 913 3486; x_wconf 89' lang='lat' dir='ltr'>et</span> <span class='ocrx_word' id='word_1_254' title='bbox 921 3421 974 3502; x_wconf 80' lang='lat' dir='ltr'>jus</span> <span class='ocrx_word' id='word_1_255' title='bbox 984 3421 1151 3510; x_wconf 88' lang='lat' dir='ltr'>spectandi</span> <span class='ocrx_word' id='word_1_256' title='bbox 1165 3419 1260 3484; x_wconf 92' lang='lat' dir='ltr'>ludos</span> <span class='ocrx_word' id='word_1_257' title='bbox 1271 3435 1339 3505; x_wconf 79' lang='lat' dir='ltr'>pm·</span> <span class='ocrx_word' id='word_1_258' title='bbox 1392 3485 1393 3498; x_wconf 19' lang='lat' dir='ltr'>p</span> 
     </span>
     <span class='ocr_line' id='line_1_32' title="bbox 285 3517 1393 3612; baseline -0.002 -28"><span class='ocrx_word' id='word_1_259' title='bbox 285 3538 426 3604; x_wconf 81' lang='lat' dir='ltr'>textato,</span> <span class='ocrx_word' id='word_1_260' title='bbox 444 3540 533 3588; x_wconf 85' lang='lat' dir='ltr'>extra</span> <span class='ocrx_word' id='word_1_261' title='bbox 549 3523 697 3588; x_wconf 88' lang='lat' dir='ltr'>ordinem</span> <span class='ocrx_word' id='word_1_262' title='bbox 712 3523 794 3588; x_wconf 84' lang='lat' dir='ltr'>data.</span> <span class='ocrx_word' id='word_1_263' title='bbox 813 3525 859 3588; x_wconf 88' lang='lat' dir='ltr'>Ea</span> <span class='ocrx_word' id='word_1_264' title='bbox 871 3545 974 3612; x_wconf 86' lang='lat' dir='ltr'>quum</span> <span class='ocrx_word' id='word_1_265' title='bbox 989 3521 1116 3587; x_wconf 83' lang='lat' dir='ltr'>decreta</span> <span class='ocrx_word' id='word_1_266' title='bbox 1131 3541 1278 3610; x_wconf 82' lang='lat' dir='ltr'>magnum</span> <span class='ocrx_word' id='word_1_267' title='bbox 1291 3517 1339 3583; x_wconf 79' lang='lat' dir='ltr'>Ct-</span> <span class='ocrx_word' id='word_1_268' title='bbox 1392 3527 1393 3582; x_wconf 63' lang='lat' dir='ltr'>i</span> 
     </span>
    </p>
   </div>
   <div class='ocr_carea' id='block_1_3' title="bbox 284 3621 1340 3714">
    <p class='ocr_par' dir='ltr' id='par_1_3' title="bbox 284 3621 1340 3714">
     <span class='ocr_line' id='line_1_33' title="bbox 284 3621 1340 3714; baseline -0.003 -27"><span class='ocrx_word' id='word_1_269' title='bbox 284 3625 354 3688; x_wconf 88' lang='lat' dir='ltr'>toni</span> <span class='ocrx_word' id='word_1_270' title='bbox 376 3624 511 3714; x_wconf 74' lang='lat' dir='ltr'>gloriam</span> <span class='ocrx_word' id='word_1_271' title='bbox 533 3627 681 3691; x_wconf 80' lang='lat' dir='ltr'>conferre</span> <span class='ocrx_word' id='word_1_272' title='bbox 703 3626 912 3709; x_wconf 86' lang='lat' dir='ltr'>viderentur,</span> <span class='ocrx_word' id='word_1_273' title='bbox 934 3625 1090 3705; x_wconf 81' lang='lat' dir='ltr'>maiorem</span> <span class='ocrx_word' id='word_1_274' title='bbox 1113 3640 1219 3713; x_wconf 86' lang='lat' dir='ltr'>spreta</span> <span class='ocrx_word' id='word_1_275' title='bbox 1239 3621 1281 3686; x_wconf 85' lang='lat' dir='ltr'>itti</span> <span class='ocrx_word' id='word_1_276' title='bbox 1301 3633 1340 3684; x_wconf 84' lang='lat' dir='ltr'>at·</span> 
     </span>
    </p>
   </div>
   <div class='ocr_carea' id='block_1_4' title="bbox 285 3861 1340 4184">
    <p class='ocr_par' dir='ltr' id='par_1_4' title="bbox 285 3861 1340 4184">
     <span class='ocr_line' id='line_1_34' title="bbox 318 3861 1339 3937; baseline -0.007 -19"><span class='ocrx_word' id='word_1_277' title='bbox 318 3871 335 3937; x_wconf 74' lang='lat' dir='ltr'><strong><em>s</em></strong></span> <span class='ocrx_word' id='word_1_278' title='bbox 352 3869 454 3917; x_wconf 77' lang='lat' dir='ltr'>mn.</span> <span class='ocrx_word' id='word_1_279' title='bbox 472 3868 594 3917; x_wconf 70' lang='lat' dir='ltr'>1²11an</span> <span class='ocrx_word' id='word_1_280' title='bbox 605 3902 612 3926; x_wconf 89' lang='lat'>‚</span> <span class='ocrx_word' id='word_1_281' title='bbox 631 3869 677 3925; x_wconf 77' lang='lat'>30,</span> <span class='ocrx_word' id='word_1_282' title='bbox 695 3879 719 3916; x_wconf 86' lang='lat' dir='ltr'>et</span> <span class='ocrx_word' id='word_1_283' title='bbox 737 3869 859 3928; x_wconf 81' lang='lat' dir='ltr'>XXXIV,</span> <span class='ocrx_word' id='word_1_284' title='bbox 875 3870 899 3918; x_wconf 81' lang='grc'>8.</span> <span class='ocrx_word' id='word_1_285' title='bbox 915 3895 950 3906; x_wconf 92' lang='lat'>·—</span> <span class='ocrx_word' id='word_1_286' title='bbox 968 3868 1031 3916; x_wconf 77' lang='lat' dir='ltr'>rtur.</span> <span class='ocrx_word' id='word_1_287' title='bbox 1050 3867 1076 3915; x_wconf 91' lang='lat' dir='ltr'>in</span> <span class='ocrx_word' id='word_1_288' title='bbox 1095 3867 1148 3916; x_wconf 80' lang='lat' dir='ltr'>Cat.</span> <span class='ocrx_word' id='word_1_289' title='bbox 1167 3893 1201 3904; x_wconf 92' lang='lat'>-</span> <span class='ocrx_word' id='word_1_290' title='bbox 1212 3863 1265 3912; x_wconf 74' lang='lat' dir='ltr'>td.</span> <span class='ocrx_word' id='word_1_291' title='bbox 1283 3861 1339 3907; x_wconf 62' lang='grc' dir='ltr'>Μ</span> 
     </span>
     <span class='ocr_line' id='line_1_35' title="bbox 285 3947 1340 4017; baseline -0.008 -15"><span class='ocrx_word' id='word_1_292' title='bbox 285 3955 330 4012; x_wconf 78' lang='grc' dir='ltr'>Ν,</span> <span class='ocrx_word' id='word_1_293' title='bbox 344 3955 373 4012; x_wconf 83' lang='grc'>3,</span> <span class='ocrx_word' id='word_1_294' title='bbox 387 3970 411 4002; x_wconf 88' lang='lat' dir='ltr'>a.</span> <span class='ocrx_word' id='word_1_295' title='bbox 422 3979 458 3990; x_wconf 92' lang='lat'>-</span> <span class='ocrx_word' id='word_1_296' title='bbox 471 3951 613 4017; x_wconf 78' lang='lat' dir='ltr'>stxvm.</span> <span class='ocrx_word' id='word_1_297' title='bbox 624 3951 748 4000; x_wconf 80' lang='lat' dir='ltr'>Plutarch.</span> <span class='ocrx_word' id='word_1_298' title='bbox 761 3979 796 3988; x_wconf 92' lang='lat'>—</span> <span class='ocrx_word' id='word_1_299' title='bbox 806 3952 886 4001; x_wconf 79' lang='lat' dir='ltr'>strab.</span> <span class='ocrx_word' id='word_1_300' title='bbox 898 3977 934 3989; x_wconf 91' lang='lat'><em>-</em></span> <span class='ocrx_word' id='word_1_301' title='bbox 946 3951 998 4000; x_wconf 82' lang='lat' dir='ltr'>Cic.</span> <span class='ocrx_word' id='word_1_302' title='bbox 1009 3965 1056 4016; x_wconf 88' lang='lat' dir='ltr'>prc</span> <span class='ocrx_word' id='word_1_303' title='bbox 1066 3949 1154 4010; x_wconf 81' lang='lat' dir='ltr'>domo,</span> <span class='ocrx_word' id='word_1_304' title='bbox 1172 3965 1224 4013; x_wconf 83' lang='lat' dir='ltr'>cap.</span> <span class='ocrx_word' id='word_1_305' title='bbox 1236 3947 1260 4004; x_wconf 73' lang='lat'>8,</span> <span class='ocrx_word' id='word_1_306' title='bbox 1270 3954 1292 3991; x_wconf 79' lang='lat' dir='ltr'>et</span> <span class='ocrx_word' id='word_1_307' title='bbox 1302 3953 1340 4004; x_wconf 76' lang='lat' dir='ltr'>p¹⁰</span> 
     </span>
     <span class='ocr_line' id='line_1_36' title="bbox 285 4021 1340 4102; baseline -0.006 -16"><span class='ocrx_word' id='word_1_308' title='bbox 285 4043 353 4088; x_wconf 75' lang='lat' dir='ltr'>Sext.</span> <span class='ocrx_word' id='word_1_309' title='bbox 364 4055 418 4102; x_wconf 84' lang='lat' dir='ltr'>cap.</span> <span class='ocrx_word' id='word_1_310' title='bbox 429 4039 462 4085; x_wconf 68' lang='lat' dir='ltr'>as</span> <span class='ocrx_word' id='word_1_311' title='bbox 473 4049 497 4085; x_wconf 88' lang='lat' dir='ltr'>et</span> <span class='ocrx_word' id='word_1_312' title='bbox 510 4053 554 4099; x_wconf 77' lang='lat'>²9·</span> <span class='ocrx_word' id='word_1_313' title='bbox 564 4064 599 4074; x_wconf 92' lang='lat'>-</span> <span class='ocrx_word' id='word_1_314' title='bbox 609 4037 675 4086; x_wconf 75' lang='lat' dir='ltr'>Flos.</span> <span class='ocrx_word' id='word_1_315' title='bbox 688 4037 739 4098; x_wconf 83' lang='lat'>111,</span> <span class='ocrx_word' id='word_1_316' title='bbox 750 4052 775 4101; x_wconf 80' lang='lat'>9,</span> <span class='ocrx_word' id='word_1_317' title='bbox 785 4063 820 4074; x_wconf 88' lang='lat'>-·</span> <span class='ocrx_word' id='word_1_318' title='bbox 830 4038 898 4085; x_wconf 76' lang='lat' dir='ltr'>Sext.</span> <span class='ocrx_word' id='word_1_319' title='bbox 906 4036 965 4084; x_wconf 78' lang='lat' dir='ltr'>Rus.</span> <span class='ocrx_word' id='word_1_320' title='bbox 977 4051 1032 4100; x_wconf 65' lang='lat' dir='ltr'>cap.</span> <span class='ocrx_word' id='word_1_321' title='bbox 1046 4036 1085 4083; x_wconf 78' lang='lat'>13.</span> <span class='ocrx_word' id='word_1_322' title='bbox 1096 4061 1131 4072; x_wconf 90' lang='lat'>-</span> <span class='ocrx_word' id='word_1_323' title='bbox 1140 4027 1272 4082; x_wconf 75' lang='lat' dir='ltr'>marcellin.</span> <span class='ocrx_word' id='word_1_324' title='bbox 1283 4021 1340 4074; x_wconf 65' lang='lat' dir='ltr'>W·</span> 
     </span>
     <span class='ocr_line' id='line_1_37' title="bbox 287 4121 554 4184; baseline -0.026 -9"><span class='ocrx_word' id='word_1_325' title='bbox 287 4140 328 4184; x_wconf 78' lang='lat'>²7·</span> <span class='ocrx_word' id='word_1_326' title='bbox 342 4121 554 4180; x_wconf 76' lang='lat' dir='ltr'>-Vell.11‚t5.</span> 
     </span>
    </p>
   </div>
   <div class='ocr_carea' id='block_1_5' title="bbox 0 0 1445 4900">
    <p class='ocr_par' dir='ltr' id='par_1_5' title="bbox 0 0 1445 4900">
     <span class='ocr_line' id='line_1_38' title="bbox 0 0 1445 4900; baseline 0 0"><span class='ocrx_word' id='word_1_327' title='bbox 0 0 1445 4900; x_wconf 95' lang='lat' dir='ltr'> </span> 
     </span>
    </p>
   </div>
  </div>
 </body>
</html>
