2875 4900
285 372 356 447 652
463 378 529 446 JO.
556 378 1168 451 FREINSHEMIISUPPLEM.

283 502 367 563 tione
377 496 704 565 libenatemetotirun
715 500 966 589 respicientibus:
978 523 1077 589 neque
1085 502 1355 583 dubitaremus-

282 602 380 666 ituros
398 601 448 665 ad
467 602 647 689 Pompeium
664 603 834 680 universos,
853 599 951 665 srbrul
973 615 1069 691 atque
1087 602 1212 667 redsscti
1228 607 1265 669 in
1286 606 1353 671 Itu·

282 701 362 765 licam
369 699 496 791 forent.

326 804 415 867 xvl.
433 802 472 867 Id
488 826 621 891 quoque
636 802 905 893 negligentiorem
917 804 1027 869 effecit
1042 803 1257 893 Pompeium,
1270 832 1354 874 eun.

282 918 333 967 cta
360 903 449 985 sibi,
476 904 575 969 simul
598 904 792 986 annuisset,
820 905 976 992 proclivia
999 904 1073 969 fore
1102 907 1353 979 existimantem.

281 1002 463 1092 Legiones,
498 1004 574 1091 quia
599 1004 710 1070 Parthi
737 1006 906 1071 recessisse
932 1006 1190 1091 nuntiabantur,
1217 1027 1352 1079 retente

282 1104 495 1169 nihilominus
512 1104 545 1167 in
568 1105 676 1188 ltalia,
696 1107 817 1195 Capuae
831 1106 1041 1173 hiemarunt:
1060 1132 1204 1197 namque
1218 1112 1351 1179 Bibulus

280 1205 455 1293 provincie
479 1228 545 1270 sure
563 1228 692 1295 paoem,
716 1206 858 1273 conflato
880 1208 967 1273 inter
985 1209 1122 1274 Parthos
1140 1211 1227 1275 civili
1246 1212 1351 1298 bello,

280 1322 519 1394 procuraverat.
545 1306 795 1397 Ornodapantes
814 1324 959 1397 satrapa,
983 1310 1119 1375 infestus
1139 1312 1210 1401 regi
1228 1313 1351 1399 Orodi,

280 1422 317 1469 ut
339 1422 506 1494 receptum
526 1408 615 1497 apud
637 1411 804 1477 Romanos
826 1410 979 1493 baberet,
999 1434 1074 1477 curn
1096 1413 1216 1478 Bibulo
1236 1417 1351 1483 amiei-

279 1506 357 1571 tiam
380 1508 574 1576 instituerat.
593 1512 691 1577 Hunc
711 1512 816 1603 igitur
835 1512 957 1579 crebris
977 1514 1102 1579 nuntiis
1121 1514 1271 1604 impulit,
1293 1536 1351 1603 ut,

278 1608 403 1673 Pacoro
426 1634 501 1703 rege
523 1614 725 1696 coristituto,
746 1613 870 1679 bellum
895 1612 999 1679 Orodi
1022 1615 1152 1679 iaceret.
1176 1617 1220 1681 At
1245 1620 1352 1683 caen

278 1732 387 1799 neque
404 1712 557 1779 lubenter
573 1714 741 1802 positurus
759 1714 955 1803 imperium,
976 1715 1030 1779 cui
1052 1713 1179 1780 tamdiu
1201 1738 1351 1784 assuere·

279 1828 345 1890 rat,
359 1829 406 1895 et,
420 1815 446 1877 si
460 1814 657 1905 deponeret,
672 1815 706 1879 in
723 1830 883 1905 potestate
896 1817 1028 1881 futurus
1043 1814 1271 1901 inimicorum,
1282 1842 1351 1883 orn-

175 1922 185 1931 *
278 1936 336 1979 nes
357 1916 499 1981 rationes
527 1938 601 1981 suas
624 1916 669 1980 ita
694 1916 842 2005 parabat,
864 1933 905 1981 ut
925 1916 953 1981 si
973 1916 1159 1981 volentibus
1178 1916 1349 1999 obtinere,

276 2016 367 2105 quod
381 2018 549 2107 cupiebat,
568 2019 735 2107 nequiret,
752 2020 805 2083 vel
817 2018 927 2082 invitis
937 2018 1093 2083 omnibus
1108 2036 1348 2105 assequeretur.

320 2121 424 2185 xvss.
443 2121 547 2210 Igitur
565 2121 632 2201 jam
651 2143 670 2186 a
689 2121 794 2186 multo
815 2136 964 2209 tempore
986 2119 1088 2201 nihil,
1113 2118 1206 2207 quod
1227 2136 1287 2185 ant
1308 2121 1349 2186 ad

274 2221 409 2309 gratiam
424 2222 598 2286 hominnm
613 2222 808 2339 parandam,
826 2238 886 2287 aut
902 2221 944 2288 ad
962 2244 1040 2310 opes
1053 2244 1127 2286 suas
1139 2220 1349 2288 stabiliendas

272 2323 467 2409 pertineret,
482 2324 739 2413 pretermiserat.
758 2324 882 2389 Forum
896 2324 1104 2388 inchoaverat
1114 2322 1156 2388 de
1167 2325 1347 2407 manubus

274 2424 345 2488 solo
369 2440 496 2490 tantum
513 2427 697 2492 sestertium
715 2426 831 2492 millies
845 2442 972 2515 empto;
990 2449 1113 2491 munus
1125 2428 1251 2541 populo
1267 2451 1348 2517 epu·

274 2524 410 2612 lamque
433 2529 661 2614 pronuntiarat
679 2529 713 2592 in
735 2526 808 2595 filie
829 2528 1018 2593 memoriam
1026 2549 1160 2615 ,φιιιιιι
1175 2527 1210 2590 in
1230 2529 1346 2592 morti·

271 2625 335 2690 bus
349 2643 572 2693 matronarum
588 2628 624 2694 id
634 2629 744 2694 adhue
756 2652 855 2694 nemo
871 2630 1013 2696 fecisset·
1004 2629 1214 2719 ,legionibus
1226 2631 1347 2719 stipen-

272 2727 395 2792 dium
386 2751 420 2792 ιιι
447 2746 643 2818 perpetuum
668 2729 907 2818 duplicaverat3
931 2729 1136 2795 frumentum
1161 2752 1248 2818 saepe
1275 2731 1346 2794 sine

270 2829 372 2895 modo
386 2853 423 2896 ac
435 2853 586 2896 mensura
601 2831 800 2921 praebuerat3
816 2832 991 2920 mancipia,
1009 2829 1130 2920 predia
1139 2830 1263 2894 viritim
1276 2830 1344 2896 ‹lis-

270 2930 447 3014 tribuerat3
462 2931 593 3020 regibus
607 2935 810 3022 captivorum
824 2932 924 2997 millia
941 2931 1031 2998 dono
1044 2929 1197 3012 dederat,
1217 2947 1253 2996 et
1263 2933 1345 2997 eitra

269 3047 401 3096 senatus
420 3032 574 3121 populive
589 3033 717 3115 jussum
737 3033 870 3115 auxilia,
888 3034 1017 3121 quoties
1032 3047 1067 3098 et
1081 3055 1150 3121 quo
1166 3032 1345 3121 petissent,

269 3132 415 3213 miserat;
428 3133 547 3214 ltalia,
563 3133 690 3217 Gallie,
704 3135 952 3223 Hispaniarum,
965 3133 1050 3199 Asie
1063 3155 1199 3222 quoque
1211 3150 1246 3198 et
1259 3133 1346 3200 Gne

269 3234 326 3299 eie
344 3233 441 3298 urbes
457 3234 688 3300 munitissimas
702 3235 873 3325 precipuis
885 3234 1040 3324 operibus
1055 3249 1238 3300 exornarat.

313 3335 436 3400 XVlll.
452 3337 540 3401 Tum
552 3359 631 3402 rero
648 3354 681 3402 et
698 3337 817 3402 milites
834 3336 1042 3426 conseripsit,
1055 3352 1090 3400 et
1103 3336 1254 3424 peuniis
1266 3359 1344 3402 coa·

268 3433 435 3500 remudis
448 3436 592 3522 studuit,
606 3438 765 3527 omnique
778 3437 879 3504 modo
895 3438 1074 3504 exercitum
1087 3436 1150 3502 sibi
1168 3461 1270 3527 qnam
1282 3438 1344 3502 be-

268 3538 568 3604 nevolentissimum
581 3538 719 3606 efficere.
734 3540 825 3605 Inter
835 3539 905 3604 brec
920 3555 953 3604 et
965 3539 1165 3628 provinciam
1177 3539 1344 3606 ordinavit

268 3659 396 3702 summa
414 3637 636 3721 huinanitale3
657 3640 719 3704 nisi
745 3640 853 3730 quod,
873 3641 1028 3730 imposito
1053 3641 1194 3724 tributo,
1220 3642 1341 3707 vietam

267 3762 302 3804 se
324 3739 417 3804 fateri
438 3739 573 3804 Galliam
597 3743 712 3830 coegit.
739 3741 779 3805 Id
801 3762 953 3830 quoque,
975 3763 1037 3830 pro
1060 3740 1287 3830 magnitudine
1305 3757 1342 3804 et

299 3975 315 4042 s
328 3977 386 4024 XV.
398 3975 463 4026 Hirr.
478 3975 509 4024 de
522 3977 551 4024 B.
560 3975 702 4024 Gattvlu.
715 4003 752 4014 -
764 3976 887 4024 Plutarch.
900 4002 932 4013 -
947 3975 1055 4042 Appiam
1068 4003 1102 4014 -
1115 3975 1132 4041 S
1146 3977 1218 4026 XVI.
1234 3977 1289 4028 cte.
1302 3975 1339 4023 ad

266 4059 351 4111 rmtl.
363 4061 401 4118 ll,
415 4075 454 4120 ις.
469 4087 504 4097 -
517 4061 578 4120 Dio,
591 4077 618 4127 p.
636 4060 669 4108 85
683 4070 707 4108 et
720 4061 764 4121 93.
783 4083 819 4096 -··
835 4058 852 4124 s
867 4057 953 4109 xvu.
966 4061 1068 4108 aneon
1081 4059 1108 4106 in
1121 4059 1184 4109 Cas.
1197 4075 1252 4125 cap.
1264 4059 1299 4108 ιδ
1308 4065 1335 4106 rt

266 4145 308 4195 ai.
321 4171 356 4182 -
369 4143 492 4195 Plutarch.
503 4144 529 4194 iu
542 4147 596 4196 Cat.
608 4155 632 4195 et
642 4143 703 4194 Ces.
714 4171 751 4182 -
760 4143 824 4193 Plin.
833 4143 963 4204 XXXVI,
974 4144 1014 4193 1⁵.
1032 4171 1066 4182 -
1081 4143 1140 4194 uto.
