2875 4900
270 384 325 453 IN
354 381 1148 480 Loc.LIB.cvl1L1leN1.609

81 504 213 620 publica
228 504 376 619 pluribus
392 500 633 616 magistratibus
644 500 814 589 indigeret.
836 501 940 566 sed
912 523 981 585 ejus
994 504 1042 568 rei
1055 526 1150 570 men·

82 607 192 683 tione,
216 604 292 693 quia
314 604 368 667 vix
392 602 524 666 auribus
548 586 763 667 admittebant
788 602 958 686 homines,
981 604 1148 693 deposita,

83 711 121 773 C.
144 708 300 772 Lucceius
317 706 433 771 Hirrus
457 703 609 769 tribunus
633 702 756 791 plebis,
779 704 1003 769 consentiente
1026 707 1150 797 collega

81 808 130 873 M.
142 808 242 873 Coelio
254 806 438 887 Liciniano,
456 805 659 894 rogationem
671 804 906 893 promulgarat,
922 808 970 871 uti
985 807 1042 875 Cn.
1057 809 1151 873 Pom·

73 913 170 999 peius
180 907 356 999 ntirublicae
370 904 594 971 constintendoe
605 906 744 969 dictator
754 904 916 973 dreeraur.
930 908 994 974 Sed
1009 910 1150 977 invisum

82 1013 150 1077 hoc
160 1027 193 1075 et
204 1009 393 1075 detestabile
401 1008 555 1073 Romanis
566 1028 686 1071 nomen
697 1006 793 1073 Sutlae
804 1007 975 1073 crudelitas
986 1010 1148 1077 effecerat.

81 1110 190 1201 Igitur
205 1110 251 1174 sic
268 1110 415 1173 invectus
433 1124 482 1173 est
497 1107 531 1170 in
543 1106 677 1172 Hirrum
689 1107 736 1170 M.
748 1110 846 1185 Cato,
862 1124 900 1172 ut
910 1132 1025 1197 parum
1036 1111 1151 1175 abfue-

82 1214 145 1295 rit,
163 1234 205 1275 ne
221 1211 370 1275 abdicare
386 1224 564 1299 cogeretur.
577 1206 654 1271 Erat
666 1223 776 1271 tamen
790 1210 904 1273 anxius
916 1210 959 1274 ob
972 1212 1151 1297 potentiam

83 1313 233 1401 Pompeii
251 1328 400 1393 senatus,
419 1331 479 1375 nec
494 1308 635 1373 audebat
649 1309 725 1373 satis
742 1308 921 1396 quidquam
934 1311 981 1392 ei,
998 1310 1088 1399 quod
1099 1334 1153 1400 ap·

82 1430 225 1505 peteret,
242 1412 410 1503 denegare.
427 1410 532 1476 Amici
548 1408 680 1498 quidem
699 1408 768 1490 ejus
785 1407 875 1497 (ipse
892 1396 979 1475 enim
994 1426 1066 1476 turn
1080 1414 1155 1477 abe·

82 1515 159 1603 rat)
176 1516 357 1606 negabant,
376 1514 432 1579 Cn.
453 1512 601 1601 Pompeio
607 1510 736 1600 placere
750 1512 861 1573 mutos
876 1510 1007 1575 bonores
1015 1537 1029 1593 ,·
1048 1530 1082 1577 et
1093 1537 1153 1603 per

82 1618 300 1698 Ciceronem,
315 1632 445 1705 petente
461 1612 636 1701 Pompeio,
652 1613 803 1676 Crassum
823 1612 1018 1695 lunianum,
1035 1636 1077 1679 ne
1094 1638 1152 1679 au·

83 1734 160 1783 ctor
171 1717 280 1800 fieret,
292 1716 418 1783 dudum
430 1715 669 1781 deterruerunt.
683 1711 747 1779 Sed
760 1712 972 1777 nihilominus
985 1714 1153 1805 ingenium

84 1820 157 1900 ejus
173 1836 313 1901 tectum,
331 1834 364 1884 et
378 1819 438 1882 alia
456 1818 608 1905 cupiens,
624 1815 684 1879 alia
700 1814 876 1895 simulans,
892 1814 1107 1881 metuebatur.

132 1922 205 1985 XV.
222 1918 369 1985 Tandem
385 1919 453 2008 ipse
469 1918 611 1984 adventu
626 1939 687 1981 suo
703 1916 889 2005 composuit
903 1916 1033 1999 omnia;
1049 1939 1154 2005 quum

84 2047 105 2085 a
122 2024 246 2087 Catone
262 2020 428 2101 laudatus,
444 2017 531 2085 aliud
547 2020 669 2100 faeere,
686 2039 784 2105 quam
797 2016 885 2105 quod
898 2016 1074 2083 honestum
1086 2042 1155 2085 esse

84 2122 305 2211 intelligebat,
324 2120 538 2199 erubesceret,
557 2121 605 2182 Ita
627 2117 853 2183 consularibus
873 2118 1013 2183 comitiis
1034 2121 1154 2185 auxilio

84 2224 158 2306 ejus
182 2224 319 2304 habitis,
343 2224 403 2287 Cn.
427 2220 591 2285 Domitius
613 2212 658 2283 M.
682 2218 718 2282 F.
743 2218 912 2300 Calvinus,
941 2219 988 2284 M.
1006 2220 1153 2285 Valerius

85 2326 236 2391 Messalla
252 2324 366 2405 creati,
389 2343 499 2387 mense
522 2319 653 2385 demum
671 2318 811 2406 quintili.
827 2320 944 2405 ltaque
959 2318 1056 2384 simul
1071 2319 1154 2383 inie-

84 2442 188 2510 runt,
214 2424 255 2492 de
276 2424 417 2492 comitiis
439 2419 598 2487 habendis
625 2436 754 2500 actum,
776 2440 843 2483 non
870 2418 1034 2502 faciliore,
1056 2442 1155 2509 quarn

85 2528 244 2619 proximis
260 2525 354 2592 annis
370 2525 491 2604 firerat,
508 2523 661 2612 negotio:
679 2543 819 2608 namque
836 2543 895 2608 per
911 2520 1155 2588 candidatorum

84 2631 248 2696 ambitum
264 2644 297 2692 et
309 2625 463 2690 factiones
475 2623 707 2703 turbabantur3
725 2621 805 2685 adeo
818 2637 873 2702 ut,
889 2620 1023 2686 velutin
1036 2646 1156 2712 magno

85 2748 121 2796 ct
132 2747 242 2794 atroce
253 2728 362 2809 luctu,
374 2725 523 2790 eonsules
534 2726 599 2788 lato
612 2723 701 2790 clavo
712 2721 837 2810 posito,
851 2737 999 2787 senatum
1012 2725 1047 2788 in
1060 2747 1157 2812 eque·

84 2833 146 2898 stri
163 2831 276 2895 habitu
293 2840 519 2893 convocarent.
536 2823 669 2888 Salubre
685 2838 755 2887 tum
771 2821 938 2886 decretum
952 2823 1073 2888 factum
1090 2841 1154 2905 est,

85 2957 128 2996 ne
143 2933 342 3018 magistratus
361 2940 437 2992 ante
453 2929 596 3014 quintum
612 2947 748 3004 annum,
771 2945 868 3012 quom
886 2923 1026 2988 eonsules
1033 2940 1156 3012 praeto-

85 3055 198 3123 resque
194 3031 349 3120 suessent,
353 3050 532 3120 provincias
541 3028 743 3090 torrerentur
755 3047 800 3087 sre
810 3023 1013 3112 abquantum
1022 3045 1154 3116 repnmr

85 3157 185 3226 posse
205 3133 415 3198 ambitionem
431 3129 608 3219 putabant,
626 3128 652 3190 si
671 3142 797 3214 sperata
812 3125 957 3213 potentia
969 3124 1129 3214 longum'
1120 3147 1156 3188 ιιι

85 3257 237 3325 tempus,
254 3250 288 3298 et
304 3233 409 3297 varios
424 3231 640 3296 admissurum
656 3249 768 3309 casus,
787 3224 983 3290 differretur.

134 3337 224 3402 XVI.
247 3337 331 3401 Nam
354 3357 393 3398 eo
417 3329 626 3420 turpitudinis
651 3276 856 3414 audaciaeque
878 3347 930 3390 res
948 3341 1079 3390 venerat
1091 3339 1158 3406 ,ut

86 3437 254 3505 candidati
276 3455 342 3502 tam
361 3433 604 3525 largitionibus,
626 3453 726 3520 quam
747 3430 833 3494 ferro
857 3442 1033 3508 certarent,
1049 3442 1083 3490 et
1098 3426 1157 3489 ali-

86 3539 224 3632 quando
246 3538 361 3604 consul
385 3539 446 3601 Cn.
470 3532 631 3597 Domitius
653 3531 887 3594 vulneraretur.
907 3526 1048 3591 Unde
1024 3549 1070 3591 ιιι
1087 3542 1158 3590 tur·

85 3647 166 3709 bata
182 3656 259 3705 sunt
276 3640 309 3704 in
328 3635 415 3702 Urbe
438 3634 565 3714 omnia,
582 3649 620 3698 ut
634 3632 728 3695 initio
748 3629 913 3717 sequentis
935 3628 1010 3692 anni
1020 3650 1157 3716 ,neque

86 3743 260 3822 consules,
283 3763 344 3804 nee
366 3737 483 3802 urbani
508 3735 561 3799 alii
585 3734 788 3822 magistratus
812 3747 940 3813 essent3
962 3746 995 3793 et
1013 3677 1157 3794 lalendis

82 3843 261 3926 januariis,
280 3839 435 3904 nundinae
455 3850 645 3928 agerentur:
663 3857 736 3923 quae
756 3855 808 3898 res
829 3833 1008 3896 infaustum
1029 3832 1158 3896 luctuo-

124 4043 141 4108 S
154 4043 225 4091 ΧΠ.
240 4039 304 4089 Plut.
317 4041 343 4086 in
357 4041 446 4104 Pomp.
460 4065 495 4074 -·
510 4036 562 4086 Cio.
574 4035 605 4082 ad
619 4037 650 4096 Q.
664 4034 731 4082 fratr.
742 4034 793 4089 111,
804 4033 828 4088 8,
839 4045 868 4092 9,
879 4042 904 4078 et
916 4029 947 4078 ad
958 4029 1121 4082 FrrnssNlII,
1135 4035 1159 4084 4.

93 4155 131 4166 --
148 4127 208 4174 Dio.
223 4153 257 4162 —
268 4124 284 4189 s
296 4125 355 4172 XV.
367 4123 434 4171 rtur.
449 4147 482 4159 ·-
493 4119 551 4168 Dio.

213 4225 253 4292 Χ.
925 4205 971 4299 39
