2875 4900
260 369 306 439 lia
436 371 504 436 JO.
531 366 872 436 FREINSHEMII
904 361 1149 436 SUPPLEM.

259 508 309 554 ter
324 489 546 577 octingentos,
566 489 623 576 qui
642 488 706 566 jam
726 488 768 551 ad
789 487 927 552 Cinnam
946 485 1156 570 transierant,
1181 491 1328 578 reliquus

260 591 420 654 exercitus
436 606 584 678 pacatus,
601 588 805 676 imperioque
822 589 1026 676 proconsulis
1038 591 1206 654 restitutus
1222 609 1281 657 est.

302 692 375 755 VII.
399 691 536 754 Minime
563 705 670 753 tamen
699 689 876 754 diuturnus
898 707 1034 778 recepta
1055 693 1222 778 potestatis
1245 715 1327 757 usus

258 791 416 879 Pompeio
430 791 502 854 tuit.
522 790 624 854 Paulo
641 789 728 852 euim
745 805 820 878 post
837 805 1014 878 utrumque
1030 793 1207 857 exercitum
1225 799 1327 882 pesti-

258 893 357 956 lentia
378 893 513 972 invasit3
533 906 567 954 et
583 889 624 954 de
638 891 785 979 Pompeii
800 892 901 980 copiis
917 893 1090 957 hominum
1106 896 1205 960 millia
1219 897 1326 961 unde·

162 979 166 990 ’
258 994 340 1074 cim,
358 993 399 1056 de
413 992 596 1056 Octavianis
609 1011 664 1055 sex
675 991 854 1056 desiderata
867 1009 956 1057 sunt.
971 994 1097 1059 Deinde
1109 996 1223 1084 ingens
1236 999 1326 1086 apud

259 1097 398 1158 Romam
415 1109 588 1181 tempestas
611 1107 681 1156 orta
703 1109 769 1168 est,
788 1109 821 1156 et
843 1109 962 1174 castra,
979 1096 1141 1182 praecipue
1157 1096 1325 1186 Pompeii,

258 1213 324 1259 tam
337 1195 458 1260 crebris
475 1215 627 1281 percussa
639 1195 845 1276 fulminibus,
859 1211 897 1258 ut
910 1217 1006 1259 ruere
1020 1197 1134 1260 <mlum
1147 1197 1323 1262 videretur.

257 1299 357 1361 Arm-a
374 1296 528 1385 signaque
544 1295 663 1384 passim
679 1311 779 1378 tacta,
798 1288 932 1377 milites,
950 1312 982 1359 et
994 1295 1126 1382 quidam
1141 1319 1180 1360 ex
1193 1299 1328 1362 illustri·

257 1397 320 1460 bus
335 1397 505 1461 exanimati
518 1411 612 1477 suut,
630 1397 699 1484 ipse
712 1418 846 1483 quoque
859 1397 1036 1483 proconsul
1047 1397 1184 1462 fulmine
1197 1399 1325 1464 afflatus

257 1497 391 1561 interiit.
405 1497 485 1560 Tam
502 1497 716 1584 improvisum
735 1497 795 1560 viri
811 1498 955 1578 exitum,
972 1498 1143 1586 singularis
1160 1501 1255 1564 etiarn
1273 1525 1327 1565 ex·

257 1599 443 1685 sequiarum
462 1599 641 1687 ignominia
660 1598 812 1661 comitata
827 1613 886 1661 est.
907 1598 1006 1680 Quod
1029 1599 1117 1662 enim
1137 1601 1275 1689 imperio
1291 1620 1325 1666 et

258 1700 405 1763 maximis
427 1700 620 1764 exercitibus
643 1699 841 1779 instructus,
861 1698 1052 1786 periclitanti
1071 1701 1182 1786 patrias
1197 1716 1325 1790 tempe-

256 1801 340 1863 stive
352 1800 525 1864 subvenire
539 1800 739 1888 neglexerat,
754 1799 789 1861 in
803 1815 932 1862 tantum
944 1800 1057 1888 populi
1068 1803 1196 1871 romani
1208 1802 1324 1866 odium

255 1902 361 1982 venit,
375 1917 413 1965 ut
424 1902 546 1964 lectum
558 1901 646 1981 ejus,
660 1919 764 1986 quum
776 1899 817 1962 ad
829 1921 945 1989 rogum
958 1900 1139 1984 efferretur,
1151 1900 1323 1990 diriperet,

256 2025 441 2091 corpusque
458 2002 550 2064 omni
567 2002 764 2064 contumelia
779 2001 933 2065 affectum
950 2025 1038 2065 unco
1053 2003 1203 2068 traheret.

302 2105 389 2168 Vlll.
415 2106 503 2167 Dum
530 2103 589 2166 ista
614 2101 717 2182 fiunt,
742 2102 884 2182 Marius,
908 2102 1028 2166 relictis
1051 2125 1147 2192 supra
1172 2103 1325 2192 infraque

254 2206 380 2268 Urbem·
390 2203 433 2268 ad
448 2203 606 2268 arcendos
621 2219 822 2266 commeatus
835 2203 1007 2291 praesidiis,
1019 2221 1056 2267 ut
1071 2207 1167 2270 etiam
1184 2229 1223 2269 ex
1238 2207 1324 2294 agris

227 2357 231 2367 .
254 2306 499 2370 subvectionem
515 2325 647 2368 omnem
665 2319 866 2392 amputaret,
882 2305 988 2369 vicina
1003 2305 1139 2393 oppida,
1154 2309 1188 2369 in
1201 2307 1324 2394 quibus

254 2407 368 2497 populi
385 2406 513 2471 romani
531 2406 649 2470 horrea
667 2421 775 2485 erant,
793 2404 903 2470 subito
918 2427 1103 2494 aggressus,
1119 2408 1273 2488 Antium,
1289 2425 1324 2471 et

215 2576 221 2589 ,
255 2509 413 2589 Ariciam,
428 2524 461 2572 et
470 2508 670 2587 Lanuvium,
683 2522 715 2570 et
729 2522 883 2594 praeterea
894 2506 1067 2569 nonnullas
1076 2507 1153 2570 alias
1163 2508 1323 2589 colonias,

253 2610 285 2671 vi
302 2624 358 2672 aut
374 2607 560 2695 proditione
580 2608 722 2694 potitus,
742 2607 857 2671 deletis
873 2606 1113 2695 propemodum
1131 2610 1323 2673 habitatori·

255 2711 333 2791 bus,
348 2708 532 2772 devastavit.
544 2707 641 2788 lude,
656 2708 847 2795 priusquam
861 2709 930 2771 aliis
944 2730 984 2771 ex
995 2708 1075 2771 locis
1088 2710 1255 2797 importari
1268 2712 1324 2773 ali·

255 2811 335 2901 quid
351 2833 460 2874 rerum
472 2810 724 2874 necessariarum
738 2824 861 2896 posset,
871 2809 974 2895 Appia
987 2809 1037 2871 ria
1053 2810 1175 2873 Urbem
1189 2828 1321 2899 petens,

254 2912 426 3002 assumptis
446 2912 567 2975 caeteris
581 2909 737 2990 ducibus,
752 2910 836 2972 intra
852 2910 985 2973 tertium
1001 2909 1165 2975 decimum
1179 2911 1321 3000 lapidem

252 3030 353 3078 castra
364 3012 485 3099 posuit.
499 3013 622 3075 Contra
632 3011 771 3074 abUrbe
779 3012 895 3073 consul
901 3010 1064 3092 Octavius,
1074 3036 1149 3076 cum
1159 3014 1194 3078 P.
1202 3015 1321 3078 Crasso

253 3130 285 3177 et
300 3117 341 3195 Q.
352 3114 484 3177 Metello
499 3112 705 3177 venientibus
723 3112 885 3194 occurrit,
906 3112 1025 3175 virtute
1042 3134 1247 3201 numeroque
1260 3116 1324 3178 rni-

252 3216 346 3277 litum
362 3236 428 3277 non
449 3215 600 3295 inferior,
618 3236 726 3301 neque
740 3214 845 3301 impar
860 3213 1015 3301 negotiis,
1033 3214 1094 3277 nisi
1115 3214 1206 3301 quod
1221 3216 1322 3280 rebus

253 3313 388 3377 turbatis
407 3313 521 3377 eadem
540 3313 649 3376 omnia
668 3313 880 3377 custodienda
901 3313 1070 3393 credebat,
1092 3338 1165 3403 quoe
1184 3339 1322 3406 compo-

252 3415 312 3477 sita
330 3414 496 3499 republica
512 3430 604 3477 eraut
618 3414 805 3478 constituta.

297 3514 354 3576 tx.
373 3512 456 3576 lnde
474 3514 559 3576 leuta
577 3530 609 3577 et
624 3514 781 3600 impedita
802 3516 937 3579 consilia
957 3518 1048 3605 quasi
1072 3517 1219 3581 vinctim
1237 3542 1321 3583 con-

252 3615 468 3701 strictumque
484 3614 626 3678 hostium
639 3614 780 3678 audacias
792 3617 1004 3702 praebuerunt
1019 3640 1027 3679 t
1042 3619 1100 3704 qui
1110 3620 1220 3681 omnia
1233 3623 1320 3703 ausi,

286 3856 302 3920 S
315 3858 371 3905 vlt.
386 3856 451 3903 vett.
465 3856 505 3913 ll,
519 3871 560 3901 ar.
573 3884 607 3892 -
623 3858 729 3920 Appian.
744 3885 778 3893 -
791 3858 841 3906 Jul.
851 3860 942 3923 Obseq.
958 3888 991 3897 -
1004 3861 1068 3909 Plut.
1081 3860 1112 3908 de
1125 3861 1164 3908 his
1177 3862 1220 3925 qui
1236 3878 1291 3910 sero
1306 3883 1321 3912 a

254 3959 321 3991 num.
334 3942 483 4006 puniuntur,
504 3956 558 4005 cap.
578 3946 621 3997 ¹43
639 3939 704 3986 idern
723 3941 749 3986 iu
768 3944 855 4006 Pomp.
870 3959 925 4007 cap.
944 3960 963 3991 r.
987 3972 1021 3979 -
1041 3946 1146 4010 §VIIL
1163 3946 1195 3995 U.
1212 3946 1240 3994 C.
1253 3948 1320 4004 6653

253 4032 283 4075 A.
298 4027 326 4075 C.
341 4026 382 4083 87.
399 4050 434 4060 -
447 4022 497 4071 Jul.
510 4022 646 4085 Obseq.·-
660 4023 724 4070 Plut.
736 4024 761 4069 iu
775 4026 838 4073 Mar.
854 4044 908 4090 cap.
920 4042 960 4086 7¹·
974 4054 1007 4063 -
1022 4029 1075 4074 Liv.
1086 4028 1150 4093 Epir.
1161 4056 1197 4066 -
1207 4032 1320 4088 Oroav,

255 4128 293 4173 ιι).
305 4138 338 4146 -
351 4109 457 4173 Appiuu.
473 4135 505 4143 -
520 4108 568 4153 Dio
578 4106 642 4170 apud
652 4107 732 4153 Valcs.
