2875 4900
284 378 338 448 1u
363 376 474 446 noe.
495 376 589 445 nra.
613 378 742 445 cvm
767 373 981 444 marani.
1094 355 1170 471 637'

94 496 458 586 occuparant.·Eodem
487 513 520 561 et
550 496 705 560 Caninius
730 517 806 559 cum
832 492 961 558 duabus
984 496 1168 587 legionibus

94 600 262 690 procedit,
277 600 413 687 visoque
428 599 491 663 Ioci
505 599 590 679 situ,
606 597 711 663 tribus
725 598 810 661 circa
821 596 933 661 castris
946 598 1075 686 positis,
1090 608 1170 689 pau·

95 702 187 765 latim
206 698 447 765 munitionibus
464 698 614 763 claudere
626 697 785 787 oppidum
798 698 950 762 instituit.
966 700 1045 764 Erat
1055 702 1089 765 in
1103 705 1173 767 ani-

98 801 163 865 mis
180 800 461 865 omniumrecens
479 799 592 864 Alesiae
609 800 789 881 calamitas,
806 798 963 887 ideoque,
979 818 1018 865 ut
1038 804 1085 867 rei
1100 805 1171 868 fiu-

96 902 267 965 mentarim
289 900 372 963 ratio
395 900 588 982 haberetur,
605 902 731 989 Drapes
747 915 781 963 et
802 900 969 981 Laterius,
992 901 1122 967 modico
1137 905 1171 968 in

99 1002 184 1067 urbe
200 1004 313 1068 relicto
329 1001 497 1091 praesidio,
514 1018 642 1065 caeteras
657 995 935 1091 copiaslrumenti
948 1003 1174 1092 comportandi

99 1126 199 1169 causa
214 1103 370 1169 educunt.
396 1102 436 1167 Id
457 1126 579 1191 quum,
605 1102 716 1167 castris
742 1103 828 1166 intra
850 1101 1013 1167 decimum
1040 1105 1173 1170 milliare

99 1206 232 1295 positis,
255 1216 481 1295 perangustas
497 1206 724 1291 silvestresque
737 1204 866 1268 semitas
883 1204 917 1268 in
936 1205 1094 1294 oppidum
1110 1206 1173 1271 im·

101 1322 234 1395 portare
248 1306 433 1395 caepissent,
451 1307 588 1394 strepitu
605 1302 785 1393 prodente,
805 1328 823 1369 a
840 1307 978 1369 Caninio
994 1308 1056 1369 sub
1072 1308 1175 1396 ipsam
1228 1357 1232 1366 .

101 1408 213 1471 lucem
231 1422 310 1471 suut
326 1407 547 1471 circumventi.
569 1406 738 1487 Lutarius,
757 1406 816 1493 qui
838 1428 914 1470 cum
933 1408 1177 1473 frumentatori-

102 1508 169 1573 bus
184 1524 267 1589 erat,
287 1531 363 1575 cum
379 1508 491 1597 paucis
506 1508 551 1571 ita
567 1506 698 1598 effugit,
720 1523 759 1571 ut
775 1528 889 1569 eorum
907 1529 1005 1572 nemo
1025 1510 1059 1573 in
1075 1528 1177 1577 castra

104 1625 333 1674 reverteretur.

151 1712 260 1775 XXII.
278 1710 382 1799 Igitur
395 1711 537 1798 Drapes,
553 1710 685 1800 ignarus
701 1709 868 1791 omnium,
886 1710 996 1773 subito
1009 1712 1181 1776 Germanis

106 1810 328 1893 irruentibus,
351 1810 525 1875 turbatur:
546 1810 641 1875 multi
659 1809 855 1875 occiduntur
872 1810 1036 1892 hostium,
1053 1814 1180 1895 caeteri,

106 1932 207 2003 atque
221 1912 369 2001 inprimis
382 1912 451 2001 ipse
465 1911 543 1993 dux,
558 1912 741 2001 capiuntur.
754 1912 909 1975 Caninius
921 1910 963 1975 ad
976 1911 1180 1977 obsidionem

106 2014 307 2081 Uxelloduni
327 2012 427 2095 redit3
455 2013 571 2077 eodem
595 2029 628 2078 et
650 2012 768 2077 Fabius
790 2011 913 2076 accedit
930 2012 1087 2100 postridie
1107 2036 1115 2078 ε
1137 2015 1183 2080 ita

108 2117 261 2209 pluribus
277 2138 317 2179 ex
333 2114 480 2203 partibus
500 2136 599 2202 opera
616 2113 893 2178 administrantur.
915 2115 1042 2178 Interea
1060 2117 1182 2198 Caesar,

108 2219 225 2284 relicto
241 2215 468 2281 inliellovacis
490 2229 649 2303 quaestore
666 2216 711 2280 M.
728 2216 888 2297 Antonio,
906 2218 1064 2281 Carnutes
1083 2217 1182 2299 adiit,

110 2321 380 2406 concitoremque
396 2317 472 2382 belli
486 2317 706 2381 Guturratum
728 2314 887 2404 supplicio
906 2316 1024 2381 affecit.
1046 2318 1183 2407 Cognita

111 2420 232 2488 deiude
249 2418 369 2488 crebris
386 2419 512 2484 nuntiis
528 2417 842 2483 Uxellodunensium
854 2418 1046 2507 pervicacia,
1061 2421 1184 2486 faciun-

112 2524 195 2590 dum
215 2523 276 2588 sibi
299 2521 428 2603 statuit,
449 2537 486 2585 ut
509 2521 577 2608 ipse
599 2543 638 2584 eo
653 2506 929 2608 proficisceretur,
946 2542 1008 2602 ne,
1027 2523 1055 2584 si
1078 2545 1182 2587 unum

111 2623 273 2714 oppidum
287 2621 409 2686 diutius
425 2622 612 2697 restitisset,
629 2621 814 2685 unit’ersam
830 2621 966 2686 Galliam
979 2621 1021 2686 ad
1031 2623 1116 2689 vires
1128 2625 1186 2689 ite·

112 2751 190 2794 rum
206 2724 376 2792 tentandas
392 2724 586 2790 sollicitaret.

158 2829 284 2896 XXIII.
308 2829 484 2914 Postquam
509 2825 754 2890 Uxellodunum
772 2828 876 2889 Caesar
894 2825 1000 2906 venit,
1017 2824 1186 2914 inspectis·

114 2955 182 3021 que
195 2929 365 3008 omnibus,
382 2928 481 2992 situm
495 2927 559 2992 loci
571 2925 874 3016 inexpugnabilem,
890 2927 1046 2991 frumenti
1060 2929 1186 3014 copiam

115 3035 152 3100 in
177 3035 314 3123 longum
337 3047 469 3118 tempus
491 3027 661 3118 oppidanis
689 3042 878 3118 suppetere,
904 3050 965 3091 nec
991 3028 1098 3092 omitti
1116 3049 1186 3090 rem

115 3157 229 3225 posse,
245 3133 354 3198 clauso
377 3130 530 3220 operibus
553 3127 694 3218 oppido,
717 3129 886 3217 cognorit3
905 3150 1004 3190 uuam
1023 3151 1114 3216 spem
1139 3128 1188 3190 vi-

116 3237 230 3302 ctoriae
254 3235 289 3298 in
313 3256 354 3298 eo
374 3232 453 3296 verti
477 3230 632 3312 credidit,
657 3232 683 3294 si
703 3253 787 3316 aqua
811 3230 985 3318 prohibere
1007 3229 1188 3318 oppidanos

116 3353 239 3428 posset.
257 3337 299 3400 Et
316 3334 451 3400 flumine
468 3332 619 3421 quidem,
637 3331 728 3420 quod
743 3333 817 3396 imis
831 3331 992 3396 radicibus
1006 3333 1128 3397 montis
1145 3333 1189 3396 ita

118 3437 304 3518 ferebatur,
319 3450 358 3499 ut
374 3435 496 3498 nullam
514 3434 548 3496 in
570 3447 694 3521 partem
718 3431 857 3497 derivari
874 3449 1000 3522 posset,
1017 3456 1077 3522 per
1093 3435 1190 3523 sagit-

118 3539 220 3606 tarios
239 3536 487 3622 funditoresque
503 3535 676 3623 prohibere
693 3555 761 3596 non
781 3549 850 3597 erat
869 3532 998 3597 difficile
1014 3557 1022 3598 ε
1040 3549 1191 3598 caeterum

118 3643 183 3707 sub
195 3640 295 3729 ipsius
307 3635 419 3726 oppidi
432 3635 593 3700 moeuibus
605 3636 678 3698 fons
689 3657 826 3723 mugnus
835 3636 1078 3726 prorumpebat,
1092 3659 1190 3723 quem

118 3742 221 3809 adimi
234 3740 373 3806 obsessis
384 3761 497 3827 posse,
515 3759 617 3826 quum
629 3736 747 3823 reliqui
763 3753 889 3800 tantum
902 3753 1075 3825 optarent,
1088 3739 1194 3800 Caesar

119 3867 212 3912 uuus
225 3841 323 3918 vidit,
340 3862 476 3927 remque
491 3841 640 3902 ell'ectarn
659 3835 759 3902 dedit.

167 3945 289 4010 XXIV.
306 3943 456 4030 Namque
476 3965 516 4006 ex
531 3939 666 4006 adverso
688 3940 789 4005 sontis
804 3940 913 4003 vincas
927 3941 978 4028 agi
996 3957 1029 4004 et
1044 3963 1192 4028 aggerem

121 4047 205 4112 strui
218 4045 313 4126 jussit
335 4061 393 4109 :et
414 4065 602 4131 quanquam
622 4065 662 4106 ex
677 4042 845 4130 superiore
865 4042 937 4105 loco
961 4041 1053 4104 multi
1076 4043 1193 4107 milites

122 4147 396 4229 vulnerabantur,
413 4161 501 4210 tanta
520 4161 628 4210 tamen
651 4145 831 4209 constantia
848 4143 927 4224 fuit,
944 4159 982 4208 ut
996 4167 1093 4234 agger
1109 4167 1197 4209 soxa-
