2875 4900
303 360 373 439 boa
418 444 421 456 Ι
461 356 479 421 J
490 356 533 422 O.
562 350 923 421 FREINSHEMH
955 350 1213 421 SUPPLEM.

301 476 414 564 ptione
421 471 591 554 ueoiderat,
601 472 713 537 multis
725 472 758 533 in
770 472 893 559 praelio,
902 492 1011 559 neque
1020 472 1228 560 paucioribus
1239 474 1272 537 in
1281 475 1354 563 luga,

305 574 519 662 interemptis.

346 678 436 741 XIX.
460 674 635 763 Pompeius
645 672 817 737 adversum
835 695 871 736 se
887 674 1055 737 venientes
1068 674 1197 737 obviam
1209 696 1355 763 egressus,

302 800 342 841 eo
357 779 429 865 ipso
445 776 619 856 exterruit,
638 790 671 837 et
684 774 742 862 qui
760 774 1011 861 necopinantem
1033 776 1175 862 opprimi
1193 799 1284 863 posse
1297 798 1356 862 spr-

302 894 466 959 rarerant,
481 876 513 939 in
528 876 592 940 hoc
605 874 853 939 incommodum
868 876 930 962 ipsi
947 875 1144 939 inciderunt.
1156 880 1201 941 At
1216 877 1283 957 ille,
1295 892 1357 964 post

301 980 386 1043 hanc
404 978 570 1043 victoriam
587 976 669 1039 nibil
683 991 846 1057 moratus,
866 976 1000 1039 Oroesen
1017 976 1166 1063 petebat,
1185 976 1243 1041 sed
1255 976 1357 1039 barba·

301 1102 356 1143 rus
374 1080 440 1159 jam
461 1092 688 1165 praeverterat:
709 1099 827 1165 magua
847 1092 957 1140 tamen
973 1076 1175 1141 Albanorum
1196 1076 1357 1141 multitudo

300 1180 333 1241 in
356 1178 494 1243 transitu
511 1178 588 1266 Cyri
604 1194 761 1266 occupata
776 1195 874 1265 atque
890 1177 1059 1241 interfecta
1080 1195 1139 1243 est.
1158 1181 1303 1260 Oroeses,
1320 1180 1357 1241 le·

301 1282 380 1368 gatis
396 1279 438 1343 ad
454 1281 682 1367 imperatorem
699 1279 823 1359 missis,
841 1279 970 1343 reniam
986 1301 1165 1367 pacemque
1182 1280 1293 1367 petiit:
1310 1302 1357 1341 ne·

299 1406 359 1470 que
375 1385 456 1445 enim
464 1380 529 1468 sas
539 1404 619 1460 esse,
629 1378 758 1468 fintres
773 1382 905 1443 invicem
919 1381 1042 1465 agisare
1055 1378 1197 1443 hostilia.
1217 1380 1357 1443 llemrdes

300 1486 407 1563 euim,
426 1505 529 1571 quum
546 1482 644 1545 boves
657 1481 819 1569 Geryonis
830 1502 890 1567 per
904 1480 1030 1542 ltaliam
1045 1496 1170 1567 ageret,
1184 1480 1228 1543 ab
1245 1480 1357 1543 Albano

299 1600 412 1649 monte
436 1584 574 1663 majores
599 1604 714 1647 eorum
736 1582 771 1644 in
798 1604 837 1644 ea
858 1583 930 1645 loca
952 1581 1133 1645 traduxisse
1158 1582 1356 1647 credebatur:

298 1684 576 1774 quemadmodum
589 1699 623 1747 et
635 1683 748 1746 Iberos
764 1684 805 1746 ab
819 1682 993 1769 Hispania,
1006 1705 1105 1769 quam
1118 1682 1259 1747 iberiam
1268 1682 1356 1747 Greci

297 1804 433 1869 vocant,
452 1786 661 1875 quantumvis
681 1784 801 1871 ineptis
819 1783 936 1846 fabulis
953 1783 1036 1863 laeti,
1048 1784 1139 1846 nullo
1153 1784 1217 1847 nisi
1230 1784 1356 1847 nominis

298 1904 510 1977 argumento,
531 1886 657 1950 venisse
681 1883 895 1947 tradiderunt.
919 1883 1019 1948 Dedit
1038 1900 1146 1947 tamen
1166 1886 1299 1949 Albanis
1312 1908 1356 1947 re·

299 1990 385 2051 niam
397 1988 596 2074 Pompeius,
610 2007 678 2049 non
693 2000 759 2047 tam
773 1985 977 2073 cognationis
987 2006 1101 2067 causa,
1113 2009 1213 2075 quam
1225 1988 1299 2075 quia
1308 2008 1357 2075 per

299 2106 426 2177 tempus
448 2088 676 2175 anni,parum
701 2084 788 2149 bello
809 2085 1042 2168 commodum,
1060 2088 1242 2153 exereitum
1261 2091 1356 2177 quiete

299 2189 386 2252 refici
397 2188 646 2253 convenientius
655 2184 829 2265 judicabat.

343 2291 416 2354 XX.
435 2288 554 2354 Iisdem
568 2287 788 2377 temporibus,
801 2286 882 2351 dum
895 2286 937 2350 ad
951 2287 1120 2353 Orientem
1133 2311 1225 2355 uma
1237 2313 1357 2355 romana

296 2391 558 2482 peregrinantur,
570 2388 752 2478 periculosa
762 2387 852 2452 domi
863 2388 1046 2468 conjuratio
1057 2391 1182 2480 erupit,
1194 2392 1238 2456 ab
1246 2392 1359 2458 ambitu

276 2480 516 2557 ‘consularium
542 2493 751 2556 comitiorum
778 2491 954 2579 profecta:
980 2514 1122 2579 namque
1145 2495 1183 2558 L.
1214 2496 1357 2572 Catilina,

297 2617 401 2681 quum
426 2619 466 2658 ex
483 2609 621 2682 praetura
639 2594 781 2657 Africam
798 2594 1014 2676 obtinuisset,
1037 2594 1079 2658 ad
1099 2597 1294 2684 petitionem
1310 2597 1359 2662 de·

296 2697 442 2760 cesserat.
460 2694 523 2760 Sed
536 2695 612 2782 quia
624 2695 764 2784 graviter
774 2711 942 2758 vexaverat
959 2697 1176 2783 provinciam,
1198 2701 1261 2763 afri
1274 2696 1358 2787 legati

293 2797 358 2876 jum
369 2815 438 2862 tum
453 2797 639 2890 denabsente
651 2812 743 2860 erant
754 2797 878 2883 questi,
889 2797 1064 2883 multaeque
1075 2821 1188 2886 graves
1203 2801 1239 2864 in
1254 2815 1359 2864 senatu

295 2899 335 2962 de
352 2923 392 2964 eo
410 2899 576 2963 sententio
591 2897 694 2962 dictae.
709 2897 897 2960 Postulatus
913 2895 1034 2961 deinde
1049 2921 1067 2960 a
1084 2898 1121 2962 P.
1141 2899 1283 2983 Clodio,
1298 2921 1357 2963 non

295 3001 404 3065 minus
426 2999 512 3064 foedo
528 2999 682 3080 homine,
709 3013 823 3061 contra
847 2997 1076 3060 testimonium
1096 2999 1139 3081 Q.
1159 2999 1285 3065 Metelli
1296 2999 1359 3077 Pii,

294 3100 575 3188 prevaricatione,
597 3115 635 3162 ut
657 3113 810 3187 putatur,
830 3098 1043 3181 accusatoris,
1066 3116 1116 3163 est
1132 3100 1304 3167 absolutus
1323 3101 1359 3163 alr

295 3203 457 3287 equitibus
476 3217 508 3264 et
529 3200 669 3264 tribunis
685 3199 823 3282 aerariis,
842 3221 946 3286 quum
965 3216 1155 3264 senatorum
1170 3225 1258 3267 urna
1276 3203 1359 3266 dam·

296 3319 443 3366 nevisset.

339 3403 715 3485 XX1.Dolebattamen,
734 3402 825 3490 quod
843 3425 880 3466 ea
896 3425 964 3484 res,
984 3425 1088 3490 quum
1103 3403 1189 3468 intra
1205 3405 1361 3494 legitimos

294 3505 362 3568 dies
375 3503 520 3591 profiteri
533 3528 600 3568 non
611 3521 735 3594 posset,
749 3505 891 3593 petituro
905 3505 1112 3570 consulatum
1125 3507 1359 3595 impedimento

294 3607 398 3668 luerat
415 3628 422 3668 :
440 3606 598 3668 rationem
617 3607 703 3668 enim
720 3605 789 3684 ejus
803 3605 916 3670 haberi
930 3628 998 3670 non
1013 3630 1127 3696 posse,
1142 3608 1309 3674 referente
1322 3603 1359 3670 ad

292 3707 463 3770 eonsilium
475 3707 511 3770 L.
526 3706 673 3770 Volcatio
693 3707 790 3769 Tullo
804 3708 957 3789 consule,
978 3707 1034 3795 qui
1054 3709 1187 3772 comitia
1208 3709 1360 3784 habebat,

291 3827 359 3873 emt
380 3807 574 3889 judicatum.
595 3808 694 3870 Forte
718 3806 896 3890 acciderat,
919 3825 959 3872 ut
980 3809 1079 3897 paulo
1104 3825 1179 3874 aute
1204 3807 1360 3900 designati

322 4025 719 4089 §x1x.1men.xr.u,3.-
731 4026 841 4091 Appio.
858 4025 972 4075 niuea
994 3995 1031 4063 ὲ
1049 4027 1066 4092 ς
1084 4027 1144 4076 xx.
1165 4029 1226 4078 nto.
1245 4057 1280 4066 -
1298 4028 1358 4075 nor.

302 4112 332 4169 V,
346 4126 367 4156 r.
382 4137 418 4148 —
433 4111 486 4158 ur.
503 4109 567 4174 Eplt.
579 4137 613 4146 --
625 4110 677 4158 cie.
691 4111 717 4155 in
731 4111 794 4172 Tog.
805 4107 883 4158 cand.
896 4121 920 4158 et
933 4110 969 4158 ibi
982 4111 1075 4158 Aaron.
