2875 4900
259 352 328 449 716
429 357 497 424 JO.
523 354 869 424 FREINSHEMll
899 355 1148 424 SUPPLEM.

300 477 341 540 X.
365 475 414 538 Ex
433 498 473 540 eo
495 497 633 542 numero
651 491 767 542 nactus
784 473 936 564 triginta,
951 497 1028 542 cum
1044 477 1123 565 ipsis
1142 477 1250 543 mutis
1265 479 1324 545 do-

256 577 420 664 minisque
442 577 575 642 narium
594 577 792 659 combussit,
806 592 845 640 nt
863 576 1017 664 supplicii
1034 575 1178 642 foeditate
1195 595 1326 644 ceteros

256 679 461 744 absterreret.
480 679 614 744 Summa
634 677 754 743 deinde
774 677 938 766 diligentia
958 700 1058 759 usus,
1078 678 1238 746 aSalonis
1251 680 1326 744 Ου’-

257 802 333 844 cum
351 802 455 868 usque
467 795 574 844 totum
591 801 679 843 mare
693 779 848 844 classibus
861 779 1047 866 praetexuit,
1066 779 1136 867 ipse
1150 802 1211 867 per
1224 803 1329 868 asper·

257 881 373 944 rimam
387 881 528 945 hiemem
543 879 704 945 excubans
723 880 758 942 in
774 878 928 960 navibus,
945 902 1052 966 neque
1066 881 1211 945 laborem
1223 883 1329 946 ullum

257 997 314 1044 aut
327 1003 447 1044 munus
460 979 649 1069 despiciens.
666 981 708 1044 At
722 982 845 1061 Cesar,
861 979 961 1044 misso
973 979 1015 1044 ad
1025 981 1220 1070 Pompeium
1227 983 1330 1048 Inti-

257 1082 362 1147 bullio
376 1083 482 1163 Rufo,
494 1104 593 1169 quem
608 1082 708 1146 semel
722 1081 812 1170 apud
823 1080 1024 1164 Corfinium,
1039 1083 1158 1152 iterum
1171 1084 1206 1148 in
1217 1085 1330 1174 Hispa·

259 1184 312 1248 nia
329 1199 476 1272 captum,
493 1184 683 1270 prestiterat
697 1184 897 1248 incolumem
909 1231 919 1266 ,
933 1183 1074 1272 ideoque
1084 1184 1127 1250 ad
1136 1187 1330 1275 perferenda

258 1285 299 1351 de
314 1307 393 1374 pace
412 1283 563 1350 mandata
582 1285 750 1365 judicabat
768 1285 944 1366 idoneum;
964 1285 1078 1368 statim·
1092 1301 1190 1373 atque
1210 1288 1329 1354 milites

258 1402 467 1475 exposuerat,
482 1409 540 1474 per
553 1409 683 1476 asperos
697 1401 919 1475 angustosque
932 1387 1043 1468 calles,
1058 1385 1136 1469 scd,
1149 1387 1330 1476 ignoranti·

258 1489 320 1552 bus
343 1486 520 1552 adventum
541 1487 611 1568 ejus
632 1488 802 1567 hostibus,
824 1485 1059 1569 incustoditos,
1076 1488 1211 1552 Oricum
1226 1487 1330 1577 profi·

258 1589 411 1672 ciscitur,
436 1589 494 1654 ubi
520 1591 556 1655 L.
583 1590 770 1677 Torquatus
797 1605 957 1677 praeerat:
980 1589 1060 1677 qui,
1083 1613 1187 1678 quum
1210 1592 1332 1657 frustra

259 1690 389 1754 Graecos
415 1713 504 1754 arma
524 1713 637 1779 capere
654 1691 821 1772 jussisset,
842 1689 934 1778 quod
952 1707 1066 1756 contra
1084 1694 1252 1758 consulem
1273 1715 1331 1756 ro·

258 1813 392 1854 manum
414 1813 451 1854 ea
468 1807 621 1879 capturos
637 1791 820 1881 negabant,
835 1792 963 1879 aperuit
977 1800 1104 1880 portas,
1121 1809 1189 1861 eta
1206 1797 1332 1863 ΟΜΝ

256 1910 468 1958 conservatus
485 1909 545 1957 est.

303 1994 368 2058 Xl.¹
386 1993 468 2059 lnde
497 1995 647 2082 protinus
674 1995 883 2083 Apolloniam
907 1995 1012 2079 itum3
1041 2011 1096 2077 et,
1121 1996 1333 2086 profugiente

258 2095 295 2159 L.
306 2095 472 2176 Staberio‚
489 2112 663 2184 postquam
672 2095 785 2160 itidem
795 2096 1225 2184 ApolloniatasadCaesatem
1236 2099 1333 2163 incli-

259 2217 337 2260 nare
351 2212 512 2278 senserat,
529 2195 564 2262 id
580 2219 713 2285 quoque
726 2196 905 2285 oppidum,
919 2197 1086 2262 voluntate
1098 2199 1333 2280 incolentium,

259 2315 425 2386 receptum
450 2313 510 2362 est.
537 2299 606 2362 Nec
630 2320 723 2361 mora
749 2298 833 2381 tuit,
864 2298 945 2386 quin
972 2297 1097 2364 Bullide
1121 2315 1155 2362 et
1180 2300 1334 2364 Amantia

259 2399 447 2487 caeterisque
466 2399 611 2466 finitimis
632 2399 835 2484 civitatibus,
861 2415 953 2465 etex
974 2415 1042 2465 tota
1066 2399 1208 2490 denique
1228 2404 1333 2491 Epiro

260 2502 356 2591 legati
373 2502 522 2567 venirent
546 2501 588 2567 ad
607 2504 785 2585 Caesarem,
807 2501 961 2566 omnibus
977 2501 1133 2590 imperata
1146 2503 1253 2568 lacere
1270 2528 1333 2593 pa·

260 2605 347 2670 ratis.
376 2603 472 2669 Haud
499 2605 616 2692 procul
644 2604 722 2670 inde
748 2604 988 2693 Dyrrhachium
1014 2604 1144 2686 aberat,
1173 2605 1334 2672 horreum

260 2706 428 2795 Pompeii,
443 2728 510 2794 quo
531 2705 640 2771 omnis
663 2706 791 2795 generis
811 2720 982 2794 apparatus
1001 2726 1153 2793 magnam
1170 2706 1236 2769 vim
1251 2728 1334 2770 con·

260 2808 388 2872 tulerat.
406 2808 478 2871 Hoc
491 2808 596 2871 Cesar
607 2806 751 2871 ostendit
763 2806 937 2888 militibus,
953 2822 1005 2887 et,
1018 2804 1246 2894 quiofottuna
1263 2819 1335 2871 tam

246 2904 382 2993 fluente
401 2922 499 2972 esseut
517 2907 585 2987 usi,
607 2920 643 2973 ut
656 2930 717 2997 per
735 2906 884 2995 infistum
900 2908 1131 2995 tempestatibus
1147 2922 1180 2972 et
1195 2910 1337 2975 hostibus

261 3032 350 3073 mare
363 3010 531 3074 incolumes
545 3011 735 3090 transirent,
753 3024 858 3098 totque
870 3012 1010 3073 civitates
1012 3032 1116 3098 parvo
1133 3023 1270 3099 tenpore
1280 3034 1333 3075 ne·

262 3110 416 3199 degissent
426 3113 459 3175 in
466 3124 673 3199 potestatem,
689 3134 729 3175 ne
744 3110 883 3175 deessent
883 3108 1003 3198 favori
1013 3109 1165 3190 mamm,
1182 3111 1334 3176 hortatus

262 3230 330 3296 est,
340 3237 520 3303 parumque
536 3215 643 3281 mun
660 3214 778 3279 loboris
792 3214 948 3277 adderem
955 3260 966 3293 ,
984 3235 1064 3301 quo,
1075 3214 1266 3303 priusquam
1276 3216 1336 3279 ad·

262 3318 363 3381 venire
379 3318 546 3405 Pompeius
561 3328 685 3404 posset,
711 3316 915 3402 Dyrrhachio
922 3317 1111 3402 potirentur.
1126 3314 1212 3379 Eam
1223 3338 1288 3379 rum
1305 3331 1338 3380 et

262 3418 461 3483 abtmdarrtia
472 3419 605 3483 hiberna
614 3420 833 3509 prostitutam
847 3421 883 3483 in
891 3440 1048 3506 presens,
1067 3431 1099 3481 et
1117 3416 1165 3480 ad
1178 3439 1336 3483 sutanum

263 3519 338 3585 belli
348 3544 475 3608 maguoe
491 3518 717 3608 mihtatisbre.

307 3622 382 3685 Xll.
412 3620 477 3686 Sed
503 3622 697 3709 Pompeius,
726 3620 872 3686 celeriter
892 3635 1026 3707 accepto
1051 3620 1190 3701 nuntio,
1212 3620 1335 3710 quippe

263 3723 445 3806 Vibullius,
460 3739 498 3787 ut
516 3723 545 3787 ei
565 3724 698 3788 Caesaris
716 3723 892 3788 adventum
908 3723 973 3786 cito
991 3722 1179 3804 nuntiaret,
1191 3721 1261 3787 dies
1277 3746 1336 3787 no·

263 3840 414 3913 ctesque‚
431 3826 562 3890 mutatis
583 3826 680 3889 etiam
696 3826 870 3908 jumentis,
891 3826 953 3889 iter
973 3825 1234 3907 continuaverat,
1252 3825 1333 3890 nihil

264 3926 305 3995 ad
319 3950 480 3997 summam
499 3926 698 4019 diligentiam
717 3927 835 4015 reliqui
859 3927 953 4007 fecit,
969 3947 1037 4013 quo
1057 3943 1213 3992 conatum
1230 3925 1333 3991 bostis

299 4136 315 4201 S
330 4140 362 4189 K·
375 4138 483 4206 Appian.
498 4140 552 4189 civ.
566 4141 605 4199 ll,
622 4158 646 4205 p.
662 4140 721 4197 462.
733 4166 766 4177 -
776 4139 838 4187 Cu.
854 4166 888 4177 --
901 4137 917 4203 S
930 4140 977 4191 11.
986 4137 1043 4192 Dio.
1057 4161 1093 4177 ···
1106 4136 1215 4208 Appiam
1226 4136 1333 4191 -Ctn
