2875 4900
315 383 388 481 496
496 384 564 459 JO.
591 386 937 457 FREINSHEMII
966 388 1210 461 SUPPLEM.

312 505 514 571 movendum
535 522 593 571 aut
613 506 868 573 misericordiam
889 509 1010 598 plebis,
1037 528 1095 576 aut
1115 512 1282 601 pudorem,
1298 515 1357 575 satis

312 608 427 673 efficax
444 608 522 689 fuit5
537 607 789 697 sedendumque
810 610 899 674 Urbe
920 612 1086 695 Ciceroni,
1101 631 1158 679 aut
1170 612 1356 703 pugnandum

256 756 260 763 -
310 712 408 775 armis
424 710 593 800 apparuit:
612 726 683 774 tum
699 710 832 792 Cicero,
849 729 1014 778 crescente
1030 715 1209 796 anxietate,
1225 714 1357 778 intentius

312 813 408 877 etiam
424 811 559 901 rogabat
573 812 734 898 primores
751 811 908 893 civitatis,
923 831 1025 878 noctu
1043 830 1141 903 atque
1158 814 1294 880 interdiu
1311 816 1357 877 cir·

311 913 459 978 cumiens
472 912 607 992 domos3
628 911 687 976 sed
703 913 826 977 caeteris
843 914 917 1001 plus
937 914 1131 998 voluntatis,
1149 940 1245 1006 quam
1262 919 1357 1005 poten·

310 1016 380 1097 tiae,
394 1013 524 1079 aderat:
538 1016 671 1078 Crassus
685 1014 792 1101 palam
809 1016 1020 1106 oppugnabat
1033 1039 1129 1100 eum3
1144 1018 1308 1107 Pompeius
1320 1032 1357 1079 at·

310 1140 376 1205 que
386 1120 491 1181 Caesar
499 1114 665 1179 scelestius
678 1116 833 1203 tegebant
842 1115 933 1198 odia,
944 1140 1043 1205 quarn
1052 1118 1224 1201 fovebant,
1235 1118 1356 1203 certique

309 1220 402 1285 illurn
418 1217 568 1307 perdere,
586 1240 654 1305 quo
668 1220 770 1307 magis
784 1219 943 1283 illicerent
958 1220 993 1282 in
1012 1218 1181 1301 fraudem,
1198 1240 1357 1307 quanquam

309 1320 370 1409 ipsi
385 1318 573 1399 unanimes,
588 1317 747 1383 discordia
763 1320 897 1385 consilia
914 1319 1045 1385 dabant.

353 1422 471 1486 CXIV.
500 1423 605 1486 cesar
626 1443 739 1485 secum
767 1422 815 1485 ire
834 1422 971 1503 jubebat
997 1424 1031 1485 in
1057 1422 1196 1506 Gallias,
1224 1422 1357 1513 legatione

307 1525 434 1606 oblata3
445 1521 493 1588 sic
506 1522 644 1587 honeste
658 1523 897 1587 declinaturum
910 1523 1063 1613 pericula.
1080 1524 1253 1613 Pompeius
1264 1522 1294 1587 id
1306 1522 1357 1609 qui·

306 1624 383 1689 dem
392 1645 590 1712 magnopere
601 1622 825 1705 dissuadebat,
837 1624 948 1713 fugam
959 1623 1171 1712 appellaud0,
1183 1648 1285 1712 neque
1295 1644 1356 1686 con·

306 1727 416 1791 silium
432 1724 582 1805 aliunde,
599 1747 697 1812 quam
712 1724 754 1787 ab
768 1724 903 1789 inimico
915 1725 1045 1806 animo,
1065 1727 1250 1813 profectum
1265 1723 1356 1789 subin·

306 1851 433 1893 nuens:
449 1830 525 1917 quoia
537 1825 659 1915 illepro
667 1849 701 1889 se
713 1841 811 1915 atque
823 1823 1071 1914 senatusortiter
1079 1839 1356 1915 propagandaeque

303 1953 398 1996 suum
409 1931 454 2010 ei,
472 1948 529 1994 nec
546 1943 730 1993 caeterorum
747 1929 901 1993 bonorum
920 1926 1053 1992 auxilio
1075 1926 1249 2011 defutura,
1269 1924 1357 2015 quibus

303 2032 396 2097 harad
409 2054 495 2119 tegre
511 2043 712 2118 superaturus
732 2028 877 2094 clodum
893 2040 979 2093 esset.
994 2027 1137 2091 Accessit
1153 2026 1243 2093 haud
1259 2025 1355 2091 inritus

303 2135 382 2200 huic
394 2133 563 2217 sententiae
575 2132 705 2212 Cicero,
722 2152 851 2219 semper
863 2124 897 2194 in
912 2130 1107 2217 Pompeium
1125 2130 1274 2217 pronior:
1292 2148 1355 2215 pra·

305 2253 392 2314 terea
407 2256 491 2325 ,opes
513 2234 601 2313 ejus,
621 2231 742 2321 quibus
763 2254 862 2319 supra
878 2252 992 2295 omnes
1013 2230 1199 2313 eminebat,
1221 2230 1354 2305 intuitus,

303 2363 361 2429 per
376 2339 467 2403 hunc
483 2337 621 2401 maxime
644 2334 779 2398 retineri
799 2333 952 2398 Clodium
970 2354 1066 2421 posse
1084 2333 1238 2421 putabat,
1257 2331 1307 2421 qui
1320 2326 1355 2391 ai·

302 2440 377 2504 linis
398 2440 427 2504 ei
449 2462 508 2528 per
526 2437 688 2518 Muciam,
709 2453 742 2501 et
758 2434 821 2500 sub
844 2435 914 2516 ejus
937 2434 1075 2524 imperio
1098 2434 1160 2503 diu
1178 2436 1213 2500 in
1236 2430 1354 2500 exercitu

302 2543 418 2607 fuerat.
438 2540 596 2604 Consules
609 2555 738 2620 autem,
756 2536 934 2602 Gabinium
952 2537 1104 2624 quidem,
1119 2553 1229 2602 toturn
1245 2546 1354 2600 noverat

303 2665 374 2707 esse
388 2640 555 2727 Pompeii;
569 2639 722 2704 Pisonem
739 2661 807 2701 non
823 2638 1062 2720 inhumanum,
1078 2652 1111 2703 et
1121 2655 1257 2730 propter
1270 2633 1355 2702 alfini·

302 2761 402 2809 tatem
425 2743 476 2808 sui
501 2740 684 2807 studiosum
710 2735 853 2804 rebatur.
877 2739 965 2830 Ergo
988 2755 1154 2829 resumpta
1181 2739 1310 2818 fiducia,
1330 2755 1354 2796 se

302 2845 436 2934 parabat
449 2841 491 2907 ad
506 2864 670 2931 pugnarn,
690 2841 871 2920 multorum
885 2840 1015 2922 adjutus
1029 2831 1215 2930 insignibus
1231 2839 1339 2906 studiis.

346 2947 447 3012 CXV.
469 2945 554 3008 Nam
573 2966 632 3032 per
653 2964 692 3006 ea
712 2958 860 3030 tempora
884 2940 1010 3029 equites
1033 2941 1161 3006 romani
1188 2943 1354 3030 frequentes

268 3058 272 3075 '
300 3051 335 3113 in
348 3046 509 3138 Capitolio
522 3045 705 3135 congressi,
719 3041 945 3130 deprecatores
957 3040 998 3106 ad
1015 3042 1166 3107 consules
1181 3059 1216 3106 et
1227 3055 1353 3106 senatun

242 3236 247 3244 Ι
300 3172 406 3239 quum
419 3148 500 3212 alios
512 3169 552 3210 ex
565 3168 626 3210 suo
643 3142 777 3225 ordine,
793 3159 863 3206 turn
880 3143 1044 3233 principes
1060 3143 1213 3227 civitatis,
1233 3143 1272 3224 Q.
1286 3141 1354 3204 llor-

298 3250 461 3330 tensium,
481 3250 516 3311 C.
540 3246 717 3309 Curionem
745 3245 929 3308 miserunt:
956 3245 992 3310 L.
1018 3244 1202 3310 Mummius
1223 3243 1353 3308 tribunus

297 3350 421 3438 plebis,
437 3365 553 3438 praeter
565 3347 643 3429 alia,
660 3369 733 3435 quae
749 3345 895 3412 studiose
911 3369 972 3434 pro
987 3345 1144 3411 Cicerone
1157 3346 1352 3416 factitaverit,

298 3451 396 3516 etiam
412 3450 540 3538 plebem
560 3448 602 3514 ad
620 3465 745 3515 vestem
760 3447 956 3514 mutandam
979 3463 1028 3512 est
1052 3448 1264 3530 adhortatus3
1282 3439 1352 3534 quod

297 3567 463 3617 senatores
479 3549 592 3615 itidem
609 3551 756 3639 plerique
771 3550 935 3630 fecerunt,
955 3549 1060 3614 donec
1078 3549 1186 3614 edicto
1199 3545 1352 3614 consulum

297 3651 339 3718 ad
354 3650 507 3715 vestitum
523 3649 629 3715 redire
652 3651 813 3738 compulsi
833 3667 921 3716 sunt.
947 3645 1052 3730 Major
1068 3652 1156 3715 enim
1176 3647 1353 3716 adversario·

296 3777 371 3821 rum
385 3751 532 3841 potentia
543 3751 622 3834 fui13
634 3769 681 3828 et,
694 3753 926 3818 intercessione
936 3752 1080 3834 sublata,
1089 3775 1206 3840 mum
1216 3753 1251 3816 L.
1264 3749 1353 3814 llum·

297 3857 354 3921 mii
374 3854 501 3920 valebat
520 3854 716 3937 auctoritas3
733 3871 766 3918 et
782 3854 908 3943 equites
928 3875 987 3942 per
1005 3853 1182 3946 Gabinium
1200 3851 1351 3918 consulem

331 4073 348 4137 S
365 4074 459 4124 cnut,
477 4071 585 4138 Appias.
596 4099 633 4109 -
644 4071 709 4121 rtur.
720 4098 756 4108 -
770 4072 828 4120 Dio.
846 4098 881 4109 -
893 4071 946 4124 Cic.
959 4099 993 4108 -
1009 4069 1128 4136 scm.
1139 4071 1203 4120 rtur.
1217 4097 1250 4108 -
1265 4067 1351 4118 Dio-

295 4155 350 4205 Cic.
360 4157 525 4218 silanion,
540 4157 588 4216 rs,
600 4171 646 4220 ¹93
657 4155 690 4206 ad
703 4155 950 4218 Famil.V,a,etad
959 4158 992 4220 Q.
1001 4156 1105 4215 frou-I,
1116 4172 1142 4205 a.
