2875 4900
275 340 344 436 378
454 343 524 409 to.
553 342 894 413 rnnrnsnnnn
927 290 1174 413 supremis

271 462 597 551 petuitaterictoriae,
611 480 648 527 ut
661 479 774 551 postea
784 463 973 552 longissima
987 481 1080 529 atate
1091 466 1207 552 piratas
1219 468 1331 533 circum

274 588 312 627 ea
326 564 424 627 maria
442 586 540 628 nemo
554 564 680 628 viderit.

315 664 502 729 XXXVIII.
537 665 619 727 Tam
645 686 782 751 prosper
805 664 947 728 externis
974 665 1073 729 rebus
1099 690 1225 750 annus,
1252 684 1333 734 totus

269 768 372 831 ferme
391 766 585 831 tumultibus
605 782 637 830 et
652 764 822 829 discordiis
834 765 868 827 in
885 766 975 831 Urbe
987 783 1166 831 transactus
1181 785 1240 831 est.
1252 770 1334 831 Inter

275 868 351 932 alios
365 890 476 959 causas
490 868 659 931 turbarum
674 866 816 931 ambitus
828 884 916 948 erat,
929 869 1098 955 permultis
1109 870 1255 956 proxima
1269 893 1336 933 cen·

274 992 350 1033 sura
369 985 484 1033 senatu
504 968 622 1049 motis,
645 983 678 1031 et
700 967 851 1032 ordinem
869 969 1017 1055 quolibet
1039 970 1138 1035 modo
1154 992 1335 1060 recuperare

271 1068 534 1158 properantibus.
554 1068 680 1133 Idcirco
697 1070 733 1133 C.
750 1070 922 1134 Cornelius
937 1071 1091 1135 tribunus
1106 1072 1228 1161 plebis,
1243 1074 1334 1136 iratus

273 1169 419 1249 senatui,
441 1168 531 1256 quod
555 1169 745 1233 relationem
768 1171 858 1251 ejus,
880 1192 919 1235 ne
937 1174 1007 1259 quis
1029 1171 1142 1259 legatis
1163 1188 1336 1237 carcaram

272 1273 436 1333 cantionum
453 1272 621 1358 pecuniam
633 1269 933 1359 experucmferret,
954 1266 1085 1337 senatus
1100 1274 1335 1361 repudiaverat,

273 1370 313 1433 de
330 1371 455 1435 ambitu
469 1370 593 1435 ferebat
608 1372 731 1460 legem,
748 1395 824 1437 curn
840 1373 1054 1437 acerbissimis
1068 1376 1102 1437 in
1117 1374 1335 1464 delinquentes

274 1472 386 1559 poenis.
416 1474 566 1537 Placebat
590 1496 626 1539 ea
653 1497 704 1539 res
726 1475 871 1562 popul03
901 1474 958 1539 sed
987 1476 1102 1539 Patres
1117 1478 1334 1542 terribiliorem

272 1575 396 1661 specie,
409 1598 507 1662 quam
520 1574 641 1639 effectu
651 1576 869 1639 robustiorem
882 1623 891 1655 ,
908 1576 1011 1664 legem
1023 1577 1162 1657 causati,
1176 1579 1335 1643 consulem

273 1673 358 1738 lerrc
371 1675 540 1754 jusserunt
555 1675 676 1764 legem,
693 1678 741 1739 uti
752 1675 957 1741 condecorari
970 1677 1107 1741 ambitus
1126 1702 1225 1767 neque
1246 1679 1337 1765 magi·

273 1788 386 1839 stratus
395 1788 557 1863 gererent,
577 1793 607 1840 ec
626 1791 737 1839 senatu
754 1792 968 1857 morerentur5
985 1779 1135 1841 mulctam
1154 1803 1276 1869 quoqne
1286 1803 1337 1868 pe·

275 1882 451 1941 crtnr'erriam
473 1903 508 1942 eo
527 1881 651 1941 nomme
664 1879 847 1966 penderent.
873 1881 1018 1961 Interea,
1039 1879 1119 1944 dum
1136 1882 1336 1945 comitiorum

277 1978 345 2044 dies
359 1996 578 2069 exspectatur,
593 1979 808 2042 nihilominus
822 1979 966 2043 ambitus
978 1981 1140 2061 fervebat,
1155 1998 1221 2047 tam
1240 1983 1337 2069 impu·

275 2080 427 2145 dentibus
447 2080 665 2169 quorumdam
682 2079 815 2161 studiis,
831 2097 870 2143 ut
889 2081 986 2145 etlam
1005 2082 1185 2147 homicidio
1207 2106 1273 2147 non
1292 2082 1338 2146 ab·

277 2184 462 2247 stineretnr.

318 2284 474 2347 XXXIX.
504 2282 638 2347 Factum
669 2282 769 2371 igitur
795 2284 1114 2348 senatusconsultum
1145 2300 1215 2368 est,
1238 2286 1277 2351 de
1296 2284 1337 2347 lu'r

275 2386 368 2448 etiarn
389 2387 493 2473 quoeri
505 2384 653 2472 placere,
677 2384 857 2473 consulique
872 2386 1060 2474 praesamant
1080 2385 1183 2451 dari:
1206 2408 1337 2474 namque

230 2527 232 2534 ·
276 2486 312 2548 C.
325 2485 418 2567 Piso,
438 2509 541 2573 quum
554 2501 689 2573 propter
701 2485 948 2550 multitudinem
959 2485 1217 2553 adversariorum
1228 2490 1337 2569 ejectus

277 2585 350 2649 foro
365 2602 463 2668 esset,
482 2587 618 2650 extremi
633 2581 881 2674 difficillimiqne
896 2589 1055 2675 temporis
1065 2611 1181 2652 vocem
1199 2591 1336 2666 miserat,

276 2702 329 2767 nt,
349 2689 406 2776 qui
414 2689 638 2776 rempublicam
649 2687 772 2751 salvam
784 2711 846 2751 esse
858 2687 996 2767 vellent,
1013 2687 1061 2751 ad
1076 2688 1175 2776 legem
1194 2692 1337 2778 accepten-

275 2789 352 2854 dcnr
375 2790 527 2854 adessent.
552 2788 677 2855 Deinde
701 2789 816 2868 majori
841 2811 941 2852 mauu
963 2789 1121 2876 stipatus,
1146 2791 1225 2879 legis
1242 2789 1337 2878 perle-

276 2890 382 2955 rendae
401 2915 496 2954 causa
514 2913 702 2978 progressus
726 2891 759 2952 in
778 2890 993 2970 concionem,
1013 2891 1185 2978 negotium
1204 2889 1336 2979 perfecit.

274 2993 390 3081 Neque
407 3008 522 3081 sponte
541 2993 644 3080 legem
660 3015 731 3054 eam
745 2991 857 3055 tulisse
872 2992 987 3054 consul
999 2991 1091 3071 juxta
1112 2991 1271 3079 quosdam
1285 3011 1337 3053 au·

211 3117 214 3124 ·
277 3111 382 3159 ctores
403 3109 556 3180 putatur,
578 3093 646 3180 ipse
666 3093 803 3156 crimine
825 3091 939 3156 eodem
962 3115 1105 3172 nocens,
1123 3109 1157 3156 et
1176 3094 1230 3157 vix
1248 3089 1338 3180 gratia

276 3216 479 3282 paucorum,
502 3215 544 3256 ne
564 3215 694 3258 causam
714 3192 855 3274 diceret,
870 3209 1020 3282 ereptus,
1043 3193 1101 3256 sed
1121 3195 1284 3260 acerbiora
1302 3190 1338 3253 ti·

278 3317 371 3358 mens
385 3309 515 3358 senatus
529 3309 735 3382 praeceperat.
942 3297 950 3308 ’

321 3395 388 3458 XL.
413 3396 457 3459 Ut
479 3411 586 3460 tumen
612 3419 648 3459 ea
672 3395 713 3459 de
739 3396 881 3459 consulis
907 3396 1039 3460 infamia
1064 3398 1174 3473 minus
1198 3397 1337 3473 credam,
1372 3438 1377 3457 ,

277 3513 391 3562 caetera
414 3498 482 3577 ejus
503 3497 640 3586 graciam
658 3513 690 3559 et
708 3497 890 3560 constantia
913 3495 1009 3578 facit,
1028 3512 1176 3585 tempore
1197 3493 1337 3560 comitio·

278 3621 351 3662 rum
366 3599 567 3662 memorabili
583 3620 663 3662 voce
676 3600 827 3685 factoque
841 3613 965 3661 testata.
982 3598 1028 3662 M.
1043 3598 1229 3678 Palicanus,
1246 3597 1338 3658 horno

279 3699 429 3766 sordidus
450 3717 482 3765 et
500 3699 689 3780 seditiosus,
710 3699 916 3764 consulatum
935 3714 1046 3786 petere
1058 3721 1175 3781 ausus,
1189 3698 1271 3762 miro
1281 3709 1338 3756 sto·

312 3871 328 3937 s
342 3873 478 3920 XXXVII.
493 3867 615 3918 Plutarch.
628 3867 653 3915 in
669 3869 756 3932 Pomp.
770 3877 796 3914 et
808 3868 900 3915 Sertor.
914 3893 949 3903 —-
962 3865 1043 3914 Strab.
1054 3865 1098 3913 lib.
1108 3867 1179 3924 xw,
1195 3881 1222 3928 p.
1237 3861 1294 3909 6⁶5.
1307 3881 1337 3892 -

278 3959 363 4018 Pomp.
376 3953 454 4010 Mela,
468 3957 492 4011 l,
508 3952 545 3998 13.
558 3977 593 3988 --
602 3953 670 3999 Serv.
684 3951 710 3998 in
725 3953 817 4014 Georg.
828 3951 872 4007 1v,
886 3966 911 3996 v.
923 3965 980 4009 ¹²7·
993 3976 1026 3986 -
1041 3949 1094 3998 Cic.
1111 3948 1143 3996 de
1156 3946 1230 3995 offic.
1241 3947 1289 3999 lll,
1302 3955 1335 3985 1¹-

278 4063 312 4072 ·-
325 4033 432 4099 Appian.
445 4059 481 4070 -
496 4033 559 4082 ntor.
571 4059 606 4069 -
619 4033 635 4097 S
649 4035 799 4080 XXXVIII.
812 4033 868 4080 nto.
882 4060 918 4069 —
928 4035 1022 4080 Areon.
1038 4033 1065 4080 in
1077 4031 1177 4080 Cornel.
1188 4057 1222 4067 -
1235 4030 1284 4077 Cic.
1296 4037 1336 4087 ΡΝ

277 4116 517 4181 Marcomanni.
530 4143 564 4153 -
575 4115 592 4180 s
605 4118 730 4166 XXXIX.
743 4118 836 4165 Aaron.
848 4117 875 4163 in
888 4115 988 4164 Cornel.
