2875 4900
259 416 316 486 ln
343 415 457 484 noc.
484 415 580 483 mn.
608 415 759 482 xcvu
787 397 998 481 L'lvrant.
1095 409 1164 483 315

96 557 219 623 tresque
233 535 379 617 nuntiis,
400 534 679 625 magnificentius,
703 556 802 622 quarn
818 533 944 613 verius,
961 532 1167 599 Mithridates

94 638 289 715 extollebat,
301 655 560 726 promptumque
568 636 697 703 romani
707 637 866 700 exercitus
879 635 1014 700 exitium
1026 657 1166 724 augura-

95 741 202 804 batur.
217 738 283 804 Sed
294 757 432 804 eventus
443 741 557 804 contra
573 737 673 803 dedit.
688 739 804 821 Quum
814 737 902 802 enirn
912 735 1167 824 haudquaquam

95 839 368 929 reprehendendo
382 840 520 904 consilio
536 839 601 904 hoc
614 856 740 928 ageret,
755 854 793 902 ut
810 839 983 904 Lucullum
1002 860 1166 902 commea·

96 943 184 1005 tibus
200 942 367 1005 exclusum
379 941 420 1004 ad
437 964 490 1006 eas
501 941 663 1030 redigeret
673 940 852 1029 angustias,
864 941 900 1004 in
912 939 1033 1028 quibus
1046 941 1114 1028 ipse
1126 939 1168 1004 ad

96 1043 252 1132 Cyzicum
262 1044 397 1124 fuisset,
413 1044 584 1132 negotium
596 1042 761 1130 equitibus
774 1043 842 1106 suis
855 1040 961 1122 dedit,
976 1057 1013 1104 ut
1025 1043 1169 1105 frumen·

95 1160 217 1209 ratores
227 1144 460 1234 eCappadocia
470 1144 646 1210 redeuntes
658 1145 739 1232 (nec
753 1145 841 1208 enim
856 1143 989 1208 aliunde
1000 1145 1169 1208 Roumnus

94 1245 259 1333 alebatur)
275 1245 472 1333 exciperent.

137 1346 278 1410 XXVII.
296 1346 412 1434 Neque
432 1346 557 1412 desidia
577 1348 745 1437 regiorum
766 1371 818 1412 res
842 1347 1087 1436 corrumpebat,
1109 1345 1168 1410 sed

96 1446 217 1512 nimius
230 1447 399 1537 pugnandi
409 1448 508 1513 ardor
518 1471 586 1514 non
597 1448 725 1513 sinebat
735 1472 754 1513 a
763 1449 830 1513 suis
841 1449 920 1514 locis
933 1449 1035 1512 aliena
1048 1447 1168 1512 discer-

97 1571 185 1612 nere.
199 1549 305 1636 Igitur
315 1549 422 1636 primo
435 1550 620 1631 Somatius,
637 1573 714 1614 cum
730 1573 795 1612 una
808 1549 938 1638 legione
952 1571 990 1612 ex
1004 1546 1170 1636 Cappado-

96 1650 145 1714 cia
160 1648 280 1731 mdux,
294 1649 485 1738 praefectura
497 1652 582 1741 regis
598 1651 836 1737 Menandrum,
853 1651 1015 1714 alacritate
1035 1649 1166 1731 majori,

97 1773 196 1839 quarn
212 1751 367 1832 consilio,
383 1774 611 1842 congressum,
625 1776 702 1817 curu
719 1775 835 1841 magua
854 1751 1000 1816 hostium
1017 1749 1118 1830 caede,
1132 1750 1166 1812 in

97 1853 207 1942 fugant
224 1852 299 1941 egit.
315 1853 434 1917 Fabius
455 1852 573 1918 deinde
586 1853 764 1934 Adrianus,
782 1873 886 1940 quum
901 1875 941 1917 ex
955 1849 1068 1914 eadem
1085 1851 1168 1938 Cap·

98 1952 232 2042 padocia
244 1977 401 2042 magnum
413 1977 552 2019 annonae
570 1954 707 2019 modum
719 1954 910 2035 adveheret,
923 1951 1168 2017 aMenetnacho

99 2069 131 2117 et
142 2054 300 2141 Myrone,
315 2077 398 2142 qnos
410 2055 537 2118 Taxilae
551 2072 584 2119 et
596 2056 819 2144 Diophantus,
832 2079 908 2120 curn
922 2069 1070 2143 quatuor·
1077 2051 1169 2141 pedi-

99 2168 185 2234 tum,
199 2152 331 2218 duobus
348 2155 498 2242 equitum
514 2155 658 2219 millibus
670 2156 891 2238 immiserunt,
905 2155 1070 2221 lacessitus
1085 2169 1143 2218 est.

142 2255 296 2321 XXVIII.
313 2258 355 2320 Et
369 2258 412 2339 si,
432 2256 537 2322 donec
549 2258 583 2321 in
600 2281 692 2345 aequa
707 2257 779 2322 loca
792 2258 986 2322 descensum
1002 2271 1103 2338 esset,
1119 2277 1170 2318 ex·
1195 2307 1197 2314 .

100 2373 244 2444 spectare
262 2358 342 2449 regii
360 2359 559 2448 potuissent,
582 2360 727 2424 fortassis
743 2361 777 2424 in
799 2359 945 2449 periculo
963 2375 995 2422 et
1017 2359 1168 2422 cohortes

101 2482 257 2542 romanas,
271 2477 320 2541 et,
333 2484 432 2548 quam
443 2460 667 2543 adducebant,
681 2484 812 2525 annona
829 2462 934 2526 fuerat
947 2483 955 2525 :
970 2461 1004 2524 in
1022 2460 1099 2547 ipsis
1114 2458 1171 2523 ad·

102 2560 165 2626 buc
180 2563 340 2651 angustiis
354 2563 527 2628 invadente
542 2564 654 2644 hoste,
670 2581 704 2627 et
718 2587 818 2627 suurn
832 2564 893 2627 sibi
908 2564 1087 2651 equitatum
1101 2558 1173 2624 effi-

103 2663 206 2728 ciente
217 2663 388 2746 inutilem,
401 2665 490 2730 baud
501 2688 585 2755 aegre
594 2666 804 2747 restiterunt,
820 2664 925 2730 donec
935 2665 1091 2729 auxilium
1106 2664 1171 2726 Lu-

104 2764 205 2830 cullus
224 2764 442 2831 submitteret.
458 2768 544 2831 Tum
561 2789 640 2831 vero
659 2768 763 2831 effiua
779 2768 855 2856 Iuga
872 2765 1169 2831 Mithridaticoruru

103 2888 211 2931 rusus
235 2888 313 2930 eum
335 2867 462 2949 Iocum,
487 2868 545 2931 ubi
562 2868 687 2932 Taxiles
707 2885 741 2933 et
765 2867 972 2955 Diophantus
994 2863 1169 2942 tenebant,

105 2968 216 3033 eodem
237 2969 334 3033 etiarn
349 2969 507 3034 victorem
522 2969 675 3051 deduxit3
694 2987 728 3034 et
747 2985 822 3057 post
846 2990 933 3049 acre,
958 2966 1015 3031 scd
1035 2964 1171 3029 minime

105 3070 302 3135 obstinatum
322 3088 502 3152 certamen,
521 3071 675 3160 dissipata
688 3070 905 3135 barbarorum
924 3070 1024 3149 acies,
1043 3068 1171 3132 dirersa

104 3170 178 3259 Iuga
202 3171 384 3259 disparuit:
403 3172 500 3261 pauci
521 3196 598 3237 cum
619 3172 697 3261 ipsis
719 3172 858 3236 ducibus
885 3170 925 3234 ad
947 3167 1170 3234 Mithridatem

104 3290 331 3359 pervenerunt.

144 3375 269 3439 XXIX.
280 3376 400 3465 Magna
413 3398 454 3439 eo
470 3374 523 3439 die
539 3375 641 3440 caedes
659 3375 824 3466 regiorum
843 3374 919 3455 fuit,
937 3388 970 3437 et
987 3395 1005 3435 a
1022 3369 1170 3460 quinque

104 3474 325 3541 Romanorum
338 3477 499 3558 millibus,
511 3477 642 3566 triginta
661 3477 779 3557 millia,
796 3475 897 3539 totius
913 3474 1074 3539 exercitus
1089 3472 1169 3563 regii

104 3577 218 3660 robur,
227 3578 299 3643 fusa
311 3579 510 3643 referuntur.
524 3578 743 3660 Mithridates,
755 3578 816 3643 hac
829 3594 959 3667 accepta
971 3575 1076 3657 clade,
1087 3574 1171 3639 veri·

105 3693 168 3761 tus,
185 3704 228 3745 ne
240 3680 434 3745 destinatum
450 3682 600 3769 equitatu
614 3681 858 3769 quamprimum
869 3680 1023 3749 Lucullus
1035 3679 1173 3743 circurn-

105 3783 241 3863 reniret,
255 3784 363 3846 statim
376 3783 562 3847 convocatis
579 3782 690 3847 amicis
704 3782 847 3871 aperuit,
863 3782 924 3846 sibi
937 3783 969 3845 in
984 3781 1093 3843 animo
1109 3800 1172 3841 esse

106 3879 267 3963 discedere,
284 3886 472 3972 priusquam
487 3887 602 3948 t‘tirtera
613 3884 653 3947 ab
667 3885 755 3949 toste
771 3884 1004 3949 clauderentur.
1025 3880 1076 3943 Illi
1095 3901 1171 3942 sua·

139 4101 275 4167 mvn.
288 4107 353 4155 Plut.
365 4108 392 4154 iu
404 4108 519 4166 Lucullo,
532 4124 586 4173 cap.
598 4109 639 4156 ³3.
653 4134 689 4146 -
703 4110 833 4158 Memnon.
847 4136 881 4144 -
895 4106 911 4172 §
925 4106 1049 4155 xxvttt.
1061 4104 1172 4170 Appiau.

112 4211 141 4220 -
153 4188 277 4238 Memnon.
288 4218 322 4226 -
336 4190 420 4253 I‘bleg.
431 4191 499 4255 apud
509 4192 583 4240 ebor.
691 4242 694 4249 ,
862 4192 864 4198 ’
