2875 4900
313 374 385 459 446
485 377 557 443 IO.
586 376 928 445 FREINSHEMII
957 378 1199 448 SUPPLEM.

314 496 483 586 crepabat,
504 494 695 584 praefervido
716 494 869 583 ingenio,
887 510 1125 584 promptusque
1142 518 1255 579 mauu,
1276 500 1358 563 etad

311 596 481 686 quodlibet
493 598 618 661 facinus
633 595 799 684 praesentis
819 594 978 678 audaciae3
995 620 1072 661 narn
1092 598 1246 664 Lentulus
1264 616 1294 663 et
1306 622 1357 664 ue·

312 700 372 764 teri
387 722 455 764 rem
473 700 506 764 in
523 696 702 763 Saturnalia
714 698 934 786 proferebant.
951 699 1022 762 Iam
1035 700 1222 789 Allobroges
1235 723 1272 765 ex
1281 724 1357 765 urau-

311 801 388 868 dato
400 800 564 866 Ciceronis
580 820 656 863 cum
675 798 851 877 conjuratis
869 815 1002 889 egerant
1016 820 1024 864 ε
1039 798 1082 863 ab
1096 800 1136 864 iis
1151 800 1192 865 ad
1207 801 1356 864 Catilinam

311 924 387 967 cum
399 902 474 966 Tito
488 898 630 988 quodam
643 899 815 963 Volturcio
829 901 1046 965 Crotoniense
1059 901 1254 967 mittuntur:
1268 903 1356 967 eidem

310 1003 416 1065 literas
433 1000 488 1065 dat
503 998 710 1089 perferendas
722 999 898 1082 Lentulus,
915 1002 981 1067 hoc
998 990 1147 1090 exemplo
1165 1026 1174 1067 τ
1191 1004 1279 1086 «Qui
1293 1004 1355 1084 sin,

312 1134 325 1159 ι
336 1126 374 1167 ex
392 1124 449 1183 eo,
470 1122 568 1188 quem
589 1100 630 1165 ad
650 1116 683 1164 te
700 1100 791 1182 misi,
809 1123 1010 1190 cognosces:
1027 1126 1123 1184 cura,
1141 1119 1179 1168 ut
1194 1104 1244 1167 vir
1259 1105 1313 1184 sis,
1331 1120 1356 1167 et

311 1234 324 1259 ·
334 1203 455 1291 cogita,
473 1223 571 1290 quem
587 1202 622 1265 iu
640 1202 751 1265 locum
768 1202 812 1265 sis
826 1224 1037 1291 progressus3
1053 1218 1087 1267 et
1104 1203 1195 1286 vide,
1213 1202 1290 1291 quid
1303 1204 1355 1282 jan

310 1334 323 1361 a
333 1304 391 1368 tibi
404 1304 445 1367 sit
456 1324 586 1367 necesse
601 1326 609 1367 :
626 1324 721 1384 cura,
733 1303 883 1367 omniurn
894 1303 954 1367 tibi
968 1304 1086 1368 auxilia
1095 1304 1265 1394 adjungas,
1276 1306 1355 1368 etiam

309 1435 323 1462 «
334 1402 555 1468 infimorum.
575 1401 625 1466 Ad
647 1402 713 1467 hoo
728 1403 880 1469 mandata
893 1405 1001 1469 verbis
1022 1404 1096 1488 dat,
1119 1406 1263 1495 nequod
1274 1426 1356 1492 genzo

310 1505 506 1571 auxiliorum
516 1506 549 1569 iu
560 1504 816 1568 tuamensem
828 1517 974 1593 spm5
985 1528 1058 1569 nave
1068 1508 1356 1595 emenufflumu's

309 1610 343 1670 iu
364 1606 445 1672 Urbe
461 1606 619 1683 omnibus,
632 1606 764 1693 propius
777 1606 933 1669 accedere.

353 1708 471 1771 XCIII.
485 1708 543 1771 His
559 1706 603 1769 ita
616 1706 820 1787 constitutis,
837 1728 941 1795 quum
960 1724 1063 1773 noctu
1078 1732 1137 1798 per
1147 1726 1281 1798 pontem
1295 1709 1354 1773 ral-

308 1811 398 1875 vium
418 1806 717 1898 proficiscerentur,
735 1808 861 1895 excepti
878 1824 956 1872 sunt
970 1808 1114 1893 insidiis,
1131 1833 1213 1898 quas
1232 1810 1277 1877 ibi
1290 1832 1354 1873 oon·

309 1912 385 1977 sulis
395 1912 487 1992 jussu
506 1912 540 1973 C.
552 1908 740 1991 Pontinius,
757 1910 793 1973 L.
804 1908 950 1973 Valerius
963 1910 1098 1974 Flaccus
1113 1926 1267 1999 praetores
1278 1908 1356 1973 collo-

306 2028 465 2077 caverant.
479 2012 526 2074 lta
540 2010 591 2075 his
604 2008 865 2097 comprehensis,
882 2011 999 2075 consul
1012 2032 1143 2075 summo
1157 2034 1254 2076 ruane
1265 2008 1353 2075 noorai

307 2115 404 2179 adse
429 2114 537 2178 statim
561 2110 754 2192 Gabinium,
778 2112 971 2192 Lentulum,
995 2112 1193 2201 Cethegum,
1212 2112 1353 2177 Statilium

305 2217 415 2298 Jubet,
433 2216 576 2301 itemque
593 2212 774 2299 Caeparium
791 2212 1074 2288 Terracinensem,
1096 2214 1154 2301 qui
1170 2214 1206 2277 in
1223 2212 1353 2302 Apuliam

307 2318 348 2382 ad
367 2313 584 2381 sollicitandos
602 2328 747 2401 pastores
761 2312 1037 2401 proficiscebatur.
1055 2316 1186 2402 Reliqui
1203 2326 1353 2380 venerunt

307 2418 486 2507 Caeparius,
509 2413 631 2480 indicio
652 2414 801 2504 cognito,
820 2436 860 2479 ex
878 2414 968 2480 Urbe
984 2416 1140 2506 profugit.
1161 2416 1297 2497 Consul,
1312 2436 1353 2478 se-

307 2533 387 2581 natu
403 2517 436 2580 in
456 2515 559 2580 rodem
576 2512 768 2580 concordia
783 2531 916 2599 vocato,
932 2517 1119 2596 conjuratos
1135 2541 1212 2583 curn
1228 2515 1354 2583 mstodi·

305 2621 367 2684 bus
378 2616 495 2682 adduci
507 2616 619 2696 jubet3
636 2617 810 2680 Lentulum
823 2616 836 2704 (
843 2617 919 2705 quia
929 2634 1050 2706 praetor
1064 2619 1187 2686 iterum
1200 2636 1282 2702 erat,
1294 2630 1354 2708 post

305 2721 510 2784 consulatum
523 2733 638 2782 senatu
651 2732 777 2799 motus,
789 2717 909 2782 deinde
919 2719 1035 2784 ordine
1047 2723 1259 2810 recuperato)
1270 2739 1353 2784 manu

305 2841 420 2888 tenens
441 2821 556 2886 eodem
575 2819 753 2884 adscendit.
777 2819 828 2883 lbi
846 2821 885 2883 D.
901 2820 1028 2885 Silanus
1051 2824 1168 2886 consul
1184 2823 1353 2912 designatus

233 2941 235 2946 ·
305 2923 401 3006 dixit,
418 2947 462 2986 ete
481 2921 615 3006 Cethego
629 2919 799 2983 nonnullos
818 2919 957 3000 audisse,
964 2920 1062 3008 fors,
1081 2934 1118 2984 ut
1134 2923 1221 2987 brevi
1232 2918 1354 2986 comulas

304 3043 366 3090 tres
371 3075 380 3106 ,
396 3047 468 3090 cam
476 3023 663 3112 praetoribus
674 3037 827 3110 quatuor,
840 3022 1035 3087 occidantur.
1049 3023 1171 3088 Similia
1187 3028 1224 3090 C.
1234 3027 1306 3090 Piso
1314 3021 1354 3084 vir

304 3128 481 3192 consularis
498 3123 663 3188 allerebat.
680 3124 808 3187 Interea
821 3126 855 3188 C.
866 3124 1044 3211 Sulpicius,
1061 3147 1161 3213 quern
1178 3127 1291 3190 consul
1303 3122 1353 3186 do·

304 3253 393 3293 mum
413 3227 549 3316 Cethegi
568 3226 714 3305 miserat,
736 3223 837 3307 redit,
855 3227 1149 3314 magnamquerirn
1169 3228 1215 3291 ibi
1229 3228 1352 3291 telorum

303 3351 550 3415 armorumque,
564 3327 786 3416 plurimasque
797 3328 878 3392 sices
889 3343 924 3391 et
937 3327 1061 3416 gladios
1074 3351 1188 3394 recens
1201 3344 1352 3400 exacutus,

302 3431 458 3518 reperisse
475 3429 615 3493 nuntiat.
972 3490 976 3496 ,

282 3587 285 3594 .
346 3532 462 3594 XCIV.
487 3530 657 3592 Postremo
683 3528 889 3608 Volturcius,
916 3546 1047 3619 accepta
1071 3531 1135 3596 fide
1161 3533 1305 3620 publica,
1326 3543 1352 3589 et

302 3651 375 3724 post
401 3633 491 3696 buno
515 3630 723 3721 Allobroges,
746 3631 857 3693 omnia
878 3634 1038 3720 aperiunt.
1056 3637 1217 3699 Auctores
1239 3629 1351 3697 sceleris

300 3755 350 3802 tot
365 3735 511 3814 indiciis,
530 3732 686 3812 testibus,
703 3731 819 3813 literis,
841 3755 898 3796 sua
920 3735 1142 3816 confessione,
1161 3736 1254 3799 vultu
1272 3730 1351 3796 deni·

299 3861 364 3926 que
379 3837 468 3924 ipso,
486 3849 597 3924 gestu,
614 3832 743 3912 colore,
757 3833 1007 3898 convincuntur.
1024 3835 1203 3900 Lentuluru'
1217 3835 1352 3900 dissimu·

332 4041 349 4106 s
361 4039 443 4090 xcu.
457 4039 508 4088 Cic.
521 4037 549 4084 in
563 4036 635 4086 Catil.
649 4039 701 4094 111,
716 4044 740 4092 t.
750 4063 785 4072 -
795 4035 860 4084 Plut.
873 4064 908 4073 -
918 4037 1015 4086 Sallust.
1030 4036 1087 4103 -§
1099 4039 1194 4087 xcrn.
1207 4039 1270 4086 llos.
1278 4034 1319 4089 IV,
1331 4047 1348 4076 ¹·

299 4151 332 4162 -
342 4124 394 4172 Clo.
404 4125 428 4169 ln
438 4120 509 4170 Cutil.
519 4115 568 4178 Ill,
578 4127 592 4176 l
601 4154 607 4176 ‚
615 4129 639 4167 et
649 4135 695 4183 pro
706 4119 810 4177 Flacco,
819 4135 842 4166 c.
852 4127 894 4174 lo.
902 4121 1045 4184 —Appiau
1054 4121 1156 4170 —Plut
1163 4121 1259 4169 -vut
1269 4120 1304 4171 11.
1313 4117 1348 4168 36-
