2875 4900
288 368 340 439 IN
371 368 484 438 LOC.
511 370 607 437 LIB.
635 369 725 438 CVI
754 369 969 441 LIVIANI.
1093 367 1159 437 601

80 490 192 556 verbis
213 489 349 555 Surenae
370 488 488 572 fidem,
511 488 618 555 donec
636 490 777 556 clamore
797 506 831 555 et
851 492 1005 559 conviciis
1024 490 1165 555 militum

82 593 181 658 armis
195 592 469 680 concrepantium
484 592 634 656 omnium
651 608 801 675 coactus,
813 593 917 676 nvos,
931 593 1056 680 inquit,
1070 593 1167 657 Octa·

81 694 151 775 «ri,
172 692 396 780 Petronique,
416 709 449 757 et
469 708 634 781 quotquot
650 692 768 759 adestis
788 694 884 783 legati
901 694 1092 781 tribunique
1109 717 1165 758 ro·

82 795 216 876 amani,
243 808 364 876 testor,
383 793 519 883 indigne
542 810 582 861 et
595 794 756 861 violenter
776 818 830 860 me
849 797 885 860 in
907 796 1058 861 ordinem
1080 798 1164 886 cogi.

81 897 173 962 «Vos
188 911 304 960 sutem
319 895 578 962 circumventum
592 896 634 961 ab
654 897 825 981 hostibus,
844 921 913 963 non
930 922 949 963 a
964 900 1090 964 civibus
1106 897 1165 963 de·

82 996 230 1081 uditum,
252 997 393 1087 perisse,
412 1018 622 1086 quocumque
632 999 865 1085 perveneritis,
884 998 1027 1063 dicetis».
1045 998 1162 1063 Pactus

80 1100 203 1194 ,deinde
218 1122 298 1164 cum
314 1098 453 1179 Partho,
470 1100 519 1163 uti
528 1112 612 1163 certo
629 1098 696 1163 loco
705 1146 716 1181 ,
735 1104 793 1187 qui
803 1100 1022 1189 aequaliterob
1033 1111 1164 1189 raroque

81 1207 228 1267 exercitu
246 1200 393 1281 dritaret,
411 1200 492 1287 pari
511 1222 642 1263 numero
658 1203 806 1264 comtum
828 1200 1105 1288 congrederentur,
1129 1199 1163 1261 in

81 1304 255 1393 planitiem
273 1300 451 1368 descendit.
465 1300 517 1365 Ibi
534 1302 669 1382 Crasso,
687 1323 791 1389 quum
808 1324 945 1366 romano
959 1323 1051 1364 more
1064 1299 1163 1388 pedes

81 1405 316 1492 processisset,
331 1404 471 1467 Surenas
488 1424 609 1489 equum
622 1401 741 1467 adduci
755 1402 866 1484 jussit,
885 1419 1040 1491 tanquam
1055 1425 1074 1465 a
1087 1423 1163 1491 rege

82 1508 215 1572 muneri
243 1506 400 1585 missum,
426 1519 662 1592 stratoresque,
686 1503 780 1593 signo
808 1502 903 1583 dato,
932 1502 1163 1591 corripuerunt

84 1610 257 1689 Crassum,
279 1608 596 1695 imposueruntque:
617 1620 688 1668 tum
705 1602 922 1668 admoverunt
937 1625 1024 1691 equo
1038 1603 1160 1691 virgas,

83 1724 119 1773 ut
133 1710 325 1775 incursum
342 1708 553 1772 concitarent.

124 1811 225 1877 LVII.
242 1814 287 1876 At
303 1809 472 1890 Octavius,
490 1808 577 1890 viso,
597 1808 677 1897 quid
698 1826 868 1899 ageretur,
888 1830 1024 1872 manum
1046 1806 1160 1892 injecit

82 1914 192 1997 freno,
209 1904 332 1999 aliique
349 1933 427 1975 mox
441 1911 580 1975 Romani
594 1912 890 1977 circumsteterunt.
906 1911 992 1975 Hinc
1008 1924 1081 1973 orto
1094 1929 1160 1971 cer·

83 2014 219 2095 tamine,
245 2012 407 2102 percussit
426 2012 618 2099 equisonem
642 2014 814 2095 Octavius,
836 2029 870 2078 et
886 2011 1026 2077 vicissim
1053 2023 1158 2072 ater·
1201 2058 1205 2066 .

84 2135 122 2200 go
137 2135 315 2201 percussus
331 2112 372 2176 ab
390 2112 454 2175 alio
467 2112 602 2195 cecidit;
619 2129 689 2177 tum
706 2114 951 2179 accurrentibus
968 2135 1008 2177 ex
1021 2133 1156 2197 compo·

83 2215 143 2279 sito
154 2215 322 2296 Barbaris,
335 2214 492 2296 Romani,
505 2214 625 2302 quibus
642 2230 706 2281 tam
719 2216 866 2283 celeriter
878 2213 1025 2279 succurri
1039 2236 1058 2277 a
1069 2211 1154 2291 suis,

84 2312 246 2397 peditibus
273 2314 453 2402 plerisque,
479 2335 555 2378 non·
569 2332 716 2403 poterat,
741 2317 884 2404 superati
906 2332 993 2380 sunt.
1021 2317 1155 2392 Crassus

84 2432 233 2503 quoque,
261 2438 305 2480 ne
329 2413 410 2504 quid
432 2415 525 2480 vivus
547 2430 732 2504 pateretur,
755 2438 940 2506 repugnans
964 2416 1154 2483 interfectus

85 2531 142 2598 est;
156 2517 338 2599 incertum,
358 2518 531 2600 hostiliae,
555 2541 596 2582 an
617 2539 753 2582 romane
770 2542 881 2584 manu.
896 2519 982 2583 Tum
999 2540 1078 2582 vero
1098 2532 1154 2580 ro*

84 2633 250 2682 manarum
269 2619 438 2707 copiarum
459 2618 603 2707 reliquiae
622 2619 738 2706 partim
759 2619 800 2684 de
816 2622 898 2686 colle
913 2621 1063 2710 digresse
1079 2641 1153 2707 per-

85 2715 240 2786 miserunt
260 2742 296 2784 se
320 2719 454 2803 victori3
480 2721 598 2808 partim
621 2737 724 2786 noctu
747 2738 916 2786 tentarunt
940 2723 1070 2809 fugam,
1094 2719 1153 2783 sed

84 2835 252 2890 evaserunt
275 2820 412 2884 omnino
431 2822 535 2910 pauci.
555 2825 632 2886 llaec
652 2839 701 2886 est
720 2822 910 2896 nohilisilla
924 2824 1150 2887 Romanorum

84 2911 115 2978 in
131 2917 368 3009 Mesopotamia
381 2920 504 3003 clades,
524 2945 587 3010 qua
604 2923 650 2987 M.
669 2925 802 2988 Crassus
817 2947 893 2988 cum
910 2922 995 3005 filie,
1013 2923 1151 2988 clarissi-

79 3035 136 3124 ¹ruo
155 3037 187 3084 et
207 3016 473 3110 praestantissimo
493 3023 631 3104 juvene,
654 3024 949 3112 pulcherrimisque
967 3024 1151 3113 legionibus

84 3119 210 3185 mtcriit.
1045 3196 1049 3202 Δ

123 3219 237 3292 LVIII.
255 3225 392 3290 Plurimi
408 3228 504 3292 etiam
521 3243 684 3294 senatores
698 3252 775 3294 cum
788 3229 913 3317 aliquot
924 3227 1150 3292 consularibus

85 3331 114 3380 θῑ
125 3327 281 3408 praetoriis
298 3325 470 3393 desiderati
491 3345 579 3393 sunt.
598 3331 638 3393 In
658 3330 849 3394 universum
866 3328 1019 3394 cecidisse
1036 3329 1150 3418 viginti

84 3419 195 3507 millia,
213 3426 326 3492 decem
344 3445 433 3518 capta
452 3431 658 3514 referuntur,
678 3430 769 3518 quod
782 3430 824 3495 de
840 3431 995 3496 Romanis
1009 3447 1152 3496 tantum·

85 3522 176 3588 modo
199 3530 301 3618 copiis
325 3530 573 3620 intelligendum
598 3533 759 3615 arbitror,
785 3557 889 3621 quum
918 3533 1085 3624 Appianus
1108 3534 1150 3598 de

72 3640 208 3693 centum
226 3631 370 3700 millibus
389 3633 581 3718 hominum,
601 3657 669 3698 non
691 3649 760 3698 tota
775 3633 889 3700 decem
910 3635 1009 3699 millia
1026 3635 1149 3699 redisse

83 3717 114 3784 in
131 3726 254 3816 Syriam
272 3750 397 3816 namet,
416 3736 549 3821 Florus,
564 3759 688 3826 sparsas
706 3735 741 3801 in
761 3739 968 3819 Armeniam,
986 3736 1148 3817 Ciliciam,

84 3817 268 3932 ,syriamque
283 3836 453 3924 reliquias,
468 3837 521 3902 va
534 3839 688 3908 nuntium
702 3838 802 3904 cladis
815 3841 972 3904 retulisse.
990 3839 1147 3927 Magnum

85 3939 162 3990 inter
174 3929 235 3998 hos
248 3936 457 4002 Lucanorum
472 3937 571 4005 fuisse
590 3963 767 4006 numerum
784 3956 978 4006 annotatum
993 3954 1058 4020 est,
1074 3961 1150 4028 pro·

115 4109 217 4174 §LVIL
229 4124 351 4176 Plutarch.
365 4154 398 4164 -
411 4128 467 4176 Dio.
