2875 4900
323 388 389 459 ¹90
490 358 923 429 10.FRE1NSHEM11
955 360 1198 429 SUPPLEM.
1257 385 1264 398 ·

317 504 387 566 tus,
404 506 444 547 ex
459 481 618 546 Strabone
630 480 805 561 discimus,
820 496 957 547 conatus
973 480 1127 563 evadere,
1138 498 1302 571 postquam
1319 504 1362 545 so·

310 604 410 676 ptum
417 584 527 649 hostili
536 583 680 647 exercitu
688 583 810 645 exitum
821 582 989 666 intellexit,
998 605 1074 647 curn
1084 584 1361 675 minore'l'elesino,

229 717 234 727 ·
316 683 518 775 ejus,quiad
528 700 654 772 portam
664 682 1128 765 Collinnmoccubuit,frntre,
1142 684 1362 772 beilifugaequc
1402 704 1403 707 ¹

315 788 422 870 socio,
437 785 554 850 strictis
571 783 770 872 pugionibus
786 784 969 865 concurrit;
986 804 1091 872 eoque
1106 784 1288 864 interiecto,
1302 784 1363 871 ipse

315 890 426 953 leviter
441 886 644 965 vulneratus,
659 906 754 947 servo
770 904 830 947 suo
852 884 1010 950 cervicem
1027 886 1174 974 praebuit.
1194 886 1292 965 Sunt,
1314 884 1363 971 qui

315 1012 373 1055 sua
390 1010 508 1068 manu,
527 1001 620 1065 sunt,
643 985 698 1072 qui
713 1006 732 1047 a
748 984 881 1048 sullanis
900 985 1073 1067 militibus,
1089 985 1289 1073 inidipsum
1305 984 1363 1047 dis·

315 1090 446 1178 positis,
460 1088 693 1172 interemptum
707 1100 833 1172 putent.

358 1186 499 1251 XXXII.
517 1188 624 1275 Caput
639 1184 681 1249 ad
696 1186 817 1249 Sullam
834 1186 988 1267 relatum,
1005 1202 1037 1250 et
1050 1188 1091 1251 ab
1113 1210 1152 1251 eo
1170 1210 1230 1275 pro
1251 1186 1364 1251 Rostris

315 1290 460 1379 positum
472 1303 537 1369 est,
556 1309 631 1351 cum
651 1284 765 1350 cavillo
785 1286 818 1349 in
841 1302 965 1351 aetatem
984 1288 1147 1370 consulis,
1163 1312 1262 1377 quem
1279 1305 1365 1351 antea

314 1413 433 1455 renuam
441 1439 452 1472 ,
465 1412 564 1478 quam
574 1386 841 1477 gubernaculum,
857 1402 996 1453 tractam
1010 1390 1148 1455 debuisse
1158 1388 1295 1457 dicebat.
1304 1390 1364 1453 Ne·

314 1514 379 1580 que
397 1507 505 1555 tamen
522 1490 575 1554 ssle
592 1488 747 1578 indignus
765 1504 856 1553 tanto
872 1490 1006 1554 nomine
1021 1490 1231 1572 credebatur3
1247 1492 1365 1554 animo·

314 1616 378 1681 que
391 1592 516 1681 parenti
530 1614 598 1655 non
616 1590 796 1672 dissimilis,
811 1591 975 1657 fortunam
992 1592 1187 1679 iniquiorem
1201 1592 1365 1655 habuisse:

315 1717 422 1782 neque
444 1693 586 1758 dubitari
607 1714 721 1781 posse,
750 1691 892 1780 quidde
917 1716 956 1756 co
978 1694 1064 1757 Sulla
1083 1693 1293 1773 judicaverit,
1315 1690 1365 1779 qui

313 1812 382 1859 tum
400 1794 550 1876 demum,
566 1809 739 1881 postquam
756 1794 901 1857 sublatus
917 1794 971 1859 ille
983 1796 1103 1877 fuerat,
1119 1809 1365 1885 cognomentum

312 1896 440 1976 Felicis,
458 1896 560 1960 bomo
577 1894 725 1958 omnium
737 1895 953 1977 miserrimus,
968 1896 1157 1985 assumpsit3
1170 1913 1367 1981 statuamque

311 1992 655 2086 equestrem'auratant
672 2018 747 2061 cum
762 1994 826 2059 hoc
840 1997 1035 2085 cognomine
1050 1997 1129 2085 poni
1147 1996 1210 2061 sibi
1230 2018 1291 2085 pro
1307 1996 1367 2057 Ro·

311 2101 383 2165 stris
398 2120 509 2188 passus
521 2115 586 2181 cst3
602 2114 635 2161 et
648 2118 751 2185 quum
764 2096 893 2161 Metella
904 2098 1049 2187 geminos
1063 2097 1178 2162 eodem
1194 2113 1289 2185 partu
1305 2094 1366 2157 edi·

311 2200 424 2281 disset,
440 2222 580 2288 puerum
591 2197 758 2277 Faustum,
775 2198 915 2285 puellam
926 2199 1081 2263 Faustam
1095 2197 1249 2286 appellari
1260 2194 1367 2261 voluit.

352 2301 507 2366 XXXIII.
526 2300 712 2381 Lucretius,
731 2300 892 2365 Praeneste
909 2316 1058 2388 recepto,
1074 2316 1242 2365 senatores
1265 2318 1366 2363 roma·

309 2426 389 2484 nos,
408 2424 490 2490 quos
503 2403 550 2466 ibi
563 2418 741 2491 repemrat,
760 2402 877 2490 partim
895 2401 1073 2483 interfecit,
1091 2402 1170 2465 aiios
1185 2400 1324 2483 conjecit
1337 2398 1366 2460 in

308 2503 452 2585 vincula,
468 2502 574 2567 donec
589 2503 675 2566 Sulla
690 2502 882 2567 advenisset.
899 2503 957 2566 Ille
974 2525 1040 2565 non
1055 2501 1111 2566 diu
1129 2520 1322 2582 cunctatus,
1340 2513 1368 2562 et

308 2603 396 2685 illos,
419 2619 452 2666 et
467 2619 632 2690 quotquot
655 2602 766 2692 iegati,
789 2619 979 2692 quaestores,
1001 2603 1158 2692 praefecti,
1183 2605 1368 2690 tribunique

307 2704 447 2792 partium
468 2703 596 2768 iliarum
617 2705 762 2784 suerunt,
778 2703 908 2768 occidit.
930 2705 1087 2784 Caeteros,
1106 2725 1163 2791 spe
1182 2705 1298 2768 salutis
1315 2723 1369 2791 per

307 2805 343 2870 P.
354 2805 534 2895 Cethegum
559 2803 650 2885 data,
673 2805 708 2866 in
731 2827 861 2892 campos
883 2803 1035 2894 progredi
1055 2805 1176 2884 jussit:
1193 2803 1369 2894 progressis

307 2907 426 2971 exemit
447 2905 624 2970 admodum
645 2927 782 2991 paucos,
806 2925 948 2991 quorum
970 2903 1143 2992 aliquando
1170 2928 1254 2970 usus
1275 2923 1369 2992 opera

307 3009 413 3073 fuerat
432 3033 440 3072 :
461 3008 618 3095 reliquam
638 3003 881 3069 multitudinem
901 3005 1005 3068 tribus
1027 3004 1212 3094 agminibus
1233 3002 1369 3070 discerni

306 3109 493 3198 imperavit3
515 3125 554 3172 ut
576 3107 710 3172 seorsim
733 3106 888 3187 Romani,
913 3107 1047 3170 seorsim
1069 3107 1252 3189 Samnites,
1276 3122 1369 3192 atque

306 3209 494 3272 Praenestini
506 3207 730 3272 consisterent.

348 3309 502 3372 XXXIV.
520 3309 606 3371 'him
631 3307 834 3372 denuntiavit
857 3329 916 3396 per
938 3328 1120 3396 praeconem
1142 3309 1323 3388 Romanis,
1343 3321 1371 3370 et

306 3413 386 3497 ipsos
398 3425 527 3473 mortem
540 3432 601 3473 esse
614 3411 822 3490 commercius,
836 3425 983 3473 ceterum
995 3433 1050 3474 suo
1065 3407 1305 3498 beneficiofhre
1314 3407 1372 3472 sal·

306 3533 367 3574 vos.
377 3511 534 3575 Samnites
547 3526 579 3574 et
588 3511 667 3574 alios
680 3510 802 3598 ubique
815 3533 928 3574 omnes
943 3509 1122 3576 interficere
1132 3512 1268 3593 solitus,
1283 3507 1371 3599 quod

304 3627 509 3700 compertum
524 3611 643 3675 habere
659 3609 842 3692 dictitabat,
862 3613 1013 3674 neminem
1025 3611 1204 3674 Romanum
1222 3611 1375 3676 rircolurni

318 3777 355 3862 ‘s
374 3799 472 3844 xxm.
491 3797 574 3842 nom.
590 3795 662 3840 sem.
677 3793 715 3851 11,
728 3809 753 3854 9.
772 3820 806 3829 -
830 3793 939 3858 Appen.
953 3793 1006 3840 cn.
1025 3793 1069 3841 nu.
1086 3795 1106 3842 1.
1127 3820 1162 3829 -
1182 3795 1239 3842 mv.
1256 3794 1323 3860 spu
1340 3817 1372 3828 -

305 3879 383 3928 Strsb.
397 3879 441 3926 lib.
452 3877 484 3936 V,
502 3896 527 3943 p.
540 3877 599 3938 239.
614 3902 649 3913 --
658 3877 723 3924 reu.
740 3879 764 3923 11
773 3909 780 3932 ,
795 3893 837 3938 ²7·
852 3902 886 3912 —
902 3877 975 3924 Anct.
991 3875 1021 3922 dc
1031 3876 1084 3922 Vir.
1096 3876 1132 3924 ili.
1143 3891 1199 3940 cap.
1212 3879 1258 3940 69.
1275 3903 1311 3912 —
1319 3873 1371 3920 vn.

304 3965 428 4020 Male,
442 3964 466 4009 8.
480 3987 517 3998 -
531 3961 603 4008 Oros.
619 3961 767 4009 —Diodon
778 3959 823 4008 lib.
835 3959 968 4008 XXXVII.
982 3987 1017 3996 -
1034 3959 1155 4008 Piutarcb.
1171 3985 1208 3996 --
1226 3959 1243 4026 s
1262 3959 1372 4008 XXXII.

303 4047 368 4094 Veli,
376 4073 412 4083 -
424 4043 546 4092 Plutarch.
555 4043 581 4090 in
591 4045 653 4090 Mar.
664 4061 719 4108 cap.
733 4043 990 4108 eo‚uins111n,cap.
1000 4044 1042 4104 67.
1052 4070 1086 4080 —
1095 4043 1150 4091 vu.
1161 4043 1234 4092 Mox.
1245 4045 1298 4103 11,
1308 4059 1372 4091 1.-

305 4127 429 4185 nutu,
439 4129 480 4184 43.
487 4153 522 4164 -··
531 4125 641 4190 Appisn.
650 4151 685 4162 —-
694 4124 710 4190 5
720 4129 841 4176 XXXIII.
852 4129 923 4176 Oros.
931 4153 965 4164 -—
973 4126 1026 4174 Vel.
1036 4129 1104 4176 Max.
1115 4129 1166 4188 IX,
1178 4143 1203 4178 n.
1216 4157 1253 4166 —
1264 4127 1372 4194 Appian.
