2875 4900
262 372 334 458 554
429 375 501 442 JO.
526 374 878 445 FREINSHEMII
908 374 1154 443 SUPPLEM.

258 495 366 576 edito,
382 495 419 557 in
436 509 606 583 posterum
628 495 787 560 abstinuit
804 495 912 576 curia,
932 492 1100 581 majorque
1115 514 1192 557 cum
1205 512 1245 557 eo
1256 514 1325 582 pars

259 599 410 677 Petrum,
425 595 508 660 adeo
528 613 567 661 ut
586 618 756 684 nunquam
775 595 816 660 ad
834 616 1009 659 numerum
1026 594 1151 681 reliqua
1167 592 1237 673 ejus
1251 594 1325 657 anni

257 714 348 787 parte
370 697 605 763 convenirent:
627 698 734 762 caeteri
757 720 866 785 neque
884 712 1006 761 vestem
1028 695 1224 759 senatoriam
1241 716 1325 759 resu-

258 820 348 862 mere
367 798 537 879 volebant,
556 820 664 886 neque
683 799 757 873 ullis
777 798 889 863 adesse
908 796 1121 863 solennibus:
1143 796 1252 884 itaque
1267 817 1324 859 nec

258 899 294 962 iu
310 898 475 963 Albanum
491 914 638 963 montem
655 898 803 981 iverunt,
822 920 926 987 quum
943 897 1030 961 leriae
1044 897 1150 962 latinae
1166 898 1323 961 instaura·

261 1016 387 1066 rentur.
406 999 461 1064 Sic
476 1000 672 1089 absumpto,
693 1000 785 1089 quod
804 1001 967 1088 reliquum
984 1022 1023 1063 cx
1045 1021 1085 1064 eo
1107 1021 1195 1063 anno
1210 1000 1324 1079 fuerat,

259 1124 384 1191 quum,
398 1104 595 1168 mcumacto
612 1104 786 1169 consulum
799 1101 955 1191 imperio,
967 1101 1142 1190 interreges
1155 1100 1255 1165 creari
1267 1122 1326 1165 coe·

259 1204 404 1292 pisaeus,
427 1205 605 1293 Pompeius
627 1228 704 1269 cum
726 1206 842 1269 Crasso
864 1203 1069 1269 consulatum
1094 1216 1205 1291 aperte
1221 1216 1326 1290 petere

260 1305 413 1370 decrevit.

303 1407 375 1471 VII.
397 1408 466 1471 llos
491 1423 608 1497 praeter
628 1408 792 1496 propriam
817 1405 997 1494 potentiam
1017 1403 1112 1469 amici
1127 1402 1257 1469 Caesaris
1271 1401 1327 1467 ad·

256 1507 432 1591 jurabant,
450 1508 492 1573 ad
508 1532 593 1597 quos
614 1510 669 1573 ille
690 1508 881 1596 scripseram
898 1506 957 1571 sed
978 1520 1012 1569 et
1035 1504 1151 1569 milites
1170 1504 1326 1593 plurimos

259 1630 336 1672 cum
352 1608 389 1673 P.
406 1611 523 1675 Crasso
537 1612 585 1675 Μ.
604 1612 641 1675 F.
654 1633 714 1698 per
734 1632 864 1675 causam
880 1622 1140 1699 commeatuum,
1156 1606 1190 1671 in
1206 1606 1325 1671 Urbem

260 1710 347 1775 idem
363 1712 469 1776 Cassar
480 1713 620 1789 miserat.
632 1713 691 1777 His
705 1711 805 1777 rebus
819 1710 964 1775 deterriti
975 1709 1080 1773 caeteri
1091 1706 1251 1773 candidati
1263 1728 1327 1771 ma·

260 1826 334 1878 ture
351 1831 527 1879 cesserunt.
545 1816 581 1880 L.
597 1814 780 1879 Domitium
794 1812 914 1877 sororis
930 1832 997 1876 sure
1010 1809 1164 1873 maritum
1180 1810 1227 1873 Μ.
1248 1809 1326 1872 Cato
1407 1828 1408 1833 ¹

260 1913 482 1997 confirmarit,
499 1938 541 1980 ne
553 1930 728 2004 smceptam
743 1914 783 1979 de
801 1914 944 1979 libertate
961 1914 1086 1990 verius,
1106 1934 1203 1999 quam
1220 1932 1327 1975 coruu-

259 2011 346 2095 Iatu,
362 2018 589 2081 eorummnem
602 2031 688 2081 meta
701 2013 877 2105 defirgeret.
895 2014 1011 2101 Neque
1025 2012 1136 2077 deerat
1149 2012 1327 2077 multorum

260 2116 368 2201 saror,
386 2118 466 2207 qruil
475 2120 522 2182 ita
537 2119 703 2207 Pompeius
721 2116 910 2205 crassusque
921 2117 1034 2179 iterum
1041 2160 1053 2193 ‚
1072 2112 1154 2202 qued
1168 2135 1236 2177 una
1246 2126 1329 2201 pete·

261 2231 347 2297 mut,
362 2218 550 2283 mirantium
563 2242 571 2285 ε
589 2222 742 2283 nemmem
757 2219 855 2306 rgr'cm
861 2228 1020 2305 praeterea
1033 2214 1168 2302 digmtm
1181 2238 1217 2298 eo
1227 2217 1329 2302 magi·
1407 2244 1408 2253 ¹

257 2332 361 2383 struto
377 2321 557 2385 maiestate
576 2342 658 2401 esse,
683 2320 740 2409 qui
756 2341 832 2407 ¹cum
857 2318 1012 2383 alterutro
1035 2317 1147 2381 donam
1169 2315 1333 2380 declarari
1407 2330 1408 2335 ’

252 2419 380 2506 possr'tr’
389 2419 495 2509 lgitur
507 2420 688 2487 adversaria
700 2419 816 2502 laeuo,
829 2441 932 2509 quum
946 2418 1077 2484 timeret
1087 2417 1329 2484 inclinationem

260 2518 380 2608 plebis,
400 2520 529 2586 ad'rim
549 2543 722 2604 conversa,
741 2522 887 2588 Domitio
908 2535 983 2586 ante
1002 2522 1109 2586 lucem
1126 2520 1160 2586 in
1178 2543 1331 2609 campum

260 2621 352 2684 eunti
375 2622 485 2710 posuit
504 2622 657 2705 insidias3
675 2645 824 2713 puerque
841 2623 1020 2710 proelucens
1036 2620 1085 2703 ei,
1101 2643 1177 2686 cum
1193 2621 1331 2709 quibus·

260 2721 336 2786 dam
351 2723 420 2787 aliis
434 2723 561 2789 occisus
576 2739 636 2790 est.

303 2824 392 2890 Vlll.
415 2824 587 2890 Retinebat
614 2840 723 2890 tamen
748 2826 931 2890 Domitium
961 2825 1064 2905 Cato,
1088 2823 1156 2911 ipse
1174 2843 1332 2910 quoque,
1407 2839 1408 2842 ’

259 2927 394 2990 vulnere
413 2927 448 2990 in
468 2925 620 2992 dextrum
639 2926 788 2991 cubitum
811 2933 963 3013 accepto,
984 2925 1129 3006 sautius3
1147 2921 1205 2986 sed
1226 2945 1332 3011 quum

260 3050 358 3092 omne
384 3027 516 3092 illorum
531 3028 656 3116 'agmen
681 3024 885 3115 diffugisset,
914 3026 1032 3089 timens
1055 3023 1220 3088 Domitius
1246 3045 1334 3112 aegre

259 3129 396 3194 domum
410 3128 526 3193 rediit:
543 3127 719 3216 Pompeius
741 3128 959 3214 Crassusque,
977 3139 1178 3214 repugnante
1188 3121 1256 3202 jam
1276 3145 1333 3186 ne·

260 3229 368 3312 mine,
389 3229 474 3294 facti.
497 3228 589 3293 Inter
610 3228 680 3293 hmo
697 3230 733 3293 Ι».
756 3228 830 3292 Piso
848 3225 1090 3303 Macedoniam,
1111 3227 1150 3291 t.
1173 3224 1334 3290 Gabinius

259 3328 384 3416 Syriam
403 3351 478 3393 cum
498 3326 642 3392 finitimis
656 3327 849 3416 provinciis,
869 3326 1000 3392 adversa
1015 3343 1153 3415 uterque
1170 3326 1276 3408 fama,
1291 3342 1336 3389 te·

260 3445 410 3495 uuerant.
431 3430 507 3494 Piso
527 3452 587 3517 per
606 3429 771 3494 arandam
790 3429 907 3494 accolis
927 3427 1125 3493 Macedoniae
1149 3426 1335 3492 Thracibus

259 3554 297 3596 ac
312 3530 471 3596 Dardanis
494 3554 607 3619 pacem
628 3554 743 3621 magna
764 3551 890 3596 summa
912 3528 1113 3596 vendiderat.
1130 3529 1176 3592 Ea
1195 3529 1268 3618 ipsa
1285 3549 1336 3592 res

261 3632 296 3696 iu
313 3631 436 3696 bellum
456 3631 522 3721 egit
533 3631 711 3713 Barbaros,
724 3647 762 3696 ut
772 3634 936 3721 replerent
948 3631 1062 3696 bellica
1073 3629 1180 3720 praeda
1195 3629 1335 3710 domos,

259 3755 340 3821 quas
361 3732 466 3820 pretio
486 3731 604 3819 quietis
627 3733 850 3798 exhauserant.
873 3734 976 3823 Igitur
997 3755 1065 3797 nou
1088 3749 1199 3798 vexata
1223 3734 1336 3798 solum

260 3851 293 3900 et
309 3833 445 3925 spoliata
468 3832 659 3898 Macedonia
682 3850 749 3915 est,
767 3834 824 3900 sed
851 3836 947 3900 etiam
971 3834 1129 3898 exercitus
1155 3857 1334 3914 romanus,

295 4037 368 4102 ΠΙ.
386 4038 439 4088 Cic.
453 4038 484 4086 ad
495 4041 527 4102 Q.
543 4040 611 4088 fratr.
625 4041 663 4099 11,
676 4039 701 4089 6.
719 4065 756 4076 -
774 4039 898 4090 Plutarch.
918 4039 945 4090 in
959 4041 1046 4105 Pomp.
1064 4065 1099 4077 -·
1116 4039 1173 4088 Dio.
1189 4066 1224 4078 -
1240 4037 1258 4104 5
1274 4037 1333 4086 vn.

258 4123 322 4172 Plut.
334 4123 362 4171 in
372 4121 471 4182 Cmro,
483 4125 571 4189 Pomp.
580 4135 606 4173 et
616 4124 671 4173 Cat.
682 4151 717 4162 -
729 4121 788 4172 Dio.
