2875 4900
226 347 281 415 IN
310 344 423 413 LOC.
450 344 545 411 LIB.
572 344 753 415 LXXXV
782 347 997 417 leltttt.
1081 347 1146 445 159

89 464 172 531 ·dam
195 488 277 531 esse.
301 464 375 528 'l'ibi
396 462 483 553 viget
501 480 595 545 atas,
613 466 699 555 viget
718 465 933 554 mundarum
952 488 1062 531 rerum
1086 493 1146 533 cu·

88 566 201 653 ·pido:
223 588 285 629 nec
306 564 381 629 ideo
404 564 563 627 cautionis
586 586 685 654 eges;
708 566 854 629 animum
873 566 1148 657 prudentiamque

88 683 190 729 «tuam
221 664 334 753 paucis
363 664 531 727 mensibus
560 666 682 745 majore
710 665 910 730 documento
935 669 1147 756 approbasti,

87 790 199 854 «quam
217 766 315 831 edere
329 766 423 830 multi
435 782 558 829 veteres
568 768 780 855 imperatores
791 783 980 855 potuerunt.
994 770 1059 833 Abi
1071 793 1150 859 ergo

87 868 199 933 -houis
214 868 351 948 aribus,
367 882 401 929 et
420 866 489 929 illas
508 866 603 929 uobis
621 866 802 955 provincias
816 867 945 954 recipe:
962 890 1032 931 non
1047 872 1151 959 magis

86 968 163 1032 «illic
177 990 272 1055 pares
286 966 344 1031 tibi
362 966 507 1030 hostium
527 964 627 1031 duces
650 983 764 1047 erunt,
782 988 882 1053 quam
902 966 1056 1049 fuerumt,
1075 973 1151 1057 qui·

86 1070 243 1133 ·buscum
269 1068 426 1131 hactenus
452 1088 487 1131 es
514 1088 717 1155 congressus.
742 1066 813 1154 Ego
841 1065 919 1131 hinc
941 1067 1034 1131 facile
1053 1072 1152 1133 susti·

85 1194 210 1237 -ouero
231 1170 373 1233 bellum:
390 1170 417 1231 si
435 1184 468 1233 et
487 1168 529 1231 ab
546 1168 598 1231 illa
614 1184 705 1257 parte
727 1168 909 1256 superiores
924 1168 1153 1249 simus‚'baud

85 1272 295 1337 ·dubitanter
310 1292 328 1333 e
347 1285 561 1356 tyrannorum
577 1269 727 1332 manibus
740 1268 1005 1357 recuperabimus
1019 1292 1152 1361 rempu-

86 1374 236 1438 ‹blioem
248 1404 262 1426 ι

126 1475 204 1537 XX.
230 1473 307 1536 llaec
328 1470 385 1534 ubi
408 1469 495 1533 Sulla
515 1468 658 1550 dixerat,
675 1468 871 1558 Pompeius,
890 1472 1037 1556 quamvis
1051 1472 1088 1535 iu
1101 1473 1153 1537 illa

86 1590 178 1637 :etate
192 1590 226 1637 et
236 1571 386 1652 fortuna,
398 1568 566 1635 modestice
577 1570 653 1633 satis
665 1584 779 1649 tenax,
795 1570 938 1659 negavit,
953 1588 1078 1637 rectum
1091 1574 1153 1638 sibi

85 1674 210 1760 videri,
226 1674 253 1737 si
271 1689 351 1737 natu
366 1689 399 1737 et
413 1671 569 1761 dignitate
585 1671 698 1751 majori
716 1672 917 1758 provinciam
932 1688 1150 1761 extorqueret.

87 1776 228 1862 ·Neque
243 1796 342 1855 vero,
364 1788 396 1837 te
413 1770 606 1853 mandante,
625 1770 805 1859 quidquam
828 1771 948 1859 negotii
967 1772 1152 1862 defugiam

86 1898 177 1940 anon
201 1876 359 1964 cepissem
373 1874 442 1938 haec
459 1896 568 1955 arma,
585 1888 672 1939 certe
686 1874 813 1936 nonita
829 1872 1006 1959 cepissem,
1020 1875 1048 1937 si
1065 1876 1154 1939 labo·

86 2012 99 2031 ι
110 1978 202 2041 ribus
217 1994 250 2041 et
265 1976 415 2064 periculis
429 1976 607 2063 potuissem
623 1973 806 2039 absterreri.
824 1972 888 2038 Sed
905 1976 947 2055 Q.
963 1976 1112 2041 Metellus
1126 1978 1154 2040 is

85 2111 100 2133 ·
110 2100 188 2142 sane
201 2076 251 2141 vir
263 2093 327 2157 est,
342 2098 438 2164 quern
451 2098 469 2139 a
481 2098 534 2139 me
543 2076 697 2140 affectum
711 2076 829 2156 injuria
839 2074 941 2139 videri
952 2077 1054 2141 nolim
1067 2100 1075 2141 ι
1091 2079 1156 2141 fon

87 2210 101 2233 ι
112 2179 205 2243 tassis
217 2178 314 2242 etiam
327 2198 386 2265 per
401 2199 435 2241 se
450 2198 502 2241 res
515 2176 560 2249 ita
573 2192 679 2265 geret,
692 2192 731 2239 ut
748 2168 965 2240 lortunre'tuae
976 2176 1155 2242 desiderio·

23 2354 24 2365 χ
88 2303 178 2368 ·que
191 2277 406 2367 respondeat:
422 2276 513 2365 quod
530 2276 557 2341 si
575 2278 658 2341 forte
675 2276 710 2340 in
726 2292 854 2340 tantum
871 2276 976 2363 impar
994 2276 1081 2341 hosti
1101 2277 1155 2342 lu-

87 2398 206 2445 «turos
226 2395 297 2461 est,
323 2394 361 2441 ut
382 2378 541 2442 sustinere
563 2400 639 2456 eum
663 2399 757 2466 posse
778 2376 924 2459 diffidat,
944 2378 1033 2442 haud
1056 2378 1156 2445 dubie

23 2539 24 2548 ,
88 2483 220 2546 -suittet
235 2480 276 2545 ad
296 2496 329 2544 te
344 2481 468 2562 literas,
486 2497 520 2543 et
536 2477 709 2542 consilium
732 2478 831 2542 rebus
848 2478 915 2542 suis
933 2479 1156 2568 auxiliumque

89 2582 309 2673 ·postulal›it:
323 2581 394 2670 ipso
410 2602 509 2668 porro
523 2594 719 2659 arcessente,
733 2594 905 2667 promptus
916 2595 950 2643 et
960 2578 1077 2644 lubens
1088 2581 1155 2646 ibo.

132 2685 226 2748 XXI.
248 2684 313 2746 «Et
330 2683 416 2746 hanc
431 2679 623 2745 seutentiam
640 2678 700 2742 tibi
714 2701 847 2767 quoque
859 2680 990 2766 probari
1008 2703 1075 2744 nou
1092 2681 1157 2746 du-

90 2788 203 2867 ·bito,
219 2785 412 2874 imperator,
430 2783 484 2847 cui
503 2798 535 2846 et
551 2781 612 2869 ipsi
631 2780 731 2844 fuisse
746 2778 874 2844 viderer
885 2779 973 2858 justo
991 2779 1157 2867 cupidior,

91 2891 141 2953 -si
156 2887 356 2977 provinciam
369 2884 509 2948 oblatam
523 2883 632 2948 statim
648 2881 837 2968 acciperem.
856 2879 920 2944 Sed
932 2895 966 2943 et
976 2880 1088 2961 uobis,
1100 2879 1158 2968 qui
1266 2941 1269 2946 .

93 3012 176 3078 ·pro
191 2988 318 3077 legibus
332 3003 365 3050 et
375 2984 542 3073 republica
555 2983 696 3072 gerimus
710 2981 851 3060 bellum,
862 2979 1032 3043 honestius
1042 2981 1158 3064 fuerit,

95 3089 198 3153 «nihil
222 3086 438 3166 commisisse,
457 3083 547 3172 quod
569 3083 631 3147 illis
652 3103 768 3170 parum
789 3101 970 3168 congruere
988 3080 1156 3150 videatur:

95 3213 225 3278 «neque
242 3187 386 3252 fortassis
403 3185 482 3250 utile
497 3185 555 3266 sit,
575 3184 616 3267 Q.
638 3183 806 3249 Metellum
829 3196 916 3244 tanta
938 3181 1105 3248 nobilitate
1126 3183 1170 3251 et'

95 3291 218 3382 ugratia
238 3290 344 3354 virum
368 3286 517 3352 offendi:
536 3309 610 3351 nam
630 3301 765 3374 propter
785 3283 895 3365 illum,
913 3284 985 3347 etsi
1001 3285 1058 3373 qui
1074 3310 1158 3375 pm.

96 3410 204 3456 «terea
225 3405 303 3456 sunt
325 3391 393 3470 ejus
413 3387 550 3470 similes,
576 3386 781 3475 optimatium
804 3401 909 3473 partes
933 3408 1106 3473 vocamur,
1125 3409 1159 3456 et

96 3491 394 3582 ·quemadmodum
419 3490 507 3554 illius
532 3490 622 3553 favor
645 3488 823 3552 multorum
841 3485 901 3550 tibi
922 3485 1069 3566 adjunxit
1089 3493 1160 3555 ani·

97 3615 210 3675 «mos,
227 3593 271 3657 ita
286 3591 379 3656 multi
397 3613 433 3656 se
449 3591 541 3654 laesos
553 3590 586 3652 in
600 3611 669 3652 uno
680 3586 855 3677 putabunt.
871 3587 1027 3652 Praeterea
1040 3609 1160 3656 morta·

97 3696 198 3759 ·lium
217 3693 366 3759 omnium
383 3694 448 3758 fata
463 3689 627 3780 dispensat
646 3691 753 3755 Deus:
768 3691 825 3778 qui
842 3690 869 3754 si
881 3690 965 3756 forte
980 3691 1022 3756 de
1037 3716 1090 3756 me
1101 3695 1160 3759 ali·

97 3795 197 3885 ·quid
227 3796 260 3860 in
288 3795 340 3859 illa
364 3793 529 3883 provincia
555 3792 660 3856 secius
684 3791 894 3873 decerneret,
919 3791 984 3871 jam
1009 3793 1156 3859 omnium

98 3896 274 3960 -oonviciis
300 3917 365 3958 non
392 3917 463 3958 mea
486 3893 592 3958 solum
621 3894 805 3972 temeritas,
827 3893 884 3958 sed
909 3909 1005 3956 tuum
1026 3915 1159 3981 quoque

97 3998 291 4063 -consilium
306 3996 481 4084 vapularet.
498 4027 510 4050 »ι

139 4097 250 4162 ΧΧΙΙ.
270 4097 317 4160 lta
336 4119 386 4162 res
403 4095 499 4160 dilata
513 4112 578 4176 est,
597 4094 701 4160 donec
715 4118 785 4159 eam
802 4096 836 4157 in
856 4093 1046 4158 sententiam
1064 4097 1161 4183 paulo
