2875 4900
232 384 283 453 ru
315 386 427 455 noc.
454 388 549 455 tm.
576 390 764 459 Lxxxn
793 390 1006 458 mvtanr.
1087 414 1153 484 ης,

137 502 247 566 Llllll.
265 504 370 593 Igitur
385 506 501 569 Flacco
519 507 585 586 jam
605 509 638 571 in
658 530 789 588 omnes,
810 522 844 571 et
868 522 905 571 ut
925 508 1063 595 quisque
1080 509 1153 572 loco

100 603 270 689 praestabat,
285 606 443 671 minacius
458 608 651 690 invehente,
666 630 805 699 magnus
819 609 855 672 in
867 609 980 673 eastris
995 610 1154 673 tumultus

100 704 241 769 excitatus
260 721 324 785 cst;
342 706 449 771 donec
466 724 556 773 metu
573 710 734 798 profugus
749 710 942 798 proconsul,
959 732 998 773 ex
1014 708 1155 792 aedibus,

100 804 148 867 ubi
160 830 193 871 se
204 810 436 890 occultaverat,
453 826 555 875 noctu
571 812 730 901 superatis
747 812 927 892 moenibus,
941 811 1048 900 primo
1059 811 1156 876 Chal·

100 904 260 989 serlonem,
273 908 390 975 deinde
401 910 626 978 Nicomediam
640 934 675 977 se
687 912 886 1001 proriperet,
903 912 1086 999 clausisque
1100 934 1157 1000 op-

99 1004 163 1091 pidi'
172 1009 294 1095 portis,
312 1011 378 1075 vim
396 1027 572 1076 extremam
590 1035 699 1077 arcere
721 1030 906 1077 conaretur.
932 1012 997 1077 Sed
1014 1013 1157 1079 Fimbria

98 1108 167 1171 nihil
179 1127 366 1194 cunctatus,
379 1112 512 1191 trajecto
526 1114 629 1194 lreto,
644 1116 877 1202 proconsulem
894 1115 1087 1201 insequens,
1101 1116 1160 1181 ob·

97 1210 150 1271 iter
164 1212 305 1299 praedam
323 1214 437 1302 agebat
455 1236 494 1279 ex
512 1216 615 1305 agris,
633 1215 807 1303 pecuniam
823 1215 1004 1305 imperabat
1021 1215 1157 1279 civitati·
1214 1276 1230 1292 ,

97 1310 166 1391 bus,
177 1336 242 1399 qua
257 1314 344 1379 inter
360 1316 477 1381 milites
494 1316 684 1399 distributa,
699 1318 959 1383 benevolentiam
974 1318 1037 1382 sibi
1053 1318 1157 1381 mani·

97 1412 246 1495 palatium
263 1434 475 1503 compararet.
496 1416 598 1500 Quod
614 1418 641 1481 si
661 1417 752 1506 quod
769 1417 933 1507 oppidum
942 1418 1031 1498 jussa
1049 1418 1157 1483 detre-

96 1526 202 1594 ctaret,
216 1514 441 1602 diripiendum
456 1518 611 1582 exercitui
626 1518 801 1606 praebebat.

132 1615 243 1680 LXIV.
269 1616 318 1679 lta
337 1618 561 1683 Nicomediam
584 1636 776 1707 perventum
797 1637 870 1685 est:
887 1642 985 1708 quam
1003 1636 1037 1683 et
1054 1621 1155 1709 ipsam

95 1715 179 1779 militi
196 1719 360 1781 concessit
378 1720 412 1781 in
432 1718 592 1808 praedam3
608 1722 906 1809 proconsulemque
924 1744 943 1784 e
958 1736 1060 1808 puteo
1076 1744 1156 1809 pro·

95 1832 221 1881 tractum
234 1818 398 1907 privatus,
411 1837 445 1884 et
457 1822 612 1901 majorem
626 1822 769 1885 amicum
784 1842 894 1885 comes
907 1818 1037 1884 occidit.
1052 1821 1157 1909 lmpe·

93 1918 168 1981 rium
188 1920 321 1983 militari
336 1943 499 1985 consensu
516 1922 551 1985 in
568 1922 744 1987 Fimbriam
762 1922 972 2000 translatum,
989 1920 1064 1983 licet
1078 1942 1153 2007 pes-

94 2019 156 2083 simi
172 2022 314 2108 exempli
331 2044 381 2085 res
399 2038 432 2085 ct
447 2038 550 2103 esset,
568 2039 601 2086 et
616 2022 792 2103 videretur,
808 2037 939 2086 senatus
955 2019 1157 2107 temporibus

93 2122 201 2187 servire
224 2138 359 2202 coacnn
380 2137 488 2187 ratum
511 2122 636 2188 habuit.
665 2122 751 2187 Talis
778 2123 881 2186 ferme
904 2142 941 2184 ea
965 2132 1157 2205 tempestate

93 2243 192 2287 rerum
217 2225 345 2312 ubique
369 2225 466 2288 facies
491 2240 578 2289 erat:
601 2222 805 2289 Mithridates
833 2222 934 2287 multa
958 2237 991 2285 et
1020 2218 1157 2283 faciebat

92 2324 213 2407 acerba,
237 2341 276 2389 et
297 2325 498 2414 patiebatur3
521 2328 669 2415 ingentes
694 2324 853 2389 exercitus
877 2324 1046 2401 amiserat3
1074 2319 1155 2383 insi·

92 2421 161 2506 diis,
182 2426 284 2492 etiam
303 2426 502 2509 amicorum,
526 2426 707 2516 petebatur.
730 2425 886 2492 Graeciam
903 2423 1041 2489 Romani
1059 2420 1154 2486 simul

93 2526 246 2614 mgiique;
270 2527 425 2616 Lydiam,
449 2529 592 2610 ioniam,
613 2543 647 2592 et
671 2526 860 2606 conjunctas
882 2527 933 2590 bis
956 2524 1154 2613 provincias,

92 2629 206 2710 pontici
223 2629 311 2717 regis
327 2629 374 2692 ira
387 2629 540 2694 vastabat.
555 2629 780 2693 Macedoniarn
794 2628 935 2691 Thraces
950 2626 1154 2714 populaban-

93 2737 147 2791 tur.
161 2730 281 2794 Piratae
294 2730 478 2794 invaserant
491 2731 601 2794 maria.
613 2730 769 2809 Romani,
786 2744 819 2792 et
834 2751 909 2792 cum
922 2727 1007 2807 aliis,
1025 2743 1058 2789 et
1070 2726 1157 2789 inter
1222 2757 1231 2764 -

94 2849 121 2891 se
135 2829 323 2912 discordes,
339 2855 413 2896 suas
427 2833 488 2920 ipsi
503 2832 669 2913 victorias,
686 2854 744 2894 sua
757 2853 847 2894 arma
861 2828 1058 2893 horrebant:
1075 2827 1156 2889 mul·

94 2930 182 3017 tiplcx
203 2933 361 3014 omnino,
384 2949 418 2997 et
437 2933 637 3021 perplexum
650 2932 773 2998 malum
795 2931 961 3020 Europam
979 2927 1155 3014 Asiamque

93 3035 254 3098 communi
273 3034 452 3098 calamitate
469 3034 656 3099 involverat.

123 3239 137 3302 S
151 3243 242 3293 um.
258 3245 366 3310 Appiam.
376 3272 411 3282 -
425 3247 496 3294 Oros.
505 3245 549 3302 Vl,
560 3261 585 3292 a.
597 3271 628 3280 -
640 3243 745 3292 Diodor.
756 3269 789 3278 —-
799 3241 852 3291 biv.
863 3241 969 3306 Epit-
980 3241 1106 3329 blesam
1119 3266 1155 3276 --

94 3319 202 3386 §LXIV⁸
217 3327 272 3377 liv.
288 3327 355 3394 Epit.
369 3356 404 3366 -
414 3328 479 3378 Flor.
490 3329 540 3385 111,
556 3329 579 3376 6.
