2875 4900
315 366 370 434 ΙΝ
401 365 516 433 LOC.
544 363 638 434 LIB.
668 365 736 436 CX
767 365 982 433 LIVIANI.
1125 361 1192 434 68¹

165 489 225 554 tx.
243 487 349 574 Igitur
358 488 438 576 pori
450 488 595 574 ioniaque
604 487 699 577 jure,
712 486 848 574 poribus
864 481 1036 573 mnesides,
1055 497 1124 549 uter
1138 507 1197 547 ve-

119 591 214 654 nisset
233 591 374 666 oet-mc,
397 589 475 651 eise
494 587 621 652 aditum
638 589 671 652 in
690 587 797 651 mbem
811 609 920 666 suom,
943 586 1154 675 honoremque
1168 601 1201 652 et

118 687 271 778 beneficia
283 686 415 777 differre.
422 679 493 754 'Sed
498 703 645 754 neutrum
655 689 792 754 duorum
800 699 913 752 contra
922 686 1193 777 ultermujuaare,

117 791 295 882 oppidoque
315 806 374 855 aut
388 792 542 881 ponebas
559 793 700 880 reticere.
722 790 801 854 Non
826 804 895 853 erat
914 787 1044 854 difficile
1059 789 1197 872 sentire,

119 895 254 960 Caesaris
278 895 424 958 animum
450 895 514 959 hoc
541 915 698 982 responso
723 890 859 956 mirifice
883 891 1048 956 offensum
1073 891 1197 972 luisse,

119 1019 230 1084 neque
245 1018 339 1083 aequo
361 998 471 1059 animo
487 1015 679 1085 passurum,
695 993 825 1059 excludi
843 1015 878 1058 se
891 992 1050 1074 Massilia,
1070 993 1124 1057 cui
1142 1015 1196 1057 ca·

117 1113 180 1187 put
193 1115 353 1163 terrarum
366 1099 471 1162 Roma
484 1097 651 1186 patuisset.
665 1097 770 1186 Igitur
780 1098 845 1160 boc
860 1112 971 1177 metu,
985 1109 1019 1159 et
1030 1096 1107 1182 quia
1119 1117 1197 1183 pro·

119 1199 230 1263 niores
244 1199 278 1262 in
297 1199 491 1288 Pompeium
506 1214 614 1280 erant,
629 1200 664 1263 L
679 1198 863 1262 Domitium
874 1197 1099 1262 advenientem
1112 1197 1197 1262 reci·

118 1300 234 1389 piunt,
259 1300 401 1388 urbique
427 1299 608 1388 praeficiunt
626 1299 816 1364 :onerarias
835 1320 951 1381 naves,
973 1321 1054 1386 quas
1070 1298 1195 1386 ubique

117 1417 275 1491 possunt,
292 1417 440 1492 exceptas
457 1401 491 1465 in
508 1417 623 1490 portus
639 1423 716 1466 suos
733 1399 921 1482 deducunt,
938 1400 1144 1466 frumentum
1159 1400 1194 1463 in

119 1503 289 1591 publicum
305 1505 497 1584 conferunt,
512 1503 653 1591 reliquas
670 1525 793 1566 merces
809 1500 1003 1568 recondunt.
1022 1493 1109 1592 Ergo
1125 1503 1195 1567 Ce-

119 1625 191 1686 sar,
209 1605 314 1669 tribus
330 1603 479 1668 adductis
498 1604 700 1694 legionibus,
722 1603 840 1667 urbem
856 1601 1002 1684 obsidet,
1020 1619 1128 1668 turres
1146 1603 1196 1666 ai·

119 1727 262 1794 ususque
275 1729 369 1796 agere
385 1705 540 1788 instituit3
555 1727 652 1778 naves
666 1707 780 1793 longas
792 1701 966 1768 duodecim
983 1703 1111 1768 Arelate
1125 1702 1195 1768 lieri

118 1805 259 1896 imperat
276 1830 284 1872 :
302 1808 353 1871 his
372 1808 458 1870 intra
480 1807 680 1870 uicesimum
704 1805 811 1888 diem,
835 1827 935 1893 quam
958 1826 1038 1868 caesa
1062 1807 1196 1871 materia
1267 1869 1272 1876 ,

117 1906 244 1990 iuerat,
263 1907 427 1974 aedificatis
443 1909 641 1996 armatisque
658 1910 698 1972 D.
718 1911 857 1972 Brutum
872 1905 1016 1996 preficit

164 2009 207 2074 tl
226 2009 305 2074 Erat
320 2009 409 2073 haud
427 2009 543 2098 procul
562 2010 665 2074 muris
679 2009 845 2090 tumulus,
861 2009 975 2098 aeqraali
993 2007 1141 2098 fastigio,
1160 2025 1195 2074 et

118 2109 196 2174 sa'tis
214 2109 256 2176 ad
270 2125 451 2176 castrorum
469 2111 610 2198 spatium
627 2112 771 2198 patenti,
792 2111 851 2175 ubi
867 2101 974 2176 Cesar
990 2109 1192 2176 consederat.

118 2211 211 2276 Inter
226 2212 316 2276 hunc
332 2227 366 2276 et
383 2210 549 2276 adversam
564 2212 677 2302 oppidi
693 2229 837 2302 partem,
852 2236 925 2301 quoe
937 2213 1009 2302 pari
1023 2209 1195 2277 altimdine

118 2326 189 2376 erat
212 2313 404 2400 conspicua,
430 2313 595 2400 profunda
621 2314 711 2378 vallis
734 2315 964 2380 intercedebat.
990 2313 1029 2380 ld
1052 2314 1192 2405 spatium

119 2414 248 2503 explere
266 2416 372 2479 Caesar
388 2414 591 2498 decreverat,
608 2415 714 2484 insani
730 2415 849 2481 laboris
867 2437 967 2505 opus3
983 2415 1042 2481 sed
1059 2415 1113 2481 ille
1126 2414 1192 2496 jam

118 2517 223 2582 multa
240 2517 334 2599 talia,
357 2518 471 2583 inausa
486 2533 542 2581 aut
554 2517 700 2583 inaudita
721 2504 865 2599 caeteris,
885 2519 1073 2607 perfecerat.
1096 2518 1191 2607 Prius

118 2632 228 2683 tamen
252 2618 379 2701 visum,
400 2618 540 2700 urbem,
561 2640 626 2707 que
648 2634 741 2685 terrae
760 2620 979 2687 committitur
1002 2619 1099 2707 (nam
1128 2634 1191 2683 tres

86 2783 91 2793 ,
116 2718 187 2783 iere
208 2718 321 2808 oppidi
344 2735 449 2809 partes
473 2722 554 2785 mari
577 2721 782 2809 alluuntur),
801 2723 1060 2804 circumvallare,
1084 2721 1192 2785 ductis

116 2820 275 2908 utrinque
292 2822 397 2885 eloco
416 2836 597 2887 castrorum
614 2822 655 2888 ad
672 2846 760 2889 mare
776 2824 871 2889 fossis
886 2823 1141 2913 aggeribusque,
1161 2838 1194 2887 et

116 2944 179 3011 per
190 2920 308 2987 idonea
321 2924 422 3010 spatia
436 2924 582 3021 turribus
598 2926 807 3014 interpositis.
826 2925 876 2991 sd
888 2927 956 2991 baec
973 2948 1072 3015 opera
1085 2947 1191 3012 quum

117 3024 252 3089 materia
272 3024 419 3107 deesset,
434 3026 576 3113 antiquae
599 3026 764 3116 religionis
787 3028 900 3091 lucum
920 3026 1063 3092 exscindi
1076 3026 1191 3108 jussit3

116 3124 341 3215 militibusque
364 3128 594 3215 superstitione
616 3129 868 3209 cunctantibus,
897 3128 1023 3217 primus
1054 3128 1200 3216 arripuit·

115 3228 267 3293 securim
290 3229 452 3293 Caeterum
475 3229 696 3319 prospiciens,
723 3230 880 3320 longioris
901 3253 1003 3296 morae
1022 3230 1191 3320 negotium

115 3352 203 3412 esse,
221 3352 320 3417 quam
337 3331 439 3419 ipsius
455 3332 597 3397 rationes
611 3348 816 3420 paterentur,
833 3334 871 3397 C.
885 3332 1088 3397 Trebonium
1102 3333 1192 3397 obsi·

115 3429 208 3498 dioni
223 3432 380 3519 praefecit,
400 3432 435 3499 in
455 3433 643 3521 Hispaniam
663 3434 890 3523 prosecutam,
908 3456 976 3523 quo
990 3435 1056 3516 jam
1075 3438 1113 3502 C.
1130 3437 1192 3502 Fa·

116 3532 210 3599 bium
223 3533 364 3623 legatum
383 3554 460 3599 cum
473 3533 656 3625 legionibus
673 3558 729 3603 sex
743 3538 950 3625 praemiserat.
1106 3540 1109 3546 ’

160 3636 218 3701 xl.
247 3634 496 3701 Massiliensium
520 3636 642 3701 facturn
663 3660 767 3725 quum
793 3654 827 3702 et
848 3662 908 3728 per
927 3662 962 3705 se
987 3639 1192 3705 luculentum

114 3752 215 3817 esset,
231 3752 264 3801 et
278 3729 382 3827 prope
399 3754 520 3805 certam
538 3762 628 3828 spem
646 3740 782 3822 faceret,
795 3740 831 3805 in
843 3741 1007 3830 Hispaniis
1021 3763 1083 3829 pro
1095 3741 1192 3805 Pom·

113 3839 191 3927 peio
207 3860 277 3905 esse
297 3841 424 3923 omnia,
441 3842 518 3930 quia
540 3842 568 3907 si
589 3864 681 3907 secus
699 3860 801 3925 emet,
824 3841 976 3909 homiues
996 3858 1030 3907 et
1044 3842 1143 3907 vicini
1158 3856 1193 3904 et

116 3936 286 4029 diligentes
314 3942 422 4007 minus
451 3943 551 4007 animi
576 3944 720 4009 habituri
744 3944 958 4026 videbantur,
984 3944 1030 4008 M.
1056 3943 1191 4026 Cicero,

150 4148 614 4219 511,Cae·.-mo,-sx.02a
627 4154 773 4215 lactan,
794 4156 1097 4213 r,-·-bncan.··-Orus,
