2875 4900
282 360 353 455 478
457 362 524 429 JO.
549 360 577 426 F
582 359 891 429 REINSHEMII
923 358 1166 429 SUPPLEM.

280 498 349 545 erat
369 495 503 560 nactus,
526 478 607 543 fissis
629 478 795 567 prioribus
821 479 974 569 ungulis]
994 501 1103 567 neque
1119 477 1266 561 sessoris,
1284 480 1338 542 nisi

280 584 432 662 Caesaris,
448 580 636 669 patientem.
653 579 780 645 Idcirco
797 602 902 668 quum
920 580 1105 662 latrocinia,
1120 580 1198 643 locis
1220 579 1279 643 illis
1293 601 1340 643 so·

280 684 406 764 leonia,
429 684 557 748 minore
575 681 708 771 negotio
725 704 931 770 compescere
952 696 1072 771 praetor
1084 697 1212 770 posset,
1227 680 1340 745 bellum

280 784 415 867 maluit3
438 805 588 870 novaque
607 783 737 871 legione
757 805 879 871 paucos
904 784 989 847 intra
1015 782 1083 847 dies
1107 805 1205 871 supra
1226 782 1341 870 priores

279 887 360 951 duas
374 886 574 974 conscripta,
589 882 760 948 contendit
777 883 820 948 ad
838 884 1045 950 Herminium
1060 899 1229 965 montem,
1246 898 1279 947 et
1291 882 1341 945 ha·

280 990 453 1069 bitatores,
471 988 537 1051 situ
552 986 616 1051 loci
631 984 673 1049 ad
690 984 813 1074 praedas
833 986 973 1077 agendas
989 985 1115 1051 incitari
1131 1001 1296 1066 causatus,
1311 984 1341 1047 in

280 1094 375 1181 plana
386 1092 482 1172 jussit
496 1088 703 1154 descendere.

325 1194 443 1258 LXIX.
466 1191 519 1254 Sic
534 1190 629 1254 initio
644 1190 721 1253 belli
737 1191 887 1277 quaesito,
905 1207 938 1255 et
956 1189 1017 1254 hos
1039 1190 1135 1254 armis
1155 1188 1301 1267 domuit,
1316 1202 1342 1250 et

280 1294 404 1357 vicinos
425 1292 586 1381 populos,
605 1292 680 1378 qui,
703 1292 821 1355 relictis
844 1289 974 1380 oppidis
994 1291 1079 1372 suis,
1099 1306 1188 1355 trans
1210 1290 1342 1355 Durium

280 1416 411 1457 amnem
428 1415 505 1456 cum
523 1392 681 1455 uxoribus
703 1391 878 1480 liberisque
899 1392 1084 1483 fugiebant,
1097 1392 1270 1481 oppressit.
1286 1392 1342 1454 lle-

279 1495 436 1559 bellantes
461 1492 580 1557 deinde
605 1494 728 1557 montis
754 1494 915 1557 Herminii
938 1493 1079 1573 inoblas,
1104 1516 1211 1581 quum
1234 1494 1341 1559 iterum

279 1597 389 1662 subito
413 1594 547 1659 adortus
571 1593 791 1683 profligasset,
816 1610 913 1682 atque
937 1595 1001 1677 illi,
1022 1596 1098 1683 fuga
1118 1595 1161 1660 ad
1183 1598 1341 1661 Oceanum

276 1700 381 1779 facta,
394 1698 428 1761 in
441 1696 617 1785 quamdam
633 1697 774 1761 insulam
786 1698 1043 1780 transjecissent3
1054 1714 1179 1786 partem
1194 1699 1342 1775 militum,

279 1800 403 1863 ratibus
419 1799 625 1886 impositam,
642 1799 719 1885 quia
734 1799 860 1889 navigia
876 1798 1027 1881 deerant,
1044 1800 1190 1866 immisit.
1206 1799 1270 1865 Sed
1281 1800 1341 1878 ille,

280 1902 333 1966 cui
349 1901 561 1965 commissum
583 1898 647 1963 hoc
668 1900 837 1988 negotium
858 1901 983 1983 bremt,
1003 1902 1037 1965 in
1054 1902 1192 1990 scopulo
1211 1900 1342 1989 quodam

280 2004 392 2068 vicintc
407 2003 521 2066 insulae
537 2001 688 2089 exposuit
705 2002 835 2089 copias,
857 2001 1000 2090 pedestri
1018 2001 1136 2068 deinde
1151 2002 1271 2065 itinere
1283 2020 1343 2090 per·

280 2122 430 2169 recturus
441 2103 484 2169 ad
496 2104 640 2185 bostem3
654 2102 741 2189 ipse,
758 2102 948 2191 priusquam
961 2104 1080 2167 faceret
1089 2105 1342 2180 exscensionem,

277 2208 433 2297 abreptus
452 2206 495 2270 ab
516 2220 598 2269 aestu
619 2220 822 2288 recurrente,
841 2206 1025 2293 relinquere
1041 2205 1208 2293 expositos
1224 2219 1343 2270 coactus

279 2325 339 2373 est.

325 2408 425 2473 LXX.
449 2406 499 2471 lbi
515 2406 633 2470 milites
649 2406 862 2472 circumventi
875 2406 1013 2496 caesique
1029 2424 1123 2490 sunt,
1140 2430 1249 2496 quum
1262 2404 1343 2474 forti·

281 2527 331 2573 ter
345 2505 546 2596 aliquamdiu
568 2529 603 2570 se
626 2506 867 2572 defendissent:
887 2531 994 2596 neque
1010 2525 1126 2597 praeter
1141 2511 1177 2575 P.
1195 2512 1341 2587 Scaevam

280 2607 474 2698 prodigiosae
498 2607 627 2671 virtutis
650 2608 841 2691 hominem,
865 2610 1040 2697 quisquam
1064 2627 1213 2677 serratus
1239 2611 1342 2678 estls

279 2734 385 2800 quum
402 2709 459 2774 diu
474 2732 624 2798 magnam
637 2709 783 2774 bostium
801 2709 1045 2775 multitudinem
1060 2712 1272 2778 sustinuisset
1285 2731 1344 2776 sau·

279 2815 350 2878 cius
370 2813 561 2899 fessusque,
580 2827 694 2891 scuto,
711 2811 803 2898 quod
819 2811 885 2891 jam
908 2812 1022 2876 inutile
1044 2812 1214 2878 innumeri
1232 2811 1343 2900 excepti

280 2918 365 2982 ictus
378 2915 537 2993 fecemnt,
552 2911 681 2993 relicto,
695 2934 730 2976 se
742 2911 881 2991 conjecit
894 2912 929 2974 in
940 2913 1144 2994 memorium,
1156 2929 1191 2978 et
1206 2915 1340 2990 interim,

281 3016 338 3080 ubi
350 3012 546 3105 profundior
557 3035 642 3101 aqua
655 3012 864 3094 occurrebat,
877 3013 1020 3078 natando
1034 3015 1086 3078 vlr
1099 3017 1202 3080 evasit
1215 3018 1250 3081 in
1261 3017 1342 3092 litus;

279 3135 521 3206 conspectoque
537 3117 679 3195 Caesare,
695 3114 754 3202 qui
774 3113 843 3178 haec
861 3115 971 3178 omnia
984 3137 1060 3180 cum
1076 3114 1292 3183 admiratione
1303 3115 1343 3179 ri·

281 3218 390 3294 derat,
406 3217 544 3307 genibus
557 3215 723 3297 accidens,
736 3215 862 3280 veniam
878 3218 1071 3281 amissorum
1087 3241 1260 3284 armorum
1276 3241 1344 3306 sup·

280 3321 355 3406 pler
369 3319 473 3406 petiit.
496 3321 621 3399 Caesar,
642 3340 710 3381 non
731 3316 830 3381 modo
852 3319 973 3382 virtute
993 3319 1156 3402 hominis,
1176 3321 1236 3386 sed
1257 3321 1342 3384 etiam

281 3418 457 3507 disciplinae
470 3418 648 3483 reverentia
658 3419 810 3507 probata,
827 3420 1090 3485 centurionatum
1102 3422 1133 3486 ei
1143 3423 1269 3510 praemii
1280 3423 1343 3486 loco

281 3519 382 3583 dedit.
400 3519 465 3584 Sed
480 3520 545 3583 hoc
557 3520 692 3606 quidem
708 3520 761 3584 alii
775 3521 958 3586 britannico
971 3521 1094 3587 factum
1107 3523 1194 3589 bello
1212 3522 1343 3590 tradide-

281 3637 361 3686 runt
375 3644 383 3683 t
403 3618 494 3708 quod
507 3621 535 3683 si
547 3620 591 3683 ita
603 3637 705 3702 esset,
724 3621 777 3684 vix
790 3622 905 3686 fuisset
917 3647 936 3686 a
950 3625 1074 3688 Caesare
1087 3627 1342 3712 pretermissum.

325 3723 442 3787 LXXI.
459 3723 620 3785 ceterum
635 3722 757 3804 Caesar,
776 3723 875 3788 classe
889 3723 1036 3789 Gadibus
1049 3726 1166 3791 advehi
1176 3727 1284 3809 jussa,
1298 3741 1342 3790 to-

281 3841 353 3890 tum
372 3822 494 3904 trajecit
516 3821 711 3903 exercitum,
730 3821 906 3913 hostesque
921 3827 1056 3915 penuria
1075 3851 1186 3893 rerum
1202 3831 1341 3894 omnium

283 3948 411 4014 pressos
431 3926 467 3987 in
489 3921 689 3987 deditionem
706 3925 842 4013 accepit.
865 3923 947 3994 lude
963 3927 997 3990 in
1015 3927 1171 4012 Gallaecos
1190 3927 1342 4000 transtulit

313 4095 333 4194 ‘s
345 4131 537 4182 extruunt
551 4157 586 4168 -
604 4129 662 4178 uio.
674 4155 711 4166 -
726 4128 833 4196 stra
843 4132 898 4182 vs.
908 4135 977 4184 mx.
987 4137 1038 4198 ur,
1049 4151 1081 4196 α,
1095 4139 1138 4185 ss.
1149 4163 1186 4177 -
1198 4139 1255 4186 oro.
