2875 4900
297 409 352 480 IN
384 410 496 477 LOC·
524 407 618 476 LIB.
645 407 712 475 CX
742 407 956 477 lettul.
1088 403 1162 501 693

137 527 290 595 XXXIV.
307 532 412 594 Gaesar
428 526 469 592 sd
487 527 575 610 hec,
590 525 705 591 leviter
719 525 918 615 exprobrans
933 527 1050 593 ducum
1059 533 1161 617 perti·

95 632 240 712 traciam,
266 633 324 719 qui
343 653 441 719 neque
469 629 603 695 cesaris
624 627 799 708 leuitatem,
828 649 1079 718 aequoreorum
1104 633 1168 719 insi

96 733 231 796 militum
249 731 433 796 desiderium
455 734 592 812 reveriti,
612 731 779 819 quoesitam
800 729 1035 818 cory‘ectamquc
1047 755 1162 820 pacem

92 837 165 922 pati
178 833 362 913 noluerent,
383 832 524 898 accidere
542 834 614 919 insc's
628 831 690 912 ait,
704 831 793 919 quod
809 832 910 894 soleat
923 831 1100 896 hommdus
1113 838 1162 895 ni·

96 937 166 998 ηιίαε
174 935 381 1020 arroguutioe,
396 949 449 1012 ut,
463 933 552 1021 quod
558 931 659 1022 paulo
668 949 744 996 aute
753 935 991 1027 contempserint
996 980 1007 1012 ,
1010 933 1164 1021 flagrau-

97 1047 306 1123 terexpctuut.
313 1035 353 1100 Se
362 1049 468 1099 tamen
475 1057 574 1123 neque
583 1033 708 1098 silerum
716 1033 928 1124 culframeque
934 1039 1164 1123 opportunitate

96 1149 267 1224 temporum
276 1160 369 1226 posse
377 1137 552 1226 permoveri
559 1184 567 1215 ,
583 1137 632 1200 uti
643 1136 685 1198 ab
701 1159 761 1200 suu
775 1141 913 1226 pristina
927 1139 1164 1226 mansuetissime

97 1237 246 1322 decedat,
260 1239 379 1325 lgr'tur,
396 1235 628 1327 quantumlibet
643 1237 703 1301 sibi
722 1238 757 1300 iu
771 1260 869 1302 nunu
888 1239 944 1319 sit,
962 1241 1089 1303 reticem
1108 1242 1161 1303 vi-

97 1350 164 1404 ctas
177 1340 315 1428 legiones
322 1364 335 1420 ;
350 1339 444 1428 idque
454 1339 549 1402 etrum
551 1336 669 1425 secere
681 1336 796 1401 debeat
801 1387 811 1419 ,
825 1340 855 1401 si
863 1340 987 1404 eusdem
1002 1339 1076 1404 rttas
1090 1361 1164 1403 con·

98 1455 147 1503 tm
160 1463 192 1505 se
202 1453 233 1504 et
234 1455 392 1530 paratas,
407 1455 437 1504 et
448 1452 496 1504 tot
506 1461 678 1528 perennes
690 1453 898 1503 retentuscsse
910 1451 1048 1528 reputet3
1060 1454 1165 1504 tamen

97 1565 127 1604 se
148 1555 328 1608 contentum
337 1541 434 1630 fhm,
456 1543 486 1604 si
507 1539 666 1628 effecerit,
690 1562 730 1603 ue
746 1539 807 1602 icoc
826 1542 971 1604 ceuceu
991 1541 1168 1606 adversarii

97 1654 209 1706 contra
226 1665 259 1706 se
274 1641 410 1731 amplius
427 1645 476 1706 uti
484 1644 615 1730 possint.
633 1639 739 1706 Unam
754 1643 857 1727 igitur
873 1642 959 1704 hurrc
974 1666 1036 1706 esse
1052 1645 1164 1707 condi-

97 1744 210 1820 tionem
226 1745 321 1831 pacis
330 1791 341 1822 ,
362 1757 399 1806 ut
414 1742 573 1828 Afranius
595 1753 626 1805 et
645 1742 786 1806 Petreius
800 1742 963 1829 Hispaniis
982 1743 1142 1809 excedant
1151 1792 1163 1825 ,

96 1847 262 1933 copiasque
276 1845 439 1908 dimam
452 1867 465 1907 .·
478 1843 517 1906 id
530 1839 646 1928 sistat,
668 1844 786 1906 numni
801 1865 834 1906 se
851 1845 1035 1907 mertuum.
1051 1843 1097 1907 Ea
1112 1865 1164 1908 res

97 1945 318 2032 acceptissima
337 1944 495 2010 militibus
517 1943 689 2008 alranianis
708 1944 787 2026 fuit,
804 1944 895 2032 quod
910 1944 997 2010 ultro
1017 1967 1165 2010 commo·

98 2046 179 2114 dum
197 2047 356 2112 haberent
374 2047 556 2127 missionis,
574 2046 631 2134 qui
645 2046 798 2110 arictore
812 2068 941 2136 poenam
956 2045 1164 2112 timuissent:

97 2147 237 2230 idcireo,
256 2171 359 2236 quum
373 2146 414 2212 de
430 2148 503 2211 loco
517 2163 551 2211 et
563 2162 709 2234 tempore
726 2146 911 2212 dimittendi
923 2163 1065 2234 coeptum
1082 2163 1166 2210 esset

97 2249 165 2338 agi,
180 2264 273 2336 gestu
288 2271 325 2311 ac
335 2269 415 2312 voce
426 2246 667 2336 significarunt,
682 2251 790 2312 statem
805 2250 888 2312 mr'tti
898 2247 1002 2312 velle:
1013 2271 1069 2311 uec
1080 2249 1165 2312 enine

92 2345 316 2438 postcafidem
325 2351 549 2437 prorns'smrum
562 2351 759 2438 praestituros
778 2352 888 2429 duces,
909 2351 938 2421 si
950 2371 1091 2439 proeseus
1109 2372 1169 2412 ne-

98 2456 224 2517 cessitas
244 2452 442 2517 abscessisset.
463 2450 610 2515 Tandem
632 2453 676 2516 ita
696 2453 865 2533 convenit,
886 2467 941 2531 ut,
961 2452 1018 2539 qui
1036 2473 1165 2539 posses·

98 2555 208 2619 sioues
224 2554 382 2619 haberent
397 2553 431 2617 in
447 2554 617 2640 Hispania,
632 2554 760 2637 stetim,¹
776 2553 893 2639 reliqui
909 2551 950 2617 ad
962 2553 1085 2616 Varum
1102 2550 1167 2615 flu-

99 2678 174 2721 men
185 2704 194 2737 ,
207 2656 263 2743 qui
277 2654 452 2719 Galliarum
465 2669 497 2717 et
508 2654 647 2743 Liguriae
658 2655 819 2718 terminus
833 2670 896 2735 est,
913 2653 1164 2717 dimitterentur.

141 2756 280 2821 XXXV.
299 2756 451 2819 Proximo
468 2753 570 2819 biduo
587 2754 724 2835 milites,
740 2756 769 2817 si
785 2776 863 2842 quas
881 2755 968 2819 inter
984 2776 1019 2817 se
1035 2772 1170 2819 contro·⁴

98 2857 218 2923 versiae
234 2855 407 2939 habereut,
422 2856 510 2921 ultro
522 2854 564 2919 ad
576 2857 733 2920 Caescrem
748 2856 782 2919 in
794 2856 848 2935 jus
860 2854 1021 2920 adierunt.
1038 2856 1166 2919 Interea

100 2958 194 3023 tertia
206 2958 307 3023 ferme
319 2958 487 3046 copiarum
501 2954 631 3021 dimissa
644 2972 753 3044 parte,
766 2958 808 3037 Q.
819 2957 913 3020 Fufio
926 2957 1048 3022 Caleno
1061 2957 1167 3046 legato

99 3060 208 3121 Caesar
214 3056 423 3123 deducendos
437 3057 580 3145 reliquos
588 3056 678 3121 dedit
691 3080 698 3121 :
711 3057 873 3146 profectio
884 3058 931 3122 sie
943 3058 1089 3122 instituta
1100 3074 1165 3139 est,

100 3176 137 3224 ut
150 3160 226 3225 duae
238 3160 381 3249 legiones
398 3158 531 3223 Cessatis
545 3157 791 3239 antecederent,
805 3174 927 3222 caeterae
941 3174 1165 3244 sequerentur,

100 3260 134 3324 in
151 3258 260 3323 medio
280 3260 446 3325 Afraniani
466 3276 589 3340 essent,
606 3275 639 3323 et
654 3275 746 3325 terna
762 3275 865 3323 castra
885 3260 918 3323 in
937 3260 1045 3323 vicino
1061 3281 1165 3348 ponec

99 3376 226 3425 rentur.
237 3360 301 3424 Ubi
318 3374 511 3449 perventum
521 3358 563 3425 ad
574 3362 714 3441 Varum,
731 3360 876 3450 reliquus
889 3361 1047 3425 exereitus
1060 3361 1167 3425 dimis-

100 3484 157 3527 sus
178 3477 236 3525 est.
253 3461 361 3525 Duces
384 3484 460 3525 cum
476 3460 708 3547 insignioribus
726 3460 956 3525 centurionum
977 3475 1010 3523 et
1027 3460 1165 3523 militum

100 3562 143 3627 ad
158 3562 351 3650 Pompeium
367 3562 504 3651 profecti
520 3577 616 3642 sunt,
633 3562 771 3625 aliorum
785 3584 922 3652 magnus
936 3584 1110 3643 numerus,
1124 3563 1168 3625 fe·

100 3664 213 3728 liciora
237 3663 379 3752 auspicia
402 3663 495 3751 sequi
520 3678 646 3744 certus,
670 3679 873 3726 sacramento
898 3661 988 3751 opud
1010 3664 1165 3725 Caesarem

100 3764 193 3831 dixit.
211 3766 334 3847 Cesar,
351 3765 402 3829 his
416 3764 513 3829 rebus
527 3764 640 3853 gestis,
653 3787 840 3853 quanquam
854 3765 964 3828 multis
977 3763 1166 3853 magnisque

101 3866 207 3931 causis
230 3867 265 3931 in
285 3867 409 3932 ltaliam
429 3866 658 3953 revocabatur,
676 3882 806 3947 tamen,
823 3866 884 3930 nisi
903 3880 1072 3955 perpacata
1090 3866 1166 3928 His·

101 3966 215 4055 pania,
241 3965 395 4030 excedere
415 3966 567 4047 nolebat,
591 3967 734 4049 veritus,
756 3967 832 4054 quin
852 3967 888 4030 in
919 3966 1068 4031 citeriore
1088 3986 1167 4054 pro-

137 4161 156 4227 3
166 4164 276 4213 XXXV.
285 4162 408 4214 Plutarch.
419 4190 453 4201 —
467 4162 525 4212 Dio.
534 4189 569 4199 -
578 4162 640 4212 Coes.
649 4161 679 4209 de
692 4163 723 4209 u.
731 4161 844 4211 cnuth.
851 4162 890 4208 11.
