2875 4900
300 360 368 452 39²
473 360 544 427 lO.
571 356 911 426 FREINSHEMII
942 350 1189 423 SUPPLEM.

296 476 337 541 ad
359 476 456 541 valles
479 492 554 540 ante
577 475 725 563 Pompeii
749 484 853 539 eastra
870 475 964 553 sitas,
988 470 1181 560 pabulatus,
1203 469 1353 556 oolloquia

297 601 430 668 quoque
454 601 529 643 oum
554 578 724 666 pluribus,
751 575 932 641 avertendae
957 572 1150 661 suspicionis
1175 593 1288 651 musa,
1322 572 1353 633 in

297 696 465 767 posterum
483 679 569 743 diem
587 678 767 743 constituit.

340 782 445 845 XXV.
460 780 594 869 Ignibus
609 778 729 843 deinde
742 776 1019 864 frequentioribus
1030 798 1088 863 per
1102 790 1169 841 tota
1182 788 1284 841 eastra
1293 772 1353 836 lieri

292 882 408 963 jussis,
426 879 568 945 secunda
580 879 705 967 vigilia,
724 878 807 942 nihil
821 878 884 941 tale
897 878 1080 965 suspicante
1094 875 1269 963 Pompeio,
1281 897 1354 963 prae·

296 997 346 1045 ter
366 981 485 1045 vallum
511 980 579 1059 ejus
601 978 713 1043 eduxit
735 977 875 1044 validam
900 980 1068 1066 copiarum
1088 992 1236 1065 partem,
1261 998 1354 1063 quum

294 1096 389 1145 antea
399 1129 408 1160 ,
420 1073 517 1168 'quod
533 1080 648 1145 inutile
666 1096 699 1145 et
714 1101 838 1169 aegrum
856 1080 891 1142 in
910 1080 1023 1145 castris
1038 1081 1167 1161 fuerat,
1183 1077 1352 1143 occidisset.

295 1179 345 1244 Ad
368 1181 539 1269 Tigranem
561 1180 700 1246 hahebat
718 1182 799 1261 iter,
818 1197 857 1245 ut
876 1181 961 1245 illius
979 1179 1098 1269 opibus
1117 1194 1353 1268 protegeretur:

295 1279 352 1343 sed
373 1279 462 1345 haud
482 1282 587 1349 multo
608 1282 742 1347 meliore
757 1283 792 1345 in
809 1298 897 1345 statu
914 1305 966 1347 res
984 1282 1133 1371 Tigranis
1151 1298 1262 1362 erant,
1279 1281 1354 1345 Gor-

293 1382 423 1470 dyenen
446 1394 613 1471 repetente
629 1384 769 1464 Partho,
786 1401 838 1465 et,
857 1399 1032 1471 postquam
1053 1405 1122 1447 non
1140 1381 1298 1462 dabatur,
1313 1403 1355 1443 ar·

295 1482 356 1546 mis
369 1500 506 1548 vexante
525 1484 733 1566 Armeniam,
750 1483 907 1572 quodque
925 1485 1017 1547 omni
1035 1498 1171 1547 externo
1191 1483 1279 1547 bello
1296 1496 1355 1545 erat

294 1584 439 1672 gravius,
459 1586 615 1675 Tigranes
637 1586 824 1652 adolescens
846 1609 936 1649 arma
952 1600 1066 1648 contra
1083 1600 1211 1672 patrem
1226 1598 1353 1671 ceperat.

293 1684 374 1749 Tres
384 1686 520 1752 omnino
535 1685 617 1751 filios
630 1710 648 1751 e
661 1688 831 1775 Cleopatra
844 1685 1041 1751 Mithridatis
1057 1685 1284 1775 filiaTigranes
1295 1706 1355 1748 sus·

294 1784 429 1869 tulerat,
448 1810 590 1875 quorum
608 1787 675 1852 duo
699 1813 719 1854 a
743 1806 834 1877 patre
853 1804 946 1852 erant
962 1787 1144 1853 interfecti:
1164 1786 1353 1851 Sariasterin

293 1887 426 1975 praelio,
447 1912 568 1977 quum,
591 1889 670 1953 inita
684 1890 924 1977 conspiratione
946 1911 1022 1953 eum
1036 1888 1164 1969 amieis,
1181 1888 1355 1972 haustoque

293 1987 478 2054 dextrarum
490 1990 665 2078 sanguine,
680 1990 747 2059 vim
761 1989 917 2077 parasset,
930 1990 1011 2053 alter
1023 1989 1057 2051 in
1072 1988 1263 2069 venatione,
1275 1983 1354 2075 quod

291 2090 367 2178 equi
381 2092 473 2180 lapsu
485 2090 682 2179 praecipitem
699 2106 824 2178 patrem
840 2112 948 2179 neque
966 2089 1164 2171 sublevarat,
1185 2105 1222 2153 et
1230 2086 1354 2168 jaoeutis

291 2190 400 2256 adhuc
414 2191 561 2258 diadema
575 2192 671 2280 capiti
685 2214 748 2259 suo
762 2193 972 2280 imposuerat.

338 2294 459 2361 XXVI.
483 2294 611 2359 Tertius
634 2295 808 2384 rI‘igranea,
828 2294 919 2381 quod
942 2297 1042 2383 patris
1061 2316 1140 2360 casu
1161 2293 1353 2367 indoluerat,

293 2416 414 2459 corona
429 2395 470 2462 ah
488 2418 527 2462 eo
545 2394 685 2461 donatus
706 2412 775 2463 est.¹
788 2395 852 2461 Sed
874 2396 962 2462 idem
977 2413 1108 2486 postes,
1125 2392 1353 2461 deducentibus

293 2494 489 2583 quibusdam
503 2497 704 2584 priucipihus
718 2499 968 2580 Armeniorum,
979 2500 1037 2588 qui
1049 2500 1134 2566 senis
1146 2497 1287 2586 imperio
1296 2515 1356 2584 gm-

234 2603 235 2606 ’
294 2597 471 2680 vahantur,
485 2596 526 2662 ad
536 2598 707 2664 Phraatem
719 2600 925 2689 confugerat,
940 2600 1076 2687 ejusque
1086 2599 1184 2664 ducta
1197 2599 1277 2680 filia,
1289 2617 1355 2684 pra·

292 2699 408 2786 cipuus
418 2698 607 2768 invadenda
615 2700 775 2772 Armeniae
784 2716 898 2769 auctor
906 2702 1077 2766 exstiterat
1088 2700 1195 2788 Igitur
1203 2699 1354 2772 Phraates,

293 2798 516 2870 deficientibus
528 2800 571 2870 ad
585 2823 676 2882 eum,
691 2817 749 2864 aut
762 2802 793 2864 vi
807 2802 966 2883 subactis,
980 2817 1145 2890 quotquot
1159 2799 1205 2864 ad
1216 2803 1354 2864 muna

292 2925 397 2990 usque
416 2902 567 2970 colebant
591 2899 690 2989 (quia
712 2917 803 2990 pater
824 2902 979 2991 Tigranes
1001 2919 1092 2966 metu
1112 2901 1309 2966 Parthorum
1324 2897 1352 2956 in

293 3019 422 3067 montes
435 3003 638 3092 refugerat),
656 3002 771 3067 urbem
785 3003 958 3068 obsidione
974 3004 1094 3093 cingit:
1109 3025 1146 3067 en
1161 3025 1269 3090 quum
1288 2999 1353 3064 diu·

292 3103 421 3172 turnior
436 3104 545 3172 futura
560 3103 743 3186 videretur,
764 3105 833 3193 ipse
851 3106 943 3195 regni
963 3107 1014 3168 sui
1033 3105 1172 3194 negotiis
1191 3117 1353 3177 avocatus,

291 3221 416 3294 partem
430 3205 596 3293 copiarum
614 3228 735 3294 genero
749 3202 890 3293 reliquit.
905 3207 945 3269 At
959 3227 1015 3270 rex
1028 3205 1201 3294 Tigranes,
1220 3204 1352 3269 discessu

292 3306 437 3372 Phraatis
456 3307 607 3395 cognito,
623 3308 773 3379 relictum
786 3306 828 3371 ad
842 3311 992 3376 Artaxata
1011 3305 1113 3369 filium
1131 3304 1260 3395 egregie
1274 3299 1351 3366 vicit.

292 3408 425 3474 Iuvenis
437 3405 478 3471 ad
489 3430 586 3474 avum
597 3408 819 3475 Mithridatem
832 3407 922 3495 prius
933 3407 1074 3472 intendit
1086 3408 1216 3495 fugam3
1227 3400 1351 3478 deinde,

293 3508 442 3597 cognito,
457 3509 564 3597 ipsum
575 3510 684 3597 potius
699 3533 794 3600 egere
805 3510 929 3590 auxilii,
943 3532 1042 3597 quam
1053 3508 1200 3572 auxiliari
1209 3506 1351 3594 cuiquam

295 3631 410 3704 posse,
427 3609 461 3672 in
478 3610 624 3698 Pompeii
639 3627 741 3677 castra
754 3611 853 3675 vonit.

336 3711 471 3784 XXVII.
495 3714 585 3776 Inter
602 3711 671 3777 haee
691 3734 838 3778 reversus
852 3713 887 3776 in
901 3712 1024 3776 Urbem
1041 3711 1217 3794 Lucullus,
1229 3711 1351 3774 fratrem

325 3941 341 4008 s
359 3943 455 3990 mv.
473 3941 595 3990 Plutarch.
609 3941 636 3988 iu
648 3942 736 4007 Pomp.
747 3955 802 4007 oap.
814 3942 856 3990 52.
871 3968 907 3977 -
922 3940 980 3989 oto.
996 3967 1031 3976 -
1041 3943 1127 3988 Front.
1145 3965 1181 3976 -
1201 3937 1306 4004 Appian-
1321 3955 1351 3968 -

287 4027 304 4092 ς
323 4027 406 4077 XXV.
421 4024 529 4090 Appisu.
545 4051 580 4060 —
595 4025 719 4074 Plutarch.
729 4053 764 4063 -
775 4027 837 4084 oio,
849 4025 893 4074 lib.
903 4026 1087 4078 XXXV11.-
1102 4025 1193 4074 Juatio.
1204 4017 1351 4074 mvnh

289 4109 311 4156 3.
325 4135 359 4146 -·-
374 4108 427 4158 Lir.
442 4106 508 4172 Eplt.
522 4134 556 4144 -
572 4104 693 4172 §mn
704 4109 766 4172 Dio,
778 4109 822 4159 lib.
837 4110 961 4158 xxxvl.
973 4136 1009 4148 -
1022 4107 1145 4162 Plutarch.
