2875 4900
281 382 333 450 IN
367 382 482 451 LOC.
509 382 602 449 LIB.
629 382 723 451 CIII
756 382 973 451 LIVIANI.
1093 386 1164 480 477

99 500 273 588 insulasque
291 492 517 564 nonnullasin
534 500 667 565 Oceano
684 501 761 565 sitas
778 502 926 593 subegit,
944 524 1047 590 quum
1064 506 1098 569 in
1116 507 1166 570 ul-

100 602 239 668 teriorem
249 601 438 689 Hispaniam
455 625 493 667 ex
506 618 646 689 praetura
659 603 821 685 venisset,
837 605 882 669 M.
898 606 1005 669 Crassi
1018 630 1079 695 ope
1094 629 1167 696 pro·

98 703 228 769 lectione
248 720 427 786 maturata,
446 706 504 792 qui
525 704 587 768 sibi
610 706 769 769 Caesarem
791 720 906 769 contra
921 706 1068 794 Pompeii
1082 730 1166 795 prae-

99 828 199 894 graves
212 830 290 895 opes
303 807 457 895 cupiebat
471 806 659 896 adjungere.
674 807 780 897 Igitur
796 829 899 895 quum
915 830 933 871 a
948 808 1165 875 creditoribus

98 908 282 973 retineretur
305 912 432 993 Caesar,
458 910 592 973 Crassus
617 932 678 997 pro
704 932 745 973 eo
768 909 948 999 spopondit
972 910 1165 976 ducenties:

98 1032 164 1073 nam
178 1034 234 1098 per
247 1012 459 1075 ambitionem
474 1011 582 1074 effuso
596 1011 815 1098 patrimonio,
829 1026 1063 1105 contractoque
1076 1011 1165 1100 gravi

98 1132 152 1173 aere
165 1112 289 1194 alieno,
306 1113 412 1176 multo
428 1113 501 1199 plus
518 1109 677 1193 debebat,
692 1134 792 1200 quam
806 1102 909 1201 redigi
927 1134 966 1175 ex
982 1111 1123 1176 bouis
1096 1135 1166 1192 eJua

98 1212 265 1299 potuisset3
283 1212 461 1301 auditaque
476 1236 541 1276 vox
558 1229 608 1277 est
625 1211 763 1277 dicentis
772 1236 877 1302 ,opus
888 1214 950 1276 sibi
959 1236 1023 1321 esse
1039 1214 1163 1295 millies,

99 1326 129 1374 nt
139 1313 249 1379 tahan
262 1313 354 1379 nihil.

104 1414 247 1481 QLXVI
271 1420 315 1481 At
340 1434 412 1479 tum
437 1416 545 1479 Crassi
567 1438 666 1504 opera
689 1414 923 1478 onerosissimo
942 1437 1077 1502 quoque
1098 1417 1162 1480 im·

97 1518 388 1605 portunissimoque
405 1508 606 1581 creditorum
626 1517 766 1598 levatus,
785 1517 975 1603 priusquam
989 1519 1164 1604 provinciae

99 1634 304 1699 ornarentur,
328 1633 441 1682 contra
455 1623 592 1682 'morem
612 1618 657 1681 ita
683 1616 831 1680 celeriter
849 1619 1015 1704 profectus
1039 1635 1108 1695 est,
1127 1640 1165 1687 ut

98 1718 275 1808 ambiguum
297 1720 516 1808 relinqueret,
538 1736 673 1784 metune
692 1718 829 1799 judicii,
850 1742 892 1781 an
916 1742 982 1806 quo
1005 1720 1164 1784 maturius

97 1820 182 1884 sociis
196 1821 449 1911 implorantibus
464 1821 713 1900 subveniretur,
733 1820 902 1884 festinarit.
923 1822 1042 1903 Aiunt,
1060 1822 1093 1885 in
1112 1823 1166 1885 iti·

98 1940 166 1984 nere
181 1946 238 2012 per
250 1925 367 2012 Alpes,
382 1946 486 2011 quum
501 1923 542 1987 ad
555 1941 769 2014 conspectum
785 1922 936 2013 pauperis
952 1923 1014 1987 vici
1029 1924 1163 1988 comites
1238 1968 1240 1975 ι

99 2020 158 2100 ejus
178 2048 236 2111 per
250 2026 365 2106 jocum
386 2026 472 2089 inter
493 2048 528 2089 se
549 2040 849 2105 controverterent,
867 2048 911 2086 an
928 2023 995 2087 illic
1014 2026 1109 2086 etaiam
1124 2027 1166 2089 sit

98 2125 252 2189 ambtnnni
260 2127 376 2191 locus?
387 2128 472 2190 serio
484 2127 604 2191 dixisse
615 2130 792 2208 Caesarem,
806 2124 904 2210 malle
913 2148 943 2188 se
951 2125 996 2188 ibi
1001 2126 1162 2212 primum,

97 2244 182 2308 quarn
203 2228 316 2291 Romoe
337 2227 508 2293 secundum
532 2251 604 2291 esse.
632 2229 716 2292 Nam
743 2227 912 2317 ingenium
932 2225 1165 2291 dominationis

98 2325 232 2411 aridum,
244 2352 288 2393 ne
300 2329 481 2420 quidquam
494 2330 636 2419 cogitare
648 2329 737 2393 aliud
750 2345 877 2418 posset,
892 2328 1059 2393 ominibus
1070 2328 1165 2392 variis

99 2446 231 2495 erectum
245 2434 281 2497 iu
298 2457 390 2521 spem
405 2431 559 2522 potiundi
573 2432 690 2496 fuerat.

135 2531 260 2599 LXVII.
287 2535 400 2617 Quum
424 2534 532 2598 adhuc
552 2550 694 2621 quaestor
716 2533 751 2595 in
773 2531 886 2595 eadem
909 2531 1065 2620 Hispania
1081 2553 1163 2595 con·

98 2650 203 2698 ventus
218 2637 424 2717 circumiret,
443 2637 538 2716 jussu
549 2634 676 2699 Veteris
698 2633 829 2698 Antistii
851 2633 997 2720 praetoris
1013 2632 1081 2712 sui3
1097 2632 1165 2696 visa

100 2730 231 2800 Gadibus
252 2737 287 2800 in
311 2738 460 2801 Herculis
480 2739 558 2800 fauo
581 2734 754 2801 Alexandri
770 2733 882 2823 Magni
897 2733 1056 2822 imagine,
1074 2731 1165 2820 inge-

100 2835 188 2918 muit,
205 2862 264 2903 nec
288 2837 359 2901 sine
383 2839 532 2926 lacrymis
550 2837 652 2917 dixit,
669 2836 710 2900 ad
729 2836 851 2900 amicos
873 2857 1067 2913 conversus,
1085 2833 1164 2899 «Mc

100 2937 263 3004 «miserum
275 2942 283 3004 !
299 2941 356 3027 qui
371 2941 431 3004 hac
441 2957 551 3022 aetate,
565 2962 631 3028 qua
643 2940 704 3002 iste
718 2931 879 3001 terrarum
892 2937 1006 3000 orbem
1019 2935 1165 3022 subegit,

99 3038 190 3104 ·nibii
204 3042 314 3106 adhuc
328 3043 482 3131 gesserim
497 3040 745 3105 memorabile».
760 3041 877 3126 Neque
893 3037 1019 3102 distulit
1038 3036 1165 3100 missio·

100 3157 165 3204 nem
182 3142 375 3233 efflagitare,
389 3166 457 3230 quo
477 3165 643 3232 regressus
662 3142 696 3204 in
719 3140 863 3220 Urbem,
879 3139 1039 3218 majorum
1054 3159 1165 3201 rerum

100 3257 230 3327 captaret
249 3244 457 3324 occasiones3
479 3244 635 3325 maxime,
653 3258 828 3330 postquam
850 3239 993 3309 absurdo
1009 3239 1165 3328 proximae

100 3344 191 3407 noctis
213 3334 361 3426 somnio,
380 3360 412 3408 et
430 3345 655 3425 conjectorum
671 3342 840 3431 promissis
859 3339 989 3406 inflatus
1009 3339 1165 3418 majorem

100 3438 128 3502 iu
145 3444 277 3510 modum
292 3448 421 3510 animus
437 3446 510 3510 fuit.

136 3543 279 3613 LXVIII.
305 3548 407 3630 Quod
433 3549 521 3612 enim
549 3548 602 3611 ille
627 3569 704 3611 cum
732 3563 833 3609 matre
861 3544 1079 3610 concubuisse
1106 3565 1166 3632 per

100 3647 230 3729 quietern
252 3651 315 3714 sibi
331 3638 419 3714 risus
437 3666 523 3733 erat,
540 3651 702 3737 imperuim
722 3648 805 3710 orbis
826 3661 982 3712 terrarum
993 3644 1165 3734 portendi,

100 3747 180 3827 quod
203 3754 344 3814 omnium
369 3764 474 3815 mater
494 3765 580 3816 terra
602 3764 694 3829 esset,
724 3747 926 3837 interpretati
951 3763 1039 3812 sunt.
1066 3747 1165 3833 Spem

101 3841 207 3914 deinde
222 3851 428 3917 confirmavit
445 3852 581 3916 insolitae
598 3851 709 3940 figurae
728 3873 765 3914 ac
780 3849 903 3938 ingenii
921 3869 1044 3934 equus,
1064 3867 1162 3932 quem

129 4067 243 4132 Itxvt.
255 4075 406 4124 Sueton-
420 4072 540 4122 rtne-
504 4071 691 4138 s-txvtn
705 4070 779 4118 Auct.
793 4068 865 4117 deB.
877 4066 948 4131 IIisp.
959 4063 1048 4112 fim—
1059 4064 1162 4110 Sueten.

101 4147 260 4222 ineam,
276 4175 299 4220 ⁷·
313 4157 425 4205 ..reu
438 4159 477 4218 ιι,
491 4158 566 4213 aa.
