2875 4900
280 349 351 447 296
456 351 527 420 JO.
553 351 891 420 FREINSHEMII
924 349 1166 419 SUPPLEM.
1205 450 1209 458 Ι

279 470 440 560 oppressis
468 471 669 572 seminibus,
698 489 824 536 terrore
849 485 948 558 atque
980 469 1198 536 sollicitudine
1221 471 1345 561 ingenti

277 573 459 661 respublica
473 573 607 639 liberata
625 589 684 638 est.

322 674 397 738 XX.
413 674 531 762 Neque
547 690 656 738 tamen
676 672 870 753 defuerunt,
895 673 952 758 qui
978 688 1163 761 carperent,
1184 673 1275 761 quod
1290 673 1346 738 Ιιο-

277 777 407 855 miuem,
432 773 541 838 St'cs'lsir
560 777 626 839 siae
642 775 812 838 certamine
833 773 992 838 tradenda
1011 774 1089 838 berte
1109 777 1272 856 eunucus,
1295 779 1345 840 itt·

276 875 460 940 &mamam
469 875 640 940 meruisset.
650 874 714 939 Sed
723 867 876 940 adversus
886 875 970 939 hanc
981 875 1242 940 criminationem
1256 875 1346 942 istud

276 975 425 1064 Pompeii
443 976 582 1057 factum,
602 993 635 1041 et
649 999 717 1040 suae
733 977 852 1057 astatis,
868 993 901 1040 ct
919 978 1126 1065 sequentium
1140 975 1262 1058 judicia
1279 979 1346 1043 fre·

277 1076 454 1165 quentibus
467 1078 627 1168 suffragiis
637 1079 857 1144 absolverunt.
869 1077 922 1142 Sic
934 1078 1096 1166 Perperna
1109 1099 1220 1166 poenas
1233 1079 1347 1145 occiso

275 1197 336 1264 per
353 1175 500 1242 fraudem
516 1177 660 1264 Sertorio
681 1177 772 1244 dedit
786 1194 941 1243 :caeteros
962 1181 1208 1258 eonjtuator'usn
1222 1181 1344 1268 partim

170 1337 180 1350 ,
275 1276 380 1341 victor
392 1278 573 1360 interemit,
586 1280 704 1367 partim
719 1281 794 1370 fuga
811 1280 933 1344 tulitin
952 1279 1111 1360 Africam,
1128 1280 1187 1345 ubi
1206 1280 1346 1345 Mauro·

274 1399 349 1440 rum
364 1377 477 1455 jaculis
493 1380 591 1444 occisi
608 1396 707 1446 sunt:
727 1371 835 1468 neque
850 1395 967 1469 praeter
984 1379 1151 1446 Aufidium
1165 1382 1344 1470 quisquam

275 1478 393 1560 erasit;
411 1478 554 1544 simodo
570 1481 708 1546 erasisse
724 1480 881 1546 dicendus
897 1496 964 1562 est,
980 1482 1038 1568 qui
1061 1499 1269 1570 contemptus
1293 1486 1346 1548 in·

274 1578 429 1667 risusque
442 1581 597 1647 omnibus
612 1583 647 1646 in
662 1583 736 1646 vico
753 1581 897 1671 quodam
913 1581 1083 1646 barbarico
1096 1585 1281 1648 consenuit.

317 1683 408 1748 XXI.
432 1683 589 1771 Reliquus
611 1684 770 1772 Pompeio
795 1685 888 1748 labor
907 1682 1086 1771 recipiendi
1111 1681 1288 1748 dedentem
1312 1707 1347 1750 se

273 1781 462 1870 Hispaniam
479 1783 552 1850 fuit.
563 1787 667 1867 Osca,
684 1787 838 1867 Terrnes,
853 1786 966 1866 Tutia,
980 1784 1142 1868 Valentia,
1159 1785 1297 1852 victoris
1313 1809 1346 1852 se

273 1883 493 1970 permiserunt
512 1887 665 1972 potestati
680 1909 688 1951 ε
703 1885 803 1968 duas,
819 1887 976 1950 Uxamam
992 1900 1026 1950 et
1042 1886 1245 1974 Calagurim,
1268 1888 1332 1952 reli

273 1984 358 2070 qttioe
377 1986 519 2075 partium
536 1986 647 2051 validis
667 1986 823 2075 praesidiis
844 2003 1015 2074 occupatas
1037 1985 1243 2068 retinebant3
1270 2011 1347 2075 qum

273 2082 392 2152 deinde
403 2105 604 2178 expugnatae.
616 2089 678 2153 llic
689 2088 763 2154 linis
775 2089 843 2168 ejus
857 2089 892 2152 iu
905 2088 1057 2176 Hispania
1068 2087 1143 2152 belli
1156 2088 1236 2169 fuit,
1251 2087 1347 2176 quud

272 2207 293 2248 a
306 2185 383 2276 luga
401 2187 535 2253 Sertorii
548 2205 677 2271 ortum,
694 2188 821 2254 decimo
836 2189 939 2254 ferme
954 2209 1060 2270 anno,
1077 2211 1153 2252 cum
1169 2190 1242 2278 ipso
1259 2187 1346 2254 duce

273 2283 409 2371 defecit5
422 2291 550 2380 gravius
563 2289 652 2356 haud
665 2290 765 2355 dubie
776 2289 1031 2376 diuturniusque
1045 2289 1213 2371 futurum,
1230 2290 1259 2352 si
1271 2291 1346 2354 lon·

272 2387 345 2476 glor
360 2391 390 2455 ei
406 2392 478 2457 viro
492 2393 555 2457 vita
571 2386 819 2481 suppeditasset.
840 2391 889 2457 De
905 2390 956 2454 his
972 2389 1069 2454 rebus
1087 2401 1191 2478 quum
1212 2390 1345 2455 senatui

272 2487 449 2579 Pompeius
469 2494 666 2582 scripsisset,
688 2495 875 2582 multosque
898 2515 933 2557 se
952 2492 1081 2557 virtutis
1100 2514 1196 2556 causa
1213 2492 1348 2557 civitate

272 2612 407 2657 romana
429 2595 599 2660 donavisse
621 2595 757 2678 dioeret,
788 2611 917 2659 senatus
946 2593 1112 2659 mandavit
1133 2593 1346 2675 consulibus,

272 2687 322 2751 cd
323 2692 479 2779 populum
479 2692 622 2781 fimas,
639 2698 689 2759 uti
696 2699 774 2761 cives
785 2696 912 2759 romani
922 2708 1021 2759 osseas
1033 2697 1073 2773 ii,
1091 2715 1167 2782 quos
1181 2693 1240 2759 Cn.
1251 2694 1349 2759 Pom·

264 2793 357 2877 peaes
374 2795 558 2884 imperator,
578 2796 619 2861 de
637 2798 791 2862 sententia
804 2794 942 2876 consilii,
961 2794 1123 2882 srffillauin
1141 2795 1269 2859 eivs'tate
1284 2796 1346 2861 do·

272 2894 413 2960 novisset.

316 2993 424 3062 XXII.
441 2998 598 3065 Consules
611 2998 653 3064 ad
668 3002 829 3089 populum
843 2999 1006 3078 tulerunt,
1024 3018 1127 3084 eaque
1142 2997 1195 3061 lex
1210 3014 1346 3086 accepta

270 3110 331 3160 est.
352 3100 515 3165 Caeterum
534 3101 748 3191 hispaniensis
768 3102 909 3165 victoriae
932 3097 1107 3189 gaudium,
1131 3120 1173 3163 ue
1198 3098 1345 3163 nimium

273 3194 383 3282 fieret,
404 3202 508 3267 italien
531 3203 622 3267 clade
643 3218 858 3291 temperatum
873 3217 932 3265 est.
951 3201 987 3287 C.
999 3198 1127 3263 Cassius
1145 3200 1348 3287 proconsul,

273 3299 334 3362 Cn.
350 3300 492 3367 Manlius
508 3318 644 3393 prator,
662 3304 747 3367 male
763 3302 915 3367 adversus
933 3302 1123 3388 Spartacum
1139 3316 1346 3387 pugnarunt.

272 3398 342 3463 Nec
360 3402 445 3467 ultra
463 3404 504 3469 dc
520 3408 580 3471 Cn.
592 3405 716 3469 Manlio
739 3404 894 3491 comperi.
915 3401 1059 3481 Cassius,
1076 3398 1350 3486 Circumpadanis

274 3498 384 3563 Galliae
393 3506 587 3589 proconsul,
601 3504 812 3569 contendenti
827 3503 866 3568 ad
875 3505 970 3593 Alpes
979 3503 1130 3590 Spartaco
1139 3516 1242 3565 castra
1254 3500 1348 3589 apud

270 3598 433 3667 Mutinam
447 3620 662 3693 opposuerat,
676 3604 790 3669 decem
803 3604 902 3669 millia
914 3604 1054 3669 militum
1063 3602 1199 3666 ducens.
1212 3600 1348 3665 Horum

270 3723 373 3789 quum
389 3704 536 3792 plerique
551 3704 744 3770 cecidissent
758 3706 791 3768 in
809 3706 896 3785 acie,
913 3704 1090 3791 proconsul
1106 3702 1160 3765 vix
1177 3704 1253 3790 lisga
1269 3724 1348 3765 eva·

302 3944 408 4012 sm.
417 3946 539 3996 Plutarch.
548 3949 577 3996 in
590 3948 677 4013 Pomp.
688 3958 713 3995 et
726 3948 819 3996 Sertor.
833 3974 869 3983 -
882 3946 991 4013 Appian.
1003 3972 1039 3985 -—
1053 3942 1177 3993 Plutarch.
1189 3970 1224 3979 -
1238 3941 1255 4007 S
1270 3944 1347 3991 m.

268 4030 341 4079 Oros.
355 4056 392 4068 -·
407 4030 473 4080 nor.
487 4058 523 4069 -
538 4032 670 4097 nuspa.
692 4058 728 4069 -
747 4030 856 4095 Appian-
880 4056 915 4069 -
936 4030 988 4079 Cic.
1009 4042 1057 4094 pro
1076 4028 1168 4086 nubo,
1189 4041 1244 4090 cap.
1263 4026 1289 4075 8.
1309 4050 1347 4062 -

268 4110 285 4177 s
298 4114 383 4165 ml.
393 4114 446 4165 liv.
457 4115 523 4189 Epis.
536 4144 570 4154 -
583 4113 708 4166 Plumeh.
721 4114 748 4163 iu
761 4115 856 4165 Crasso.
869 4140 903 4151 —
916 4112 981 4163 Flos.
995 4114 1047 4171 111,
1065 4128 1108 4161 ao.
1122 4136 1156 4151 -·
1171 4109 1286 4167 ΟΜΝ,
1300 4116 1346 4163 al·
