2875 4900
207 486 208 494 Ν
262 391 332 482 740
439 374 1154 454 Jo..ran1usumrusurranu.

258 529 325 569 suae
336 505 441 595 gentis
451 519 618 568 auctorem
630 524 699 567 esse
712 501 897 585 dictitabat3
908 503 1068 590 templum
1075 517 1217 592 'quoque
1226 507 1338 572 eidem

255 607 347 672 vovit
361 628 400 670 ex
414 605 587 670 manubiis.
1110 645 1114 648 -

302 708 387 774 Lxl.
409 707 522 789 Quum
537 705 693 792 utrinque
704 703 840 770 sedisset
855 705 971 768 animis
982 703 1151 794 pugnandi
1163 706 1340 788 voluntas3

258 825 296 872 ut
310 809 414 872 ferme
430 808 464 870 in
482 823 672 896 magnarum
685 823 795 870 rerum
811 805 1052 894 exspectatione
1064 807 1203 871 miscere
1216 828 1253 872 se
1266 832 1341 897 pro·

258 909 344 998 digia
359 908 485 990 solent,
509 908 609 971 multa
634 907 699 970 visa
723 923 781 972 aut
798 905 873 972 licta
894 923 982 972 sunt.
1005 908 1153 972 Victimre
1167 908 1205 974 in
1224 913 1340 975 castris

258 1008 427 1100 Pompeii,
456 1031 561 1096 quum
587 1007 842 1073 admoverentur
866 1008 951 1091 aris,
978 1008 1160 1098 fugerunt:
1189 1012 1341 1075 murina

257 1135 358 1202 apum
382 1113 415 1175 in
440 1109 582 1174 militum
610 1110 733 1198 signis,
760 1126 794 1174 et
814 1105 969 1175 altaribus
992 1110 1149 1176 sederunt
1165 1132 1175 1176 t
1191 1112 1343 1178 interdiu

257 1217 393 1280 luerunt
404 1211 565 1287 tenebrae:
578 1210 756 1299 Pompeius
770 1225 887 1293 nocte,
899 1233 973 1299 quac
985 1211 1133 1312 praelium
1144 1215 1341 1297 antecessit,

256 1339 316 1406 per
328 1315 471 1402 quietem
484 1312 518 1376 in
532 1311 660 1375 theatro
669 1334 730 1376 suo
740 1311 853 1376 sedere
861 1312 1057 1401 imaginatus
1066 1328 1135 1393 est,
1149 1326 1182 1375 et
1193 1316 1343 1378 maximo

256 1416 372 1508 populi
388 1415 505 1503 plausu
521 1414 635 1504 excipi.
659 1415 752 1478 Inter
772 1414 842 1478 hnc
862 1429 964 1479 castra
984 1415 1055 1495 ejus
1072 1413 1271 1480 fulminibus
1287 1438 1343 1503 pe

257 1520 316 1586 tita
332 1532 411 1580 sunt
427 1539 435 1580 ε
452 1515 604 1580 excubias
626 1516 853 1580 circumeunte
870 1516 1015 1596 Caesare,
1032 1517 1085 1580 fax
1100 1539 1120 1579 a
1133 1519 1249 1600 castris
1267 1519 1342 1598 ejus

259 1622 293 1684 iu
311 1617 509 1706 Pompeiano
532 1617 706 1682 decurrere
727 1617 884 1700 iissem,
901 1633 1000 1705 atquc
1018 1619 1139 1684 ibidem
1160 1620 1342 1709 exstingui.

259 1721 423 1786 Nocturni
447 1741 581 1807 quoque
605 1734 747 1784 terrores
770 1719 804 1781 in
828 1720 973 1784 exercitu
994 1719 1142 1808 Pompeii
1163 1720 1257 1784 fuere
1275 1721 1342 1784 sub

258 1825 361 1912 ipsam
378 1823 505 1903 lucem,
528 1821 685 1907 auxitque
708 1823 1006 1886 consternationem
1023 1845 1119 1886 manc
1139 1821 1231 1910 apud
1246 1823 1344 1910 prin·

259 1925 342 2013 cipia
364 1947 440 1988 curn
465 1924 557 2011 pullo
578 1938 772 2011 conspectus
786 1923 976 2010 imperator.
992 1925 1072 2013 Spes
1087 1939 1198 1988 tamen
1217 1945 1344 2013 praeve·

260 2028 321 2099 luit
336 2025 425 2114 apud
441 2041 595 2114 pertaesos
612 2047 712 2090 moroe
727 2024 872 2107 animos,
886 2043 920 2090 et
932 2046 973 2090 ex
986 2043 1202 2116 apparatuum
1217 2029 1346 2116 magni·

262 2128 377 2194 tudine
393 2129 470 2192 belli
484 2143 638 2220 eventum
650 2127 837 2191 metientes.

304 2229 407 2294 LXII.
424 2229 530 2317 Igitur
542 2227 694 2312 etsocem
714 2230 750 2290 in
767 2249 827 2292 sua
843 2242 949 2294 castra
967 2228 1109 2293 delatam
1127 2251 1195 2294 sure
1208 2231 1344 2294 olonna·

260 2333 345 2396 dinis
358 2353 448 2394 omen
460 2329 678 2422 accipiebant,
693 2345 726 2394 ot
737 2329 910 2395 insomniis
924 2331 1071 2419 Pompeii
1087 2330 1251 2395 lidebant:
1263 2353 1342 2396 nam

260 2434 305 2514 is,
323 2432 430 2519 sopito
444 2445 626 2495 castrorum
645 2431 811 2513 tumultu,
828 2432 930 2520 quieti
945 2431 1111 2517 redditus,
1124 2433 1283 2499 altissime
1295 2434 1344 2498 in·

260 2534 479 2615 dormiverat3
497 2532 719 2621 excitatusque
736 2534 778 2597 ab
800 2534 933 2610 amicis,
949 2535 1045 2599 modo
1061 2557 1094 2599 se
1102 2558 1168 2623 per
1184 2538 1343 2599 somatum

261 2633 497 2721 Romoefnnum
510 2634 545 2697 V
540 2636 641 2698 caeru
657 2636 691 2698 V
688 2637 805 2699 icmhrs
817 2632 978 2701 deam
992 2636 1164 2716 juraverat.
1180 2641 1224 2702 At
1234 2638 1344 2703 incer·

263 2755 316 2803 tus
335 2738 463 2803 consilii
481 2738 604 2819 Caesar,
620 2753 653 2801 et
668 2736 840 2826 desperato
856 2739 985 2827 prelio,
1008 2761 1048 2803 ex
1067 2740 1238 2827 superiore
1257 2762 1344 2803 con-

262 2840 439 2905 suetudine
462 2839 630 2928 Pompeii,
654 2838 840 2905 Scotussam
861 2857 965 2905 castra
986 2856 1139 2905 moturus
1163 2856 1242 2903 erat.
1266 2842 1342 2903 lam

261 2941 524 3007 detendehantur
541 2941 770 3023 tabernacula,
790 2964 895 3031 quum
908 2942 1137 3031 Ponqnerhnam
1151 2946 1251 3006 aer'em
1266 2940 1343 3005 Ion-

259 3046 329 3131 gr'us
344 3040 437 3107 solito
448 3054 524 3105 atate
535 3041 662 3107 vallum
673 3065 872 3131 progressam
891 3045 1029 3109 relatum
1045 3060 1105 3109 est.
1129 3045 1236 3133 Igitur
1249 3064 1343 3132 expe

263 3144 370 3210 ditum
386 3166 522 3234 agmen,
537 3143 628 3231 quod
639 3144 705 3223 jam
719 3146 753 3209 in
765 3147 868 3235 portis
879 3162 966 3228 erat,
980 3148 1187 3229 cohortatus,
1201 3164 1342 3235 proruto

262 3246 366 3329 vallo,
383 3245 475 3333 quasi
491 3245 636 3311 hostium
658 3246 769 3312 castris
790 3270 866 3313 mox
887 3250 1071 3336 potituros,
1085 3248 1199 3313 eduxit
1213 3250 1340 3332 statim,

264 3348 419 3435 hostique
430 3348 589 3434 processit
600 3345 739 3415 obviam.
751 3350 844 3415 Acies
854 3351 1013 3439 utrinque
1023 3352 1069 3415 sic
1078 3350 1227 3415 ordinata
1239 3352 1341 3416 stetit

307 3447 424 3511 LXIll.
443 3446 580 3511 Sinistro
598 3448 745 3537 Pompeii
762 3472 886 3533 cornu,
899 3472 976 3517 cum
994 3452 1121 3517 duabus
1137 3453 1340 3543 legionibus,

203 3584 204 3588 =
266 3571 346 3637 quas
362 3570 421 3637 par
439 3570 567 3613 ceruam
586 3550 662 3615 belli
680 3553 819 3639 parthici
837 3552 993 3619 abductas
1008 3576 1028 3618 a
1044 3556 1161 3619 Cesare
1178 3552 1341 3639 diximus,

265 3650 334 3738 ipse
349 3670 425 3713 oum
438 3650 475 3712 L.
492 3650 637 3715 Domitio
652 3653 822 3720 constitit:
838 3656 984 3744 Scipioni
1001 3678 1078 3721 cum
1091 3656 1224 3745 syriacis
1239 3658 1342 3746 legio-

266 3751 363 3815 nibus
380 3748 520 3815 mediam
536 3752 637 3817 aciem
657 3756 888 3821 commiserat:
907 3758 1058 3822 cohortes
1076 3758 1239 3848 hispane,
1260 3782 1341 3847 quas

301 3966 399 4031 srxr.
415 3966 480 4015 rior.
499 3944 539 4003 -“
550 3967 608 4015 oro.
626 3993 661 4004 -
676 3968 728 4017 rur.
744 3968 836 4035 ona.
852 3998 889 4009 -
902 3972 1065 4032 imru,
1083 3974 1141 4021 ιω.
1154 4000 1191 4011 -
1201 3972 1259 4023 va
1271 3974 1342 4023 uu.

267 4050 277 4097 l
284 4084 291 4107 ,
304 4050 330 4099 6.
342 4076 375 4085 -
385 4048 508 4099 Plutarch.
518 4050 615 4101 iaces.
626 4068 680 4117 cap.
692 4054 735 4101 or.
745 4080 780 4091 -
792 4056 899 4120 Appiae.
912 4084 947 4093 -
962 4056 1071 4121 §hm
1084 4058 1148 4106 Ces.
1168 4086 1202 4096 -
1215 4056 1341 4107 lereb.

267 4157 300 4167 -
313 4131 420 4196 Appiam
428 4159 463 4170 —
473 4133 564 4183 Lucan.
