2875 4900
265 378 318 448 [N
350 376 463 446 LOC.
486 376 580 445 LIB.
603 374 782 480 LXXXV
813 378 1027 447 LlVlANI.
1114 378 1177 475 ¹57

122 508 238 581 quanto
259 510 407 583 tempore
430 495 482 557 vix
510 506 658 582 paramur
683 495 860 568 exercitum
883 496 965 561 alius
984 500 1179 588 aroepuset,

118 597 179 684 ipse
201 595 329 684 privato
355 596 491 659 oonsilio
514 595 674 660 detortum
701 596 898 673 confecerit,
923 597 1105 686 militesque
1128 625 1180 665 ar·

117 714 217 761 matos
236 696 385 761 eduxerit
398 696 440 761 ad
453 718 596 785 pugnam
609 720 617 760 :
636 719 745 784 neque
759 698 916 779 brebes,
929 714 988 762 aut
1001 700 1089 781 avia,
1105 703 1179 787 qui-

116 798 173 861 bus
192 798 362 887 ignorams
386 814 545 884 tutusque
563 796 605 861 ad
621 798 742 863 Sullam
758 798 960 886 perveniret,
980 801 1179 866 sectabatur:

114 899 216 986 palam
234 898 406 979 iuoedens,
420 918 644 986 quascumque
652 898 738 971 inter
752 898 901 962 eundum
918 900 1067 989 regiones
1079 902 1179 965 attin·

112 1001 223 1089 gebat,
240 1000 282 1064 ad
294 1020 505 1065 communem
526 1020 654 1065 oausam
670 997 832 1063 adducere
842 997 1017 1063 nitebatur.
1031 1000 1108 1065 llaec
1120 1001 1179 1065 ubi

113 1102 251 1165 Romam
264 1100 385 1189 perlata
401 1115 495 1180 sunt,
516 1100 596 1186 quie¹
613 1120 710 1185 supra
729 1097 827 1163 fidem
848 1115 960 1180 erant,
975 1115 1100 1165 etatem
1116 1124 1177 1187 po·

112 1200 174 1263 tius
191 1200 358 1287 Pompeii,
373 1222 471 1286 quam
488 1198 650 1281 indolem,
668 1199 916 1282 estimandum,
934 1217 1089 1289 tanquam
1106 1202 1178 1269 ine·

110 1300 173 1387 ptis
194 1300 321 1365 nuntiis
340 1300 374 1363 in
394 1300 498 1380 majus
516 1316 609 1363 auots
623 1300 877 1387 spemebantur:
894 1300 951 1365 sed
966 1317 1177 1389 posteaquam

110 1402 250 1466 certiore
269 1403 354 1465 fama
375 1402 611 1483 innotuerunt,
629 1416 760 1467 senatus
778 1402 914 1467 lunium
929 1404 1066 1467 Brutum
1083 1403 1178 1491 proli·

108 1503 187 1567 sisci
200 1502 355 1568 adversus
370 1502 462 1566 illum
475 1502 580 1583 jussit.

152 1602 225 1666 xV.
248 1603 318 1666 lam
336 1620 370 1669 et
390 1604 539 1685 Carinas,
561 1620 595 1667 et
614 1604 734 1668 Coelius
750 1626 827 1668 utrm
841 1605 909 1669 suis
922 1606 1062 1693 quisque
1074 1606 1176 1693 copiis

107 1703 217 1769 eidem
233 1726 269 1769 ae
283 1703 415 1769 diversis
432 1726 472 1769 ex
491 1704 636 1793 partibus
657 1705 852 1784 objecerant.
870 1706 975 1794 Igitur
992 1706 1097 1771 tribus
1114 1706 1176 1769 bo·

107 1804 236 1868 stilibus
248 1805 441 1870 eremitibus
457 1806 600 1881 cincun,
617 1806 652 1868 in
665 1809 801 1871 Brutum
818 1828 945 1871 summa
959 1808 991 1871 vi
1005 1808 1174 1871 convertit.

108 1904 210 1968 Primi
223 1906 377 1993 utrinqne
388 1907 513 1993 equites
528 1924 785 1987 concurrerunt,
797 1930 873 1971 nam
889 1908 1041 1995 gallicum
1053 1907 1176 1995 equita·

107 2022 182 2069 tum
208 2008 328 2071 Brutus
349 2006 550 2072 adduxerat:
580 2008 639 2071 ibi.
652 2024 825 2095 provectus
849 2024 924 2072 ante
948 2008 1039 2097 signa
1061 2007 1173 2072 adole-

106 2128 222 2188 scens,
246 2108 365 2197 insigni
388 2109 510 2173 'robore
526 2108 673 2188 Gallum,
690 2109 796 2195 quiet
819 2109 890 2196 ipse
905 2131 946 2172 ex
962 2108 1086 2172 diversa
1106 2106 1174 2171 aoie

104 2224 331 2296 procurreret,
350 2210 458 2275 laneea
473 2208 636 2287 dejectum
650 2210 833 2272 interfecit:
852 2207 942 2273 unde
956 2207 1057 2271 timor
1070 2208 1174 2271 inoes-

20 2368 21 2393 ζ
105 2311 149 2373 sit
174 2308 342 2393 hostibus,
359 2327 393 2374 et
413 2332 490 2375 mox
512 2310 608 2403 luga3
627 2330 829 2395 suorumque
845 2308 880 2371 in
903 2309 1006 2371 aciem
1021 2303 1173 2393 impacti,

105 2408 250 2498 peditem
268 2432 402 2499 quoque
422 2412 589 2476 turbatum
608 2424 803 2476 avertenmt
817 2409 870 2474 sic
882 2410 956 2474 luso
971 2410 1063 2474 Bruti
1078 2432 1173 2478 exer-

20 2571 21 2576 ,
104 2513 195 2592 ritu,
215 2533 317 2598 quum
336 2513 421 2576 inter
437 2513 579 2599 reliquos
595 2511 695 2576 duces
711 2527 782 2574 orta
795 2509 957 2576 discordia
973 2528 1075 2595 esset,
1090 2515 1171 2580 alius

103 2613 170 2677 alio
195 2629 297 2678 casua
321 2629 504 2677 moverunt.
531 2614 705 2702 Pompeius
729 2610 868 2699 oppida,
890 2610 1034 2676 discessu
1054 2637 1170 2680 eorum

105 2713 264 2802 presidiis
282 2715 423 2795 nudata,
441 2715 606 2778 voluntate
621 2711 802 2776 incolarum
818 2712 950 2799 recepit.

147 2814 239 2878 xvl.
259 2814 337 2878 Mox
352 2815 458 2902 Scipio
473 2815 587 2878 consul
601 2835 676 2877 eum
691 2813 834 2878 exercitu
847 2813 1008 2894 occurrit,
1023 2837 1091 2877 non
1105 2838 1171 2879 me·

103 2915 203 2994 liore,
215 2937 314 3002 quam
325 2931 434 2996 antea,
453 2931 566 2979 eontra
578 2914 699 2979 Sullam
716 2929 854 2978 eventu:
872 2935 947 2976 nam
966 2913 1083 2978 milites
1100 2916 1171 2995 ejus

104 3015 316 3101 simulatque
332 3015 545 3103 Pompeianos
561 3014 738 3102 conspicati
751 3028 847 3093 sunt,
864 3013 1057 3076 salutatione
1071 3017 1170 3098 lacta,

105 3115 145 3179 ad
165 3115 239 3180 illos
259 3116 466 3179 transierunt.
489 3117 654 3180 Postrema
676 3135 752 3178 oum
769 3113 918 3176 Carbone
932 3112 1019 3176 lucta
1034 3113 1114 3195 fitit,
1129 3116 1172 3180 ad

106 3215 198 3280 AEsin
224 3212 344 3278 flumen
369 3215 486 3278 multas
508 3215 655 3303 equitum
681 3215 746 3278 alas
770 3213 952 3292 objiciente.
974 3213 1039 3278 Sed
1057 3214 1111 3280 ille
1135 3217 1169 3282 in

107 3315 176 3380 lom
187 3315 299 3403 iniqua
312 3315 480 3397 detrusos,
493 3337 597 3404 quum
611 3315 766 3381 evadendi
779 3316 830 3380 ria
844 3337 912 3378 non
925 3331 1025 3398 esset,
1036 3339 1111 3381 cum
1122 3342 1171 3384 an
1195 3314 1200 3328 '

106 3417 167 3480 mis
181 3416 341 3504 equisque
360 3417 394 3480 in
413 3415 612 3482 dedidonem
628 3417 761 3505 accepit
777 3418 915 3506 Ignarus
927 3416 1047 3482 horum
1062 3417 1167 3504 Sulla,

103 3518 162 3604 qui
181 3515 344 3582 nihildum
367 3517 472 3598 aliud,
493 3519 554 3582 nisi
572 3517 613 3582 de
630 3518 743 3606 primis
761 3518 907 3606 Pompeii
923 3521 1093 3586 conatibus
1109 3547 1169 3588 eu-

103 3617 226 3698 dierat,
240 3633 273 3682 et
284 3618 326 3683 de
338 3618 540 3684 adolesoente
549 3619 723 3700 sollicitus,
738 3641 780 3684 ne
791 3643 850 3707 per
862 3635 911 3684 tot
921 3620 1066 3687 bostium
1079 3646 1169 3688 exer-

103 3719 186 3782 citus
201 3739 411 3807 perrumpere
426 3743 495 3784 non
509 3736 617 3808 posset
626 3720 685 3801 ,in
707 3742 879 3786 occursum
897 3721 967 3802 ejus
987 3723 1169 3810 expeditam

103 3839 237 3882 manum
250 3817 353 3884 duxit.
374 3819 444 3883 Hoc
461 3820 518 3884 ubi
534 3821 690 3908 Pompeio
709 3837 930 3909 compernem,
946 3845 1055 3910 neque
1071 3824 1167 3911 longe

137 4021 155 4088 5
170 4023 241 4070 m.
255 4023 353 4072 Ssllmt.
366 4051 400 4060 -
410 4024 495 4088 vegei.
508 4024 539 4072 de
549 4027 586 4074 lle
594 4025 665 4074 milit.
677 4025 721 4074 lib.
734 4028 779 4075 lx.
791 4053 827 4062 —
839 4025 943 4074 Diodor.
956 4024 1062 4073 -vet
1073 4027 1113 4082 11,
1123 4039 1167 4085 ²9·

105 4133 138 4140 -
151 4105 275 4154 Plutarch.
285 4133 319 4143 -
329 4107 416 4156 Zonar.
