2875 4900
290 386 344 457 tn
372 386 485 454 too.
513 386 609 452 tra.
636 386 708 453 cn
737 383 951 452 trvrsnt.
1085 387 1151 468 aaa

102 508 251 596 Capuam,
269 506 309 587 Q.
322 504 472 569 Metellus
489 504 583 569 Celer
600 504 634 567 in
655 503 814 568 Picenum
834 503 941 584 missi,
962 524 1040 567 cum
1061 526 1154 568 man-

102 606 192 689 datis,
207 610 256 671 uti
264 628 325 695 pro
337 616 473 694 tenpore
482 604 728 693 aequiperante
739 605 916 668 exereitum
927 620 1157 691 compararent.

139 710 269 773 LXXX.
282 708 486 773 Gladiatoriae
501 707 630 771 familiae
644 710 806 795 Capuam,
822 706 903 769 etin
918 722 1032 769 caetera
1047 708 1158 770 muni·

102 811 191 899 cipia,
209 832 270 898 pro
287 810 447 897 cujusque
464 808 583 897 opibus
598 808 767 890 distribui,
782 830 841 896 per
851 824 953 887 totam
962 809 1085 873 Urbem
1098 810 1159 871 mi·

103 934 188 975 nores
204 911 408 1000 magistratus
421 910 543 999 vigilias
560 932 655 999 agere
669 910 763 990 jussi.
780 909 1022 989 Conjurationis
1039 908 1157 973 indici·

104 1012 158 1077 bus
172 1013 302 1102 praemia
323 1011 509 1099 proposita,
528 1034 621 1075 servo
638 1011 770 1075 libertas
790 1026 824 1073 et
840 1025 976 1073 centena
991 1010 1156 1090 sestertia,

103 1114 194 1179 libero
210 1113 386 1201 impunitas
404 1130 437 1177 et
453 1113 599 1177 sestertia
620 1110 771 1177 ducenta.
785 1111 865 1175 Post
877 1111 947 1175 baec
961 1134 1020 1199 per
1034 1112 1160 1199 aliquot

103 1213 180 1297 dies,
195 1214 331 1278 Catilina
349 1214 430 1277 nibil
441 1236 521 1278 auso
535 1212 660 1295 moliri,
675 1212 857 1299 tranquillae
869 1234 921 1276 res
930 1211 1034 1276 videri
1047 1214 1157 1277 multis

103 1332 275 1404 coeperunt,
288 1331 326 1405 ut
335 1315 401 1394 jam
409 1314 574 1379 Ciceronis
586 1313 781 1377 calumniam
792 1312 987 1377 incrustent.
999 1311 1064 1377 Sed
1075 1329 1159 1378 etni-

104 1417 142 1480 sci
155 1433 259 1481 motus
279 1416 344 1481 cito
362 1414 461 1479 fidem
475 1416 624 1479 fecerunt
633 1414 723 1495 ven,
738 1430 772 1478 et
785 1412 958 1480 Catilinam
975 1414 1011 1478 L.
1027 1416 1159 1480 Paullus

104 1518 167 1606 lege
179 1518 305 1582 Plautia
322 1517 363 1581 de
377 1517 410 1580 vi
424 1517 608 1605 postulavit.

140 1620 284 1684 LXXXI.
309 1620 414 1707 Atque
438 1619 491 1682 ille
514 1618 747 1683 conscientiam
768 1616 991 1699 dissimulans,
1014 1617 1165 1683 vuandae'

105 1722 274 1807 suspicionis
299 1742 399 1785 causa
424 1720 514 1807 apud
540 1720 588 1783 Μ.
609 1719 763 1809 Lepidum
785 1720 931 1783 habitam
954 1718 1037 1784 valla
1060 1720 1158 1803 dixit,

106 1822 198 1888 Paulli
211 1824 345 1887 fratrem
362 1844 370 1886 :
389 1844 450 1885 nec
468 1836 635 1909 receptus,
654 1822 744 1885 venit
758 1820 800 1885 ad
817 1821 1027 1902 Ciceronem,
1043 1820 1161 1887 deinde

105 1922 141 1985 ad
158 1924 196 2006 Q.
206 1924 375 1989 Metellum
390 1938 578 2012 pretorem,
598 1937 631 1987 ct
650 1921 840 2011 repudiatus
857 1923 997 2010 ubique,
1014 1923 1061 1987 M.
1074 1924 1162 1987 Mar·

106 2026 177 2089 cello
199 2024 454 2103 custodiendum
477 2047 511 2088 se
532 2024 676 2089 tradidit.
698 2025 813 2089 Postea
833 2046 936 2112 quum
955 2024 990 2088 in
1011 2008 1161 2088 senatum

106 2128 205 2193 venire
228 2151 328 2193 ausus
350 2143 449 2209 esset,
470 2126 618 2214 quitum
641 2127 676 2190 irr
694 2127 782 2191 Iovis
804 2127 941 2191 Statoris
960 2126 1160 2210 habebatur,
1250 2116 1256 2131 ’

101 2244 134 2291 et
151 2252 262 2295 omnes
284 2229 453 2310 subsellia,
469 2227 510 2292 ad
530 2250 603 2315 qum
615 2226 753 2292 sedendi
772 2228 873 2316 gratia
892 2227 952 2292 iste
967 2244 1161 2309 accesserat,

107 2350 195 2393 vacua
210 2331 450 2418 relinquerent,
463 2329 497 2393 in
516 2328 611 2393 aliam
629 2344 754 2416 partem
769 2326 925 2418 digressi3
946 2330 1079 2411 Cicero,
1096 2330 1164 2394 sire

107 2432 298 2516 presentiam
310 2431 385 2512 ,ejus
402 2431 538 2513 timens,
557 2431 624 2496 sive
644 2431 691 2496 ira
709 2448 910 2513 commotus,
928 2431 1111 2498 orationem
1126 2432 1162 2496 in

107 2551 287 2618 presentem
299 2555 392 2597 reum
405 2533 538 2615 babuit,
552 2555 650 2621 quam
664 2532 772 2597 adbuc
784 2532 937 2622 legImus,
953 2533 1102 2628 engadara
1110 2532 1163 2613 ju·

108 2631 178 2698 bens
197 2637 294 2716 Urbe,
316 2657 414 2724 quam
433 2636 534 2698 exitio
551 2635 733 2700 destinasset
748 2657 761 2698 .·
779 2657 857 2697 nam
875 2632 991 2720 referre
1011 2635 1162 2700 bonorum

109 2737 226 2819 civiwn,
241 2753 279 2803 ut
292 2739 374 2802 inter
385 2759 417 2800 se
428 2749 460 2801 et
471 2736 588 2801 hostem
597 2738 719 2824 pataria
732 2757 840 2799 murus
856 2737 985 2800 intorsi.

146 2840 308 2908 LXXXII.
327 2839 403 2921 Ille,
420 2837 561 2902 demisso
575 2837 668 2901 vultu
681 2837 801 2926 rogatis
817 2836 986 2916 Patribus,
1002 2859 1041 2898 ne
1054 2849 1165 2899 temere

109 2935 143 2999 ds
156 2961 185 3004 sa
197 2940 373 3020 crederent,
390 2938 573 3002 clarissimis
591 2937 763 3025 majoribus
777 2953 865 3018 orto,
883 2935 1013 3001 deflexit
1028 2934 1069 3000 ad
1084 2958 1164 3000 con·

110 3037 196 3122 noia,
213 3041 392 3106 Ciceronem
405 3039 597 3128 inquilinum
613 3040 703 3106 Urbis
714 3039 917 3127 appellando.
936 3039 1034 3102 Plura
1047 3036 1166 3103 deinde

110 3141 264 3208 maledicta
274 3142 436 3231 ingerenti
449 3164 552 3230 quum
565 3163 678 3206 omnes
689 3141 928 3228 obstreperent,
940 3140 1058 3203 hostem
1068 3153 1165 3227 atque

104 3245 295 3326 parricidam
310 3242 478 3324 vocando;
497 3235 618 3306 fu'ren'ti
635 3242 765 3321 similis,
780 3238 1096 3329 «Quandoquidem,
1115 3242 1167 3304 in·

111 3345 210 3430 «quit,
225 3345 433 3410 inimicorum
449 3345 690 3432 conspiratione
707 3367 849 3432 prmceps
865 3365 959 3432 agor,
976 3342 1165 3408 incendium

111 3465 232 3510 «meum
248 3446 345 3510 ruina
362 3445 593 3534 restinguam».
609 3445 760 3511 Proxima
771 3443 890 3509 deinde
906 3459 1001 3509 nocte
1015 3467 1091 3509 cum
1102 3461 1168 3510 tre·

112 3548 203 3611 centis
215 3547 346 3612 armatis
360 3569 508 3636 egressus
524 3545 629 3626 Urbe,
647 3546 809 3633 plerisque
825 3545 1067 3629 consularibus,
1082 3569 1167 3635 prae·

111 3656 187 3710 terea
197 3649 322 3736 optimo
338 3649 458 3735 cquue
472 3646 583 3711 scribit
597 3669 636 3710 cx
647 3647 781 3728 itinere,
794 3647 975 3712 Massiliam
988 3671 1018 3710 se
1032 3650 1067 3710 in
1081 3650 1167 3712 exsi-

141 3885 155 3950 S
168 3889 283 3939 LXXIX.
298 3891 350 3940 Cic.
364 3891 396 3940 de
408 3891 492 3939 Diria.
503 3893 527 3949 t,
542 3899 584 3952 47.
600 3919 634 3928 -
649 3891 747 3940 Sallust.
761 3919 796 3928 -
810 3893 874 3942 Plnt.
889 3919 923 3930 -··
941 3892 998 3940 Dio.
1014 3919 1050 3929 —
1059 3894 1167 3958 AppIsn.
1268 3935 1275 3953 ,

112 3995 142 4006 -
154 3970 168 4035 S
183 3973 287 4024 LXXX.
299 3975 356 4024 nto.
367 4002 403 4012 --
416 3973 432 4040 S
445 3977 563 4023 LXXXI.
579 3975 675 4024 Sallust.
689 3968 725 4012 '-
738 3975 792 4025 Cic.
805 3975 833 4024 in
841 3977 925 4024 Vatia.
932 3991 987 4039 cap.
999 3991 1045 4034 ¹⁰3
1059 3978 1085 4024 in
1095 3979 1167 4029 Catil.

112 4052 134 4108 Ι,
149 4053 178 4112 5,
190 4075 214 4118 7,
227 4060 258 4117 8,
276 4071 300 4108 ct
316 4061 343 4108 in
358 4061 407 4108 Pis.
426 4077 481 4124 cap.
496 4077 520 4108 a.
538 4087 573 4096 -
590 4059 607 4124 S
622 4061 752 4110 LXXXII.
777 4059 875 4109 Sallust.
890 4087 926 4098 ·-
940 4059 1050 4126 Appisn.
1067 4087 1101 4098 -
1111 4063 1169 4117 Val.

113 4135 172 4188 Max.
183 4143 232 4202 tx,
245 4159 284 4197 rr.
293 4171 327 4182 -
337 4144 390 4194 cte.
399 4144 426 4193 iu
435 4144 507 4195 Catil.
521 4145 558 4204 II,
573 4159 596 4204 7.
607 4170 640 4182 -·-
655 4143 718 4193 Plut.
