2875 4900
310 376 380 447 526
485 377 551 444 JO.
578 373 922 443 FREINSHEMII
955 373 1195 441 SUPPLEM.

289 513 523 587 ¹temperatum
544 511 614 559 est:
634 492 706 559 dum
729 493 882 583 conjuges
903 492 1056 559 Ariovisti
1078 492 1190 557 occisae
1209 512 1280 555 curn
1298 514 1350 554 una

306 600 464 681 {iliarum
493 598 602 662 alteru.
616 596 765 684 pervenit
796 594 830 657 in
857 608 1048 681 potestatem
1072 592 1183 659 bostis.
1210 590 1350 655 Cecidisse

307 688 549 764 Gentianorum
566 696 732 783 octoginta
750 694 852 757 millis
862 695 1022 759 feruntur.
1041 693 1154 775 Quum
1172 693 1302 756 maxima
1313 692 1351 753 vi·

308 801 417 864 ctoriae
432 815 527 863 tantae
542 796 649 860 laetitia
667 811 766 875 esset,
783 794 872 859 haud
886 793 995 859 minus
1009 793 1164 881 gaudium
1179 794 1289 859 Caesari
1302 793 1351 855 fuit

307 904 343 965 C.
355 902 503 964 Valerius
517 897 692 976 Procillus,
706 895 902 982 Marcusque
915 894 1048 961 Mettius
1062 896 1192 983 recepti.
1205 895 1350 971 Valerius,

307 1016 356 1063 ter
366 1022 402 1063 se
410 1013 567 1087 praesentc
580 996 723 1059 sortibus
735 995 775 1059 de
785 1018 819 1061 se
829 996 1064 1075 consultatum,
1076 995 1244 1079 narrabat,
1255 1012 1350 1059 utrum

306 1101 413 1163 statim
426 1099 492 1186 igni
504 1097 768 1176 combureretur3
785 1097 921 1161 sortium
937 1096 1094 1161 beneficio
1106 1118 1280 1184 superesse.
1293 1098 1351 1159 Cb·

305 1198 363 1262 des
378 1197 528 1262 Ariovisti
544 1219 648 1284 quum
660 1196 793 1279 Suevis,
808 1197 864 1284 qui
874 1196 916 1261 ad
924 1197 1078 1261 Rhenum
1089 1214 1258 1280 venerant,
1268 1214 1351 1261 tetro·

305 1320 374 1363 rem
389 1299 534 1378 fecisset,
553 1298 646 1362 Ubiis
660 1298 805 1378 animos,
831 1296 967 1361 domum
988 1314 1184 1363 revertentes
1200 1300 1269 1363 illos
1289 1299 1349 1362 Ubii

305 1399 487 1485 insequuti,
504 1420 653 1487 magnum
669 1397 913 1463 multitudinem
930 1398 1127 1463 ceciderunt.
1145 1401 1269 1481 Caesar,
1287 1398 1352 1463 duo·

303 1499 368 1563 bus
383 1500 571 1588 ingentibus
587 1500 679 1563 bellis
692 1498 804 1563 eedem
818 1514 930 1565 estate
937 1500 1110 1581 confectis,
1127 1501 1289 1588 aliquanto
1299 1523 1350 1563 mr·

304 1602 408 1665 turius
430 1602 527 1665 solito
554 1602 731 1665 exercitum
758 1601 792 1663 in
815 1600 951 1665 hiberna
973 1599 1128 1683 deduxit3
1158 1602 1349 1687 Labienoque

303 1700 354 1764 bis
369 1701 562 1789 preposito,
580 1702 614 1764 in
625 1701 818 1788 Cisalpinam
830 1701 965 1767 Galliam
977 1700 1019 1765 ad
1029 1718 1210 1767 conventus
1225 1700 1348 1791 agendos

303 1803 469 1888 profectus
485 1817 543 1866 est.

348 1904 502 1967 XXXIX.
515 1904 620 1967 Tanta
628 1902 759 1967 Gesseris
768 1902 903 1967 felicius
912 1926 1015 1990 quum
1027 1904 1281 1971 adversariorum
1290 1902 1349 1967 odit

303 2024 493 2093 metumque
515 2006 620 2069 acrius
643 2006 838 2087 stimularet,
860 2004 1038 2071 reducendi
1053 2007 1217 2071 Ciceronis
1232 2003 1348 2071 consilio

303 2109 427 2197 magnis
453 2106 568 2171 studiis
588 2122 756 2193 coeperunt
776 2107 973 2171 incumbere.
992 2106 1027 2170 L.
1051 2108 1215 2171 Domitius
1236 2106 1348 2171 Aheno·

302 2210 424 2274 barbus
441 2208 600 2295 professas
617 2230 693 2272 cum
719 2208 842 2293 (insere
860 2207 1042 2273 inimicitias
1063 2208 1203 2296 gerebat.
1228 2207 1277 2271 Ab
1298 2206 1348 2267 boc

302 2327 335 2375 et
348 2313 384 2375 C.
399 2309 557 2374 Memmio
577 2308 769 2396 pnetoribus
787 2310 924 2375 relatum
944 2310 985 2375 nd
1002 2309 1112 2373 Patres
1131 2309 1172 2373 de
1191 2306 1348 2397 superioris

290 2411 381 2476 'anni
398 2410 477 2474 actis
495 2409 617 2492 fueret,
638 2410 826 2497 priusquam
844 2411 877 2475 in
897 2410 1095 2497 provinciam
1113 2411 1219 2476 Caesar
1233 2412 1307 2474 iret:
1324 2421 1347 2468 et

301 2532 404 2598 mum
415 2511 468 2573 ille
478 2558 487 2591 ,
498 2510 685 2598 cognitione
696 2512 823 2577 senatui
834 2511 957 2594 delata,
972 2533 1033 2576 nec
1046 2529 1188 2576 asenatu
1202 2525 1348 2598 suscepte,

301 2613 465 2699 profectus
483 2628 585 2691 esset,
605 2611 712 2675 statim
733 2627 926 2699 quaestorem
950 2612 1019 2690 ejus
1041 2613 1074 2676 in
1094 2614 1267 2678 consulatu
1283 2609 1348 2697 legi·

299 2712 363 2775 bus
377 2712 410 2774 in
422 2710 644 2798 prejudicium
660 2713 791 2776 Gesseris
807 2712 1075 2800 interrogandum
1089 2730 1290 2778 curaverunt.
1301 2711 1348 2772 Vt·

300 2814 383 2877 tinio
394 2834 529 2899 quoque
542 2810 627 2876 dicta
638 2812 725 2892 dies,
742 2835 809 2900 quo
824 2814 928 2900 legato
946 2815 1050 2878 Cesar
1069 2813 1239 2896 utebatur3
1257 2810 1309 2877 sed
1323 2823 1348 2870 et

299 2910 407 2999 ipsum
420 2913 577 2974 Caesarem
588 2913 624 2974 L.
640 2913 800 2976 Antistius
817 2913 969 2978 tribunus
985 2913 1087 3000 plebis
1103 2914 1283 3001 postulavit.
1297 2913 1348 2975 Ce-

299 3033 368 3093 sar,
392 3011 551 3098 appellato
576 3011 732 3100 collegio,
749 3014 837 3100 qnod
851 3014 1029 3101 reipublicae
1050 3037 1146 3080 carna
1168 3015 1294 3091 abemt,
1316 3031 1348 3072 uc

298 3133 374 3176 reus
397 3110 506 3190 fieret,
531 3112 694 3194 obtinuit;
723 3113 891 3194 Vatinius,
921 3137 1024 3201 quum
1047 3114 1160 3180 eadem
1179 3115 1348 3202 exceptione

298 3228 407 3299 posset
429 3212 497 3293 uti,
516 3212 631 3276 maluit
650 3214 685 3277 in
711 3213 782 3302 ipso
805 3212 931 3292 judicio
951 3237 1041 3302 paene
1065 3215 1225 3282 deteriora
1247 3215 1347 3280 scelera

297 3313 419 3393 facere,
437 3333 536 3398 quam
551 3335 692 3398 quorum
704 3336 800 3380 cause
813 3331 881 3380 erat
893 3331 1086 3381 accusatus..

341 3411 409 3476 XL.
433 3413 517 3477 Nem
540 3413 599 3476 ubi
620 3411 689 3480 dies
706 3415 816 3495 venit,
841 3415 1033 3480 nominatim
1054 3415 1214 3504 appellato
1234 3419 1268 3482 P.
1285 3415 1346 3478 Clo·

297 3511 371 3593 dio,
391 3535 433 3575 ne
452 3535 581 3578 musam
602 3513 743 3595 diceret,
764 3515 883 3602 illoque
901 3516 1090 3598 adjuvante,
1107 3518 1139 3582 in
1158 3516 1296 3582 tribuual
1305 3511 1346 3576 sui

296 3612 475 3699 quesitoris
487 3613 672 3694 adscendit,
687 3638 828 3703 eumque
842 3618 875 3682 vi
888 3617 1086 3699 deturbavit,
1104 3618 1267 3707 dissiparit
1278 3614 1345 3680 sub·

295 3715 403 3792 sellie,
429 3736 528 3778 urnas
545 3713 680 3792 disjecit.
700 3716 753 3780 Sic
774 3716 807 3780 in
833 3717 943 3806 sugam
966 3718 1131 3798 conjectus
1154 3735 1203 3786 est
1222 3732 1344 3806 pretor,

294 3832 495 3881 accusatores
507 3815 576 3894 ejus
588 3815 641 3878 vix
655 3839 673 3879 e
685 3817 835 3882 munibus
850 3819 1097 3883 Vatinianorum
1106 3819 1220 3908 erepti.
1233 3820 1344 3882 Horum

329 4033 511 4098 §xxxvttt
530 4035 591 4082 Cn.
609 4059 645 4069 ·—
657 4033 722 4081 utut.
739 4059 775 4070 ·-
790 4035 898 4098 Appisn.
910 4035 973 4084 Celt.
990 4063 1025 4072 -
1043 4035 1060 4098 5
1078 4039 1201 4088 XXXIX.
1217 4039 1310 4084 Sueten.
1323 4029 1342 4076 in

293 4117 355 4164 Ges.
365 4131 418 4179 rap.
429 4117 477 4174 23,
492 4127 515 4162 et
525 4116 583 4164 Ner.
594 4129 648 4180 cap.
663 4117 687 4164 3.
697 4143 731 4152 -
745 4116 798 4165 Cic.
809 4117 835 4164 in
845 4117 929 4166 Vatia.
944 4135 997 4182 esp.
1011 4126 1050 4174 id.
