2875 4900
242 410 298 477 IN
329 407 443 476 LOC.
471 407 566 474 LIB.
594 411 789 479 LXXVII
821 411 1045 481 LIVIANI.
1081 443 1084 447 ’
1133 436 1168 482 ιι

114 531 249 592 Pntmm
265 523 396 592 consiluit
404 573 414 606 ‚
433 543 464 592 et
476 527 518 589 ab
530 531 715 614 egenttisimi
726 529 877 618 cujusquo
892 530 1030 594 audact'a
1038 579 1047 610 ,
1062 533 1109 594 ud
1117 535 1177 594 ciu-

113 632 369 716 cmnspectiouem
393 627 616 716 locupletium,
640 629 798 717 suffragio
820 647 1010 696 revocentur.
1039 632 1176 696 Tantum

101 729 212 816 senno
228 727 440 822 ouiqusfidei
453 732 631 820 aorortquus
651 733 684 794 in
704 731 947 820 rempublicam,
971 737 1177 820 quantumin

107 833 237 919 privata
250 834 315 918 spei
325 845 420 919 atqrte
430 851 541 919 uptun,
555 853 626 896 esse.

157 931 296 995 xxvss.
319 931 372 995 Sic
394 930 601 996 tribunorum
618 931 722 1019 plebis
739 933 949 997 vehementer
966 933 1068 997 recisa
1084 949 1177 1020 pote-

113 1049 212 1114 state,
230 1032 352 1120 quibus
375 1033 549 1121 imaginem
563 1055 751 1122 nomenque
763 1049 890 1098 tantum
907 1033 1022 1097 sineri
1041 1034 1178 1121 relique-

112 1151 209 1214 runt,
237 1155 342 1220 quum
370 1133 465 1198 etiam
497 1135 541 1198 ob
567 1135 761 1222 paucitatem
788 1152 976 1199 senatorum
1010 1136 1177 1198 contemni

112 1233 348 1324 amplissimum
371 1234 519 1300 ordinem
544 1235 836 1320 animadverterent
857 1234 1028 1318 consules,
1047 1233 1177 1300 tributis

113 1336 253 1400 comitiis
274 1335 336 1421 (ut
355 1334 476 1423 aliquid
499 1334 575 1399 dare
596 1337 719 1425 populo
739 1336 950 1424 viderentur)
973 1317 1177 1425 ex'equestri

111 1437 228 1501 ordine
252 1437 517 1501 honestissimum
545 1459 709 1525 quemque
732 1439 929 1527 ellegerunt,
954 1459 1093 1501 numero
1110 1453 1177 1501 tre·

113 1555 236 1603 centos.
252 1537 322 1600 Viri
336 1535 455 1602 deinde
470 1537 641 1603 duodecim
656 1563 674 1601 a
691 1554 805 1603 senatu
819 1538 929 1602 hostes
943 1536 1093 1620 judicati,
1106 1537 1178 1601 sul-

114 1638 216 1726 picius
237 1637 385 1726 inprimis
405 1655 437 1702 et
454 1637 521 1702 duo
541 1639 654 1720 Murii3
678 1637 797 1703 deinde
811 1639 847 1703 P.
866 1639 1045 1728 Cethegus,
1061 1638 1178 1702 lunius

115 1743 253 1819 brutus,
270 1741 331 1803 Gn.
352 1753 385 1802 et
403 1739 444 1820 Q.
466 1739 595 1819 Granii,
612 1739 648 1803 P.
665 1739 904 1819 Albinovanus,
924 1739 970 1803 M.
989 1738 1178 1817 lecterius,

116 1842 158 1922 Q.
174 1840 318 1904 Rubrius
336 1839 458 1920 Varro,
479 1855 512 1904 et
533 1857 685 1928 praeterea
708 1839 777 1903 duo
799 1839 852 1902 alii
872 1853 1052 1919 senatores,
1070 1837 1176 1925 quod,

113 1939 264 2003 seditione
275 1941 452 2021 concitato,
474 1941 652 2005 consulibus
657 1939 775 2029 populi
783 1941 910 2003 morani
920 1961 1011 2001 arma
1023 1941 1179 2026 opposui·

113 2055 197 2120 sent,
210 2063 369 2128 servosque
387 2056 551 2104 vocassem
566 2041 613 2104 ud
620 2043 750 2129 pileum.
769 2044 861 2128 Aqua
876 2040 974 2130 igitur
992 2055 1025 2103 et
1042 2039 1109 2128 igni
1127 2039 1177 2101 his

113 2139 342 2224 Interdictum,
364 2141 508 2224 adjecto,
531 2165 761 2232 equorumque
780 2143 905 2230 impune
920 2139 1042 2218 occidi,
1061 2154 1119 2202 aut
1133 2139 1181 2200 od

112 2241 252 2304 cumules
265 2241 388 2305 adduci
394 2265 492 2330 posse.

158 2343 313 2408 XXVIII.
337 2347 425 2408 Runa
437 2365 570 2432 quoque
587 2367 699 2408 eorum
714 2344 891 2432 publicem
905 2357 937 2406 et
947 2342 1177 2431 perquisitores

114 2446 220 2526 missi,
233 2446 290 2534 qui
303 2462 454 2534 caperent
467 2448 640 2536 profugos,
655 2462 711 2510 aut
723 2443 917 2509 occiderent.
936 2444 973 2508 P.
991 2441 1152 2530 Sulpicius
1166 2489 1175 2521 ,

3 2616 4 2627 ,
114 2566 218 2633 quum
232 2548 266 2609 in
284 2546 487 2611 Laurentinis
503 2546 692 2636 paludibus,
707 2546 789 2609 villae
802 2544 967 2625 cujusdam
982 2544 1110 2608 latebris
1123 2564 1178 2605 oe-

113 2646 448 2728 cultaremr,·indicio
471 2648 553 2712 servi
576 2648 627 2711 sui
649 2662 805 2711 retractus
824 2645 916 2710 stab
939 2644 1102 2732 equitibus
1118 2665 1178 2729 op·

113 2770 242 2835 pressus
264 2764 322 2812 est.
347 2750 453 2836 Caput
473 2750 571 2813 occisi
595 2748 733 2813 relatum
755 2748 911 2827 Romam,
933 2763 965 2809 et
979 2768 1039 2833 pro
1052 2743 1177 2807 Rostris

113 2848 340 2935 propositum:
358 2870 484 2930 servus,
502 2850 559 2935 qui
580 2848 761 2913 secundum
782 2846 925 2911 edictum
946 2847 1118 2910 consulum
1139 2843 1178 2906 Ii-

112 2948 271 3011 bertatem
285 2946 396 3011 indicii
409 2950 578 3035 praemium
594 2948 678 3011 ferre
695 2946 854 3028 debebat,
868 2946 1104 3021 manumissum
1118 2958 1179 3004 sta·
1269 2992 1272 2998 ,

112 3049 239 3135 timque
258 3070 334 3112 cum
354 3048 535 3136 insignibus
558 3070 649 3110 novae
672 3046 850 3121 libertatis,
873 3045 917 3108 ob
938 3044 1042 3107 scelus
1058 3040 1177 3129 proditi

114 3150 184 3213 beri
205 3148 246 3213 de
265 3170 342 3213 saxo
363 3149 579 3237 praecipitatus
593 3164 652 3212 est.
668 3150 706 3211 ln
721 3148 799 3211 alios
811 3166 944 3233 quoque
958 3144 1046 3231 viros
1058 3144 1179 3226 claros,

112 3251 172 3337 qui
185 3250 318 3338 reperiri
334 3266 531 3338 potuerunt,
546 3248 635 3313 velut
647 3250 721 3331 jure
737 3249 893 3311 saevitum.
908 3249 952 3310 At
963 3244 1085 3339 Marius
1102 3260 1178 3333 post

112 3354 224 3439 lugam
241 3374 280 3415 ex
294 3352 384 3415 Urbe
401 3350 581 3415 desertura
599 3350 712 3432 turba,
729 3372 788 3436 per
805 3346 950 3412 tenebras
966 3346 1000 3408 in
1018 3344 1175 3435 predium

112 3450 298 3537 quoddam,
320 3449 412 3538 quod
434 3450 573 3515 habebut
594 3452 628 3513 in
653 3450 808 3531 Solonio,
827 3449 884 3536 qui
898 3470 1030 3535 campus
1046 3462 1095 3510 est
1110 3446 1176 3534 agri

111 3552 275 3632 lanuvini,
291 3574 325 3615 se
339 3550 484 3629 conjecit.

156 3652 278 3715 XXIX.
294 3650 408 3732 Unde,
425 3674 528 3738 quum
542 3650 644 3716 filiurn
661 3674 699 3715 ex
715 3650 828 3714 vicinis
843 3651 926 3740 agris
943 3650 984 3733 Q.
1002 3649 1103 3712 Mucii
1121 3670 1177 3711 au·

3 3768 4 3773 ’
112 3753 221 3841 guris,
235 3752 327 3832 cujus
348 3753 400 3815 ille
421 3752 518 3817 filiam
535 3752 688 3832 duxerat,
704 3753 880 3817 necessaria
894 3767 1004 3840 petere
1012 3750 1177 3830 jussisset,

146 3900 269 3965 §xxvi
282 3901 379 3949 Sallust.
390 3902 460 3951 Catil.
474 3928 507 3938 -
520 3900 627 3967 Appitsn.
639 3898 700 3965 —S
714 3901 825 3969 mn.
837 3900 901 3947 vell.
912 3902 950 3956 ll,
962 3900 1003 3946 30.
1018 3924 1052 3933 -
1065 3895 1175 3958 Appian.

3 3984 4 4025 l
107 3982 445 4049 eiv.tu.1.-uv.upit.
461 4012 494 4022 —
510 3982 576 4033 tuor.
589 4010 624 4021 -
641 3984 694 4033 Cic.
705 3985 732 4031 in
745 3984 837 4042 Bruto,
850 3980 905 4048 cip.
922 3983 964 4038 65.
981 4008 1016 4018 -
1030 3977 1176 4044 §xxvnt

106 4070 150 4117 Jo.
163 4067 313 4117 Antiochen.
328 4068 434 4117 -Vle
448 4070 487 4127 II,
503 4084 542 4131 ¹9·
556 4096 590 4109 -ι-
605 4068 657 4114 LIv.
668 4068 735 4133 Epir.
746 4066 843 4115 -Vat
855 4067 980 4118 MsmVI,
995 4064 1044 4121 57.
1058 4087 1091 4097 -
1102 4062 1175 4107 Oros.

109 4154 143 4207 V·
158 4168 240 4211 1o-
252 4152 359 4201 rue-
369 4152 432 4201 rtur.
442 4153 469 4200 u
481 4154 542 4201 uu.
555 4168 608 4217 sap.
620 4152 662 4201 ss.
677 4180 711 4191 -
725 4153 776 4200 cic.
788 4145 998 4205 aeuumque.
