2875 4900
298 386 354 455 ΙΝ
384 387 499 455 LOC.
526 388 621 455 Llll.
650 390 746 457 Clll
775 390 990 461 LlVlANI.
1116 394 1180 467 501

112 507 199 570 urbe
223 504 363 593 lapidem
383 528 494 595 pugna
515 507 620 587 13313,
646 509 741 573 multi
766 532 806 573 ex
825 509 1013 592 Clmlianis,
1036 514 1144 600 plures
1168 539 1186 578 a

113 624 210 696 parte
229 608 331 672 Flavii
349 607 557 688 oeciderunt3
575 608 662 673 inter
678 632 763 697 quoe
783 626 816 673 et
833 610 880 675 M.
901 611 1066 699 Papirius,
1086 637 1186 702 eques

111 730 292 788 romanus,
313 708 508 799 publicanum
520 756 530 789 ,
544 710 709 774 familiaris
725 711 882 799 Pompeii.
900 713 1028 779 Flavius
1044 714 1114 779 sine
1130 738 1186 779 co-

110 810 194 872 mite
213 811 353 875 lionam
370 810 426 873 rix
446 810 599 900 perlugit.
623 813 710 877 Tum
731 812 866 877 demum
888 812 1006 879 deserti
1022 816 1186 881 Ciceronis

109 910 302 999 poenitentia
321 911 515 999 Pompeium
540 913 660 995 subiit,
687 914 872 996 dolentem,
894 916 937 979 ita
956 917 1018 981 sibi
1034 918 1186 983 cecidisse

110 1012 267 1099 nequitm
282 1012 412 1094 omnia,
429 1028 468 1077 ut
480 1014 580 1079 eliens
594 1014 695 1079 modo
707 1038 789 1081 snus
801 1016 952 1099 Clodius,
968 1018 1009 1083 ad
1025 1042 1059 1083 se
1073 1021 1184 1107 oppri-

108 1112 274 1177 mendum
287 1113 474 1179 tribunatus
484 1138 504 1179 a
514 1138 551 1179 ae
562 1116 704 1181 restituti
717 1116 840 1181 viribus
852 1118 1040 1185 abuteretur
1049 1144 1058 1201 ς
1066 1121 1186 1185 statim·

108 1234 180 1301 que
194 1214 291 1303 erupit
301 1214 477 1281 1333331111
496 1217 686 1283 Ciceronem
707 1218 828 1307 agitare
847 1220 1002 1285 consilia:
1018 1238 1131 1309 estque
1144 1246 1184 1287 eo

108 1336 165 1379 res
187 1312 362 1404 perducta,
384 1338 511 1404 quum,
526 1318 680 1383 atrociter
700 1335 903 1407 repugnante
925 1320 1062 1402 Clodio,
1075 1321 1184 1411 perlici

108 1416 196 1479 nihil
206 1432 335 1505 posset,
348 1433 389 1481 ut
397 1434 506 1483 tamen
516 1420 836 1485 senauueouaultum
847 1418 953 1501 lieret,
966 1440 1004 1487 ne
1012 1422 1184 1509 quidquam

101 1521 198 1607 pn‘m
206 1516 347 1607 poblite
360 1522 422 1599 ret,
439 1543 537 1609 piram
550 1519 591 1585 dc
605 1519 707 1586 ruditu
724 1519 895 1599 Ciceronis,
912 1520 1139 1587 decernentur.

155 1622 303 1687 cxxvt.
327 1622 381 1688 Ob
400 1644 453 1687 eus
471 1646 524 1687 res
543 1622 732 1711 quotidiana
750 1623 785 1687 in
804 1621 893 1686 Urbe
911 1623 1018 1709 praelia
1046 1622 1183 1704 fiebant,

108 1724 328 1811 Pompeium,
345 1724 589 1813 Gabiniumque
600 1725 789 1805 consulem,
802 1724 859 1811 qui
873 1746 935 1812 pro
949 1724 1104 1811 Pompeio
1117 1742 1182 1789 sta·

107 1825 187 1904 bat,
205 1823 388 1889 loerlissim‘u
405 1824 809 1913 conviciisproseindente
827 1824 962 1889 Clodio:
984 1824 1078 1889 multi
1098 1849 1184 1889 mor·

107 1925 191 1991 tales
201 1925 288 1990 inter
298 1948 352 1991 eas
367 1927 450 1991 rixas
464 1927 625 1991 verberati
639 1926 865 2015 vulneratique
878 1942 956 1989 sunt
967 1949 977 2007 3
989 1926 1090 1990 fasces
1101 1949 1181 1991 con-

106 2026 191 2089 sulis
201 2028 307 2109 fructi,
319 2028 407 2091 bona
417 2050 436 2091 a
447 2029 582 2093 tribuno
594 2045 791 2093 consecrata.
804 2030 923 2093 Contra
935 2029 972 2092 1..
985 2028 1181 2107 Mummius,

106 2126 274 2207 adjutusa
290 2129 421 2219 collegis
440 2145 583 2218 septem,
605 2130 776 2197 resistebat
790 2131 916 2197 acriter.
935 2131 997 2194 llio
1015 2130 1102 2194 enim
1125 2129 1180 2194 lta·

107 2227 216 2292 lendis
226 2228 327 2308 juniis
344 2230 387 2295 de
403 2230 512 2295 reditu
530 2232 695 2298 Ciceronis
716 2233 827 2297 retulit
845 2233 939 2321 (quar
955 2255 1005 2295 res
1025 2233 1179 2295 interces-

105 2331 203 2395 sione
225 2331 261 2395 P.
275 2330 352 2395 AElii
364 2332 491 2421 Liguris
506 2348 557 2396 est
569 2332 692 2397 sublata
704 2334 735 2419 ),
754 2350 786 2399 et
800 2333 888 2396 bona
901 2332 938 2396 Ρ.
954 2330 1077 2412 Clodii,
1094 2331 1182 2395 illius

106 2432 271 2520 exemplo,
284 2434 392 2498 Cereri
404 2434 613 2499 onumeravit.
628 2434 815 2523 Pompeius,
827 2433 894 2498 aire
909 2432 1180 2498 contumeliarum

106 2534 301 2621 impatiens,
317 2533 409 2622 quod
423 2557 443 2598 a
463 2533 628 2600 Clodianis
648 2536 684 2600 in
703 2533 812 2600 medio
835 2535 909 2598 foro
924 2557 1007 2622 saepe
1025 2533 1180 2598 conviciis

106 2635 326 2721 spurcissimis
338 2636 515 2725 exagitatus
526 2653 611 2717 erat,
626 2636 693 2700 siue
705 2653 798 2700 metu
808 2634 1017 2716 insidiarum,
1036 2651 1111 2722 post
1126 2635 1179 2700 de-

102 2735 306 2823 prehensum
324 2738 358 2800 in
380 2739 478 2801 turba
498 2759 573 2801 cum
592 2737 699 2826 gladio
721 2737 827 2802 Clodii
848 2759 994 2818 servum3
1016 2735 1176 2824 quamdiu

105 2839 173 2901 luit
186 2839 218 2900 in
234 2839 404 2904 tribunatu
418 2837 571 2920 Clodius,
584 2837 675 2903 domi
688 2861 756 2902 suae
767 2859 802 2902 se
814 2838 929 2902 tenuit.

152 2941 320 3005 cxxvlt.
343 2941 393 3004 lbi
416 2963 549 3027 quoque
572 2939 723 3006 obsessus
747 2954 795 3004 est
814 2939 855 3002 ab
875 2938 1010 3002 homine
1028 2935 1175 3022 audacis-

106 3042 211 3122 simo,
227 3041 347 3105 liberto
358 3041 482 3121 Clodii,
494 3041 673 3121 Damione,
686 3040 744 3127 qui
755 3055 787 3104 et
798 3041 834 3104 L.
845 3038 989 3102 Novium
1005 3037 1175 3100 tribunum

106 3142 212 3230 plebis
231 3145 319 3208 ferro
337 3143 528 3208 vulneravit.
549 3140 613 3207 Sed
636 3164 733 3210 neca
757 3143 882 3206 (133313
901 3136 1081 3202 vellicando
1102 3138 1176 3200 Clo-

106 3243 182 3307 dius
199 3243 385 3325 abstinens,
406 3244 492 3332 leges
505 3243 604 3310 lulius
621 3259 734 3306 contra
752 3240 893 3329 auspicia
907 3240 985 3304 latas
999 3239 1032 3301 in
1047 3237 1177 3302 concin-

108 3345 206 3410 nibus
228 3345 388 3426 jactabat,
414 3367 600 3432 quanquam
625 3345 660 3408 in
683 3343 734 3411 his
757 3359 842 3408 esset
864 3342 993 3406 Curiata
1015 3340 1089 3419 illa,
1112 3363 1175 3426 qua

105 3445 240 3533 adoptio
265 3445 371 3509 Clodii
394 3445 642 3525 continebatur3
670 3444 954 3532 inter-rogabatque
977 3441 1175 3529 productum

106 3548 140 3608 in
157 3547 275 3610 Rostra
290 3548 336 3612 M.
353 3547 522 3629 Bibulum,
536 3561 700 3624 utrumne,
714 3543 928 3631 legesserente
941 3543 1081 3621 cesare,
1099 3566 1177 3606 rem·
1289 3559 1292 3570 '

101 3647 221 3733 perde
241 3647 322 3712 coele
341 3651 517 3713 curasset?
532 3647 753 3736 interrogabat
772 3669 931 3736 augures,
953 3668 1026 3733 quar
1041 3647 1089 3708 ita
1107 3644 1177 3710 toea

139 3886 338 3951 senecio.
349 3885 380 3932 ad
395 3887 470 3934 Attio.
483 3887 535 3942 111,
549 3893 596 3943 ²43
607 3887 634 3932 in
650 3885 698 3931 Pis.
710 3902 732 3931 3.
748 3885 790 3940 11,
810 3895 834 3930 et
846 3899 894 3946 pro
908 3883 962 3930 Mil.
978 3899 1000 3928 3.
1018 3897 1029 3940 7
1044 3891 1068 3928 et
1085 3889 1127 3933 11.
1138 3905 1173 3919 -·

107 3969 362 4018 Aoeon.-·Vell.-
376 3969 491 4018 111133·-
504 3969 562 4018 Dio.
581 3995 616 4005 -
634 3960 1031 4031 §cxxv1.cic.in1²u.c.n;
1045 3977 1091 4028 pro
1105 3966 1172 4010 Sext.

107 4072 128 4102 c.
148 4055 196 4112 31,
218 4056 264 4112 323
281 4053 312 4101 de
329 4055 389 4102 ilar.
406 4055 481 4120 lurp.
498 4069 520 4101 e.
535 4059 585 4112 33,
599 4063 625 4101 et
640 4067 688 4116 pro
707 4052 800 4110 domo,
819 4067 840 4100 c.
859 4058 889 4108 17
910 4063 934 4098 et
954 4051 995 4106 111.
1017 4076 1049 4084 -
1068 4049 1132 4098 Plut.
1149 4047 1176 4096 in

106 4138 193 4206 Pomp.
205 4164 240 4176 -·
253 4137 311 4190 Dio.
