2875 4900
228 390 280 457 m
310 389 425 458 noc.
452 360 546 457 nia.
574 388 783 457 nxxxru
813 388 1028 457 alvum.
1100 414 1164 488 ιη

105 512 191 575 lutras
216 510 322 589 Sulla,
347 524 377 573 et
398 506 575 573 Frinbnirm
596 528 712 597 pesnas
731 507 884 572 &urum
907 509 1094 597 respondit3
1115 529 1164 594 et,

103 612 191 677 simul
204 616 240 676 in
255 614 368 676 Ast'am
385 611 569 700 trajecisset,
590 603 831 699 appariturum,
852 608 934 672 bello
950 632 994 672 au
1004 634 1089 699 poce
1103 613 1168 675 Mi·

103 715 249 779 tutum
270 736 348 803 opus
372 712 489 776 hebeat
505 736 517 775 .·
537 712 613 775 «cui
635 734 715 800 ego,
736 710 863 799 inquit,
881 711 909 773 si
926 711 1073 776 datram
1090 713 1167 777 reli·

104 817 280 904 nqnissem,
306 836 372 901 qna
396 830 447 877 tot
472 813 593 875 civium
620 832 834 875 romanorum
857 811 1020 877 interfecit
1047 814 1165 896 millia,

103 916 370 1004 «procubiturum
394 913 435 977 ad
463 934 570 1001 genua
594 934 666 977 mea
688 912 888 995 arbitrabar;
915 912 1038 977 nedum
1064 931 1103 978 ut
1126 914 1171 978 de

104 1018 358 1106 ·Papblagonia,
376 1014 419 1079 de
435 1014 573 1079 navibus
589 1028 718 1103 neget».
766 1045 769 1052 .

141 1118 232 1181 XIX.
249 1114 377 1205 Legatis
392 1114 433 1179 ad
448 1114 519 1179 bec
534 1113 854 1205 obmutescentibus,
867 1113 1034 1202 deprecari
1042 1116 1166 1180 Sullam

102 1216 274 1281 Archelaus
289 1216 402 1304 coepit,
416 1214 632 1302 dextramque
644 1214 813 1302 amplexus
825 1232 952 1303 petere,
966 1231 1005 1280 ut
1014 1239 1046 1279 se
1060 1217 1108 1279 ud
1122 1241 1167 1281 re·

97 1342 165 1406 gem
178 1314 345 1406 proficisci
354 1320 486 1396 smeret,
506 1317 619 1404 quibus
633 1316 767 1380 dedisset
782 1315 900 1404 legibus
916 1317 1089 1382 νείατιιηιιη
1097 1342 1164 1407 pu·

100 1441 163 1483 cem
171 1443 184 1498 ,·
201 1432 263 1481 aret
275 1420 304 1481 si
315 1418 377 1481 hoc
388 1419 552 1505 inpetrem
567 1420 766 1505 nequivisset,
783 1438 843 1481 sua
856 1422 1051 1507 semetimum
1063 1444 1163 1485 manu

100 1521 367 1607 mtmprnnm
380 1520 430 1583 Ita
438 1516 572 1581 dimisso
579 1518 756 1599 Archelao,
768 1517 1009 1605 expeditionem
1018 1521 1053 1585 in
1062 1520 1164 1585 Medi·

100 1642 167 1683 cam
184 1620 347 1707 (Thraciae
361 1619 453 1709 regio
472 1618 542 1705 est)
556 1620 757 1699 Sullalecit3
773 1640 876 1706 eaque
895 1621 958 1685 late
973 1638 1113 1703 vastata,
1130 1622 1165 1685 in

100 1720 324 1785 Macedoniam
342 1734 393 1783 est
404 1740 580 1807 regressus.
594 1716 690 1806 Apud
704 1717 873 1805 Philippos
887 1734 1037 1807 agentem
1045 1720 1167 1785 Arche·

100 1822 166 1887 laus
194 1820 370 1901 convenit,
395 1820 505 1883 omnia
527 1842 567 1885 ex
592 1820 692 1883 animi
715 1818 876 1882 sententia
903 1840 973 1881 esse
995 1818 1166 1902 dictitans,

100 1940 251 1987 ceterum
265 1922 466 2009 colloquium
481 1921 651 2001 ejusenise
665 1936 816 2008 expetere
830 1918 1053 1984 Mithridatem
1067 1944 1075 1984 ε
1092 1943 1166 1985 nam

100 2024 150 2087 ille
161 2022 339 2087 Fimbriam
350 2021 436 2086 bello
447 2022 606 2098 ferocem,
618 2022 719 2109 pactis
735 2020 874 2085 infidum
888 2037 1055 2101 metuens,
1072 2022 1167 2086 Sullae
1256 2056 1261 2070 ι

98 2124 271 2188 amicitiam
285 2124 427 2213 optabat.

20 2254 22 2311 2
140 2226 217 2289 XX.
236 2224 341 2312 Igitur
354 2224 458 2304 Sulla,
477 2246 536 2310 per
551 2224 719 2287 Thraciam
738 2221 780 2285 ad
797 2223 933 2310 Cypsela
952 2224 1095 2288 terrestri
1113 2225 1167 2288 iti·

20 2316 21 2369 Ὗ
99 2348 176 2391 nere
187 2348 344 2415 pergens,
358 2328 393 2389 L.
406 2324 580 2389 Lucullum
598 2346 674 2387 cum
691 2321 829 2386 navibus
843 2323 1018 2411 prestolari
1029 2323 1071 2387 ad
1079 2324 1169 2414 Aby·
1207 2392 1213 2408 Ι

20 2453 21 2464 ¹
97 2426 177 2490 dum
190 2427 299 2507 jussit.
316 2427 446 2514 Quippe
465 2424 640 2505 Lucullus,
665 2424 749 2488 cirea
764 2424 888 2489 Lecton
910 2424 1046 2490 Troadis
1067 2427 1165 2516 regiis

20 2553 21 2598 3
97 2527 254 2590 classibus
268 2527 378 2590 subito
392 2549 534 2590 occursu
550 2524 747 2613 profligatis,
762 2524 881 2588 deinde
890 2525 1109 2612 Neoptolemo
1123 2528 1165 2592 ad

96 2627 269 2692 Tenedum
293 2626 427 2716 fugato,
449 2626 585 2690 feliciter
607 2625 648 2689 ad
669 2626 792 2690 Sullam
813 2641 1046 2713 penetraverat.
1069 2627 1165 2692 Post·

96 2751 195 2816 qnam
217 2727 253 2790 in
272 2727 513 2792 Chersonesum
536 2727 695 2790 exercitus
717 2725 882 2813 pervenit,
899 2726 1036 2790 Lucullo
1055 2743 1163 2791 tutum

97 2830 272 2894 transitum
295 2845 328 2892 et
350 2851 447 2892 naves
470 2844 659 2916 prestante,
682 2827 725 2890 ad
739 2828 930 2892 Dardanum
944 2828 1080 2892 Troadis
1096 2831 1165 2892 Ro·

96 2953 215 2996 manus
229 2931 396 3018 processit.
406 2929 532 2993 Eodem
545 2946 579 2994 et
588 2928 793 2994 Mithridates
806 2952 882 2992 cum
896 2929 1034 2993 navibus
1045 2930 1167 2996 ducen-

95 3033 134 3094 tis
147 3031 298 3110 advenit,
312 3047 346 3094 et
356 3031 459 3119 gravis
474 3047 643 3096 armaturae
653 3031 768 3120 viginti
779 3031 939 3109 millibus,
956 3053 1011 3094 sex
1021 3032 1165 3096 millibus

95 3133 267 3219 equitum,
284 3153 469 3219 magnoque
484 3153 641 3195 curruum
658 3130 850 3194 falcatorum
865 3153 1015 3195 numero.

138 3231 234 3296 xxl.
248 3231 335 3296 Sulla
346 3230 489 3320 legiones
500 3245 658 3318 quatuor,
670 3232 797 3318 equites
807 3230 967 3295 ducentos
978 3231 1163 3300 adduxerat.

95 3333 214 3397 Paucis
224 3333 380 3418 utrinque
391 3332 582 3413 comitibus,
594 3332 629 3396 in
638 3347 818 3422 conspeetu
827 3349 935 3396 tamen
947 3336 1164 3418 exercituum,

95 3434 128 3496 in
146 3456 304 3522 campum
319 3433 484 3520 colloquio
497 3432 694 3498 destinatum
710 3433 913 3522 prodierunt.
930 3435 1025 3500 Prior
1034 3437 1165 3502 Mithri-

95 3534 201 3608 dates,
219 3557 324 3624 quum
337 3535 481 3598 venienti
500 3535 595 3598 Sullae
610 3557 787 3600 occurrens
802 3535 947 3601 dextram
966 3540 1163 3630 porrigeret,
1293 3581 1299 3594 .

97 3636 317 3725 interrogatus
332 3635 373 3700 ab
389 3635 446 3700 illo
458 3651 525 3717 est,
537 3639 740 3724 post'tuntsne
751 3659 845 3700 amm
856 3653 952 3718 esset,
967 3640 1080 3726 qrsibus
1090 3665 1166 3705 con·

95 3737 267 3802 ditionibus
279 3736 455 3802 Archelaus
461 3739 652 3825 pepigisset?
663 3737 798 3819 deinde,
812 3739 927 3804 silente
939 3761 1030 3828 rege,
1041 3743 1164 3828 «Atqui

97 3838 366 3927 «deprecantium
386 3853 450 3919 est,
474 3840 599 3926 inquit,
618 3839 821 3927 prioreloco
838 3840 965 3922 dicere3
985 3841 1164 3905 victoribus

98 3941 170 4004 ·vel
185 3957 292 4006 tacere
306 3939 383 4004 satis
399 3957 449 4004 est
460 3971 483 4003 s.
503 3939 554 4004 lbi
571 3939 794 4021 Mithridates,
818 3943 952 4030 repetita
972 3941 1072 4027 patris
1087 3964 1164 4005 sua·

133 4133 150 4199 S
163 4138 220 4184 XX.
232 4137 355 4186 Plutarch.
368 4138 394 4184 ln
404 4137 523 4193 Lucullo,
538 4153 591 4202 cap.
608 4153 632 4196 7,
644 4137 704 4185 etin
714 4138 794 4194 Sulla,
807 4153 861 4201 cap.
873 4145 916 4198 ⁴7·
927 4163 963 4174 -
974 4137 1080 4200 Appiae.
