2875 4900
277 342 351 448 iot
448 354 896 429 so.raa1usnsn11
931 353 1172 425 sarasan.

282 486 357 551 turi.
371 480 435 548 Sed
449 500 518 547 tum
532 482 628 545 etiarn
644 497 803 545 cessatum
816 498 865 545 est
875 502 892 542 a
902 479 1096 559 conjuratis,
1110 479 1185 567 quia
1196 479 1334 557 Catilina,

281 604 384 676 quum
396 584 545 649 nondum
555 580 742 671 frequentes
752 584 865 647 armati
875 581 1119 663 convenissent,
1132 582 1258 671 signum
1268 602 1337 669 pta·

242 726 247 745 ι
281 703 408 753 mature
429 685 572 751 dederat.
592 686 708 772 Neque
733 702 840 749 tamen
869 681 943 748 ideo
966 684 1096 773 spiritus
1121 686 1336 748 sceleratorum

281 789 518 870 conciderunt3
536 788 698 875 praecipua
717 788 845 851 Pisonis
865 786 1002 868 ferocia,
1023 784 1187 873 prioribus
1207 785 1337 849 consiliis

280 910 347 955 non
362 891 407 953 ita
417 888 659 955 dissimulanter
670 887 837 969 instantis,
851 903 889 975 ut
901 889 999 977 paulo
1010 886 1228 977 diligentiores
1241 886 1340 950 fallere

280 1004 400 1079 posset.

326 1094 432 1157 XXV.
450 1090 555 1179 Igitur
570 1110 675 1178 quum
691 1089 737 1154 M.
748 1090 865 1153 Cicero
880 1112 920 1153 ex
940 1105 1081 1177 praetura
1096 1089 1130 1151 iu
1149 1088 1338 1177 provinciam

280 1194 327 1258 irc
339 1193 458 1274 nollet,
473 1192 589 1255 Crasso
601 1192 787 1271 annitente,
799 1191 874 1255 Piso
886 1194 920 1254 in
935 1191 1123 1279 Hispaniam
1135 1206 1277 1278 quaestor
1287 1211 1340 1278 pro

280 1310 418 1383 praetore
432 1292 548 1357 missus
561 1308 626 1373 est3
642 1314 702 1355 nec
713 1292 817 1355 inrito
828 1306 959 1373 senam,
972 1290 1029 1379 qui
1043 1291 1233 1379 pestiferum
1246 1292 1340 1354 civem

280 1394 396 1482 procul
405 1394 494 1455 Urbe
508 1408 620 1456 tenere
632 1392 802 1481 cupiebat3
818 1408 851 1455 et
867 1393 944 1479 quia
952 1392 1099 1481 Pompeii
1115 1393 1261 1480 potentia
1271 1391 1341 1455 mul

281 1498 323 1560 tis
340 1511 408 1559 erat
423 1493 608 1576 formidini,
627 1494 721 1558 hunc
737 1497 805 1574 ejus
822 1493 991 1557 inimicum
1008 1493 1158 1581 cupidius
1178 1494 1339 1557 ornabant.

280 1598 367 1662 'lum
380 1616 512 1684 quoquc
522 1619 598 1659 cum
610 1618 650 1659 eo
664 1596 865 1683 conspirasse
877 1598 1052 1675 Caesarem,
1068 1611 1217 1659 auctores
1230 1596 1340 1671 habeo,

280 1715 321 1763 ut
335 1699 414 1763 foris
426 1698 520 1780 Piso,
536 1699 641 1762 Caesar
652 1700 782 1779 llomae,
799 1696 841 1761 ad
852 1720 903 1762 res
919 1720 1019 1762 noras
1033 1688 1277 1787 consurgerent.
1286 1694 1340 1760 Sed

282 1800 315 1863 id
339 1797 511 1864 consilium
533 1799 702 1887 inopinata
729 1821 817 1863 mors
837 1800 966 1863 Pisonis
987 1797 1169 1887 dissipavit,
1194 1820 1293 1887 quem
1312 1798 1340 1859 in

281 1903 395 1967 itinere
410 1902 546 1989 Hispani
559 1900 691 1987 quidam
708 1902 833 1989 equites
850 1917 1068 1989 peremerunt.
1084 1900 1129 1963 Ea
1144 1899 1186 1963 de
1200 1919 1236 1964 re
1249 1900 1343 1965 diver

281 2026 336 2067 sus
362 2004 395 2065 in
421 2004 547 2066 civitate
569 2024 684 2065 rumor
706 2003 853 2066 exstitit:
873 2002 1039 2090 plerique,
1061 2016 1199 2089 propter
1220 2000 1342 2081 injurias

280 2103 428 2191 proprias
446 2102 480 2166 id
496 2102 621 2166 facinus
636 2124 732 2166 ausos
744 2104 925 2191 Hispanos,
940 2103 1118 2192 putabant3
1138 2101 1212 2184 alii,
1226 2104 1342 2191 equites

282 2204 354 2266 illos
371 2226 389 2267 c
406 2202 570 2267 veteribus
593 2201 732 2289 fidisque
748 2204 922 2268 clientibus
939 2205 1085 2294 Pompeii
1104 2204 1221 2295 luisse,
1238 2226 1342 2294 argue·

280 2304 379 2385 bant3
395 2326 502 2391 neque
514 2303 575 2367 tale
592 2304 717 2367 facinus
732 2326 880 2392 unquam
894 2320 988 2367 antea
1001 2318 1163 2392 patratum
1180 2304 1270 2394 apud
1281 2325 1342 2366 eam

281 2422 431 2496 gentem,
449 2426 529 2470 saeva
546 2420 579 2470 et
595 2404 714 2486 injusta
731 2405 866 2494 imperia
883 2405 986 2469 multa
1003 2426 1200 2496 perpessam.
1310 2486 1313 2492 Ι

327 2507 444 2573 XXVI.
472 2508 563 2571 Inter
589 2507 647 2571 has
677 2506 912 2571 sollicitudines
938 2509 1066 2572 anxiam
1092 2507 1256 2572 civitatem
1280 2505 1343 2570 reli·
1394 2542 1395 2547 κ

282 2609 395 2698 giones
418 2609 532 2689 etiam,
560 2623 593 2670 et
612 2608 823 2696 haruspicum
846 2609 953 2697 gravia
976 2631 1131 2698 responsa
1152 2622 1343 2673 termerant.

283 2709 420 2773 'l'actum
440 2707 578 2773 fulmine
595 2708 793 2796 Capitolium
810 2709 934 2790 fuerat,
955 2710 1139 2797 complures
1153 2723 1262 2774 turres
1280 2731 1345 2798 per

283 2831 399 2890 cussae,
424 2809 499 2898 lupa
522 2808 675 2898 gemellos
699 2808 820 2871 lactans
843 2809 922 2891 icta,
946 2809 1144 2898 signumque
1164 2811 1255 2876 loris
1276 2831 1343 2875 cunr

283 2912 454 2992 columna,
477 2927 509 2974 et
531 2925 635 2974 statua
645 2925 744 2996 ¹retus
761 2909 881 2972 Pinarii
896 2911 1001 2974 Nattoe
1023 2910 1163 2996 dejecta,
1189 2930 1224 2977 et
1243 2913 1343 3001 legum

283 3035 344 3075 aera
362 3013 533 3098 liquefacta
555 3035 561 3077 :
582 3010 690 3075 dehis
713 3011 855 3074 consulti
870 3011 1076 3100 haruspices,
1099 3034 1205 3100 quum
1224 3038 1263 3078 ex
1285 3029 1344 3078 tote

283 3115 413 3178 Etruria
431 3113 676 3195 convenissent,
690 3113 836 3176 incendia
856 3113 1058 3202 templorum,
1072 3117 1234 3179 Meritum
1247 3116 1345 3203 legum

282 3227 313 3275 et
329 3217 451 3302 inperii
467 3216 736 3302 appropinquate,
758 3210 930 3298 dixerunt3
948 3215 1041 3304 idque
1047 3215 1229 3304 perictdum
1245 3238 1266 3281 a
1282 3216 1346 3280 citi-

282 3315 352 3395 bus,
368 3317 466 3403 iisque
482 3315 586 3378 nobili
598 3317 692 3404 stirpe
702 3318 887 3404 praegnatis,
904 3319 1070 3382 tirtmtioerc.
1083 3319 1200 3405 Itaque
1211 3317 1282 3383 ludi
1294 3339 1346 3407 per

282 3415 351 3479 dies
361 3415 490 3499 decem,
501 3417 627 3505 aliaque
637 3416 802 3506 placandis
816 3419 1007 3482 numinibus
1018 3421 1109 3483 facta.
1122 3420 1261 3509 Signum
1273 3441 1346 3508 quo-

283 3541 346 3606 que
365 3519 452 3583 lovis
467 3521 570 3600 majus
590 3518 795 3599 faciendum,
809 3534 842 3582 et
858 3520 890 3583 in
906 3521 1034 3586 excelso
1046 3520 1293 3606 collocandum,
1306 3521 1344 3583 ita

283 3637 321 3684 ut
338 3621 379 3684 ad
398 3621 556 3685 orientem
572 3637 719 3709 spectans
739 3619 833 3708 (nam
848 3621 938 3708 prius
956 3637 1069 3684 contra
1082 3621 1208 3708 fuerat)
1228 3623 1344 3686 lomet

282 3723 378 3785 curiae
396 3721 636 3802 obverteretur‚
654 3722 804 3784 consules
826 3722 1024 3786 locaverunt.
1039 3720 1091 3785 Sic
1107 3723 1189 3786 enin
1196 3722 1295 3810 fhre,
1315 3734 1346 3785 ut

315 3959 444 4023 §HN
457 3957 554 4007 Sallust.
575 3985 610 3996 —-
628 3959 686 4006 Dio.
706 3984 741 3994 --
757 3958 809 4007 Cic.
827 3975 875 4025 pro
893 3961 1015 4017 Murem,
1035 3975 1091 4024 cap.
1106 3959 1147 4007 38.
1165 3987 1201 3996 -
1216 3955 1343 4008 Asconio

280 4045 343 4106 Tog.
355 4039 460 4091 Caudid.
483 4069 518 4078 —
539 4039 555 4106 S
577 4041 661 4090 XXV.
675 4042 728 4092 Cic.
749 4059 796 4106 pro
816 4044 942 4102 Muscas,
961 4060 1014 4108 cap.
1030 4059 1073 4092 ao.
1096 4070 1132 4080 -
1154 4041 1253 4092 Sallust.
1273 4055 1297 4091 et
1312 4038 1342 4088 ibi

280 4125 411 4189 Inscriptio
421 4135 493 4174 vetus
502 4124 526 4172 in
540 4135 592 4174 not.
604 4123 670 4189 apud
680 4127 697 4172 J
699 4159 705 4172 .
714 4127 808 4173 Watac.
821 4154 857 4163 --
866 4127 924 4175 Dio.
934 4154 969 4165 —
979 4129 1080 4176 Saeton.
1094 4154 1129 4165 -
1141 4129 1233 4174 Ascou.
