2875 4900
152 466 156 471 ·
257 455 777 524 utrocunxcvtn
809 455 1025 526 trvmm.
1109 410 1243 554 339.

150 574 205 639 IX.
222 574 339 656 «Quid
352 597 586 638 annaromana
598 575 740 658 valeant,
757 576 784 639 si
798 575 937 664 Magnus
952 597 1059 663 nuper
1068 576 1183 640 Antio·

111 677 226 759 «chus,
244 692 279 741 et
290 677 411 767 Magna
429 678 590 768 Carthago
607 699 724 766 parum
744 676 877 766 grandia
893 692 951 740 aut
967 677 1110 741 recentia
1126 675 1182 741 do-

111 794 280 843 ·cumenta
291 795 387 861 sunt,
401 777 606 844 Mithridates
618 777 737 843 docere
748 779 879 867 potuit,
889 777 946 866 qui
959 778 1071 866 etipse
1082 779 1181 868 vulgo

111 909 124 934 a
128 881 189 959 jam
206 895 348 970 coeperat
366 881 508 970 Magnus
522 879 673 962 vocitari,
692 895 849 945 ettamen
868 879 921 944 ille
938 880 972 944 in
985 903 1022 944 ea
1034 897 1182 968 tempora

112 980 241 1045 «incidit
252 1031 261 1064 ,
274 981 396 1069 quibus
407 1003 498 1045 arma
509 981 614 1046 civilia
625 1029 635 1064 ,
646 997 703 1046 aut
714 981 863 1062 socialia,
877 999 934 1047 aut
946 983 1069 1046 servilia
1086 981 1181 1046 deni·

112 1106 207 1169 ·que,
219 1084 305 1147 vires
321 1083 450 1173 imperii
466 1084 571 1148 nostri
590 1082 706 1148 divisas
717 1099 816 1170 atque
832 1082 993 1148 districtas
1005 1083 1179 1148 tenebant:
1288 1096 1290 1108 '

112 1206 217 1248 ·nunc
238 1185 393 1248 intestina
412 1185 494 1248 bella
517 1185 648 1273 penitus
674 1185 886 1272 quieverunt3
909 1186 1018 1248 nullus
1042 1207 1180 1272 usquam

111 1286 288 1350 «Sertorius
305 1303 372 1370 est,
387 1287 497 1350 nullus
508 1286 700 1375 Spartacus,
713 1287 771 1373 qui
781 1286 898 1350 afferre
908 1285 1178 1376 impedimentum
1227 1349 1233 1356 .

110 1404 261 1475 *queant,
274 1411 335 1470 ne,
349 1387 440 1477 quod
456 1387 584 1452 senatui
595 1388 786 1477 populoque
798 1409 936 1451 romano
946 1387 1053 1452 visum
1066 1387 1179 1470 fuerit,

111 1488 258 1574 ·paribus
271 1489 388 1553 animis
399 1489 590 1578 viribusque
602 1509 829 1576 exsequamur.
842 1517 855 1544 n

149 1589 189 1652 X.
208 1589 396 1672 Notarunt,
411 1591 469 1679 qui
479 1589 689 1673 adstiterunt,
701 1589 763 1653 hac
771 1589 900 1670 juvenis
911 1589 1045 1655 audacia
1058 1607 1178 1657 tactum

110 1687 289 1774 hominem,
310 1693 367 1779 qui
385 1707 436 1756 tot
451 1691 493 1756 ab
510 1692 606 1756 anule
623 1692 759 1755 liberam
775 1714 889 1756 vocem
907 1691 1029 1756 nullam
1046 1693 1180 1759 audive-
1221 1741 1223 1748 ι

111 1804 170 1872 rat,
181 1813 249 1855 non
260 1793 407 1858 tenuisse
417 1794 545 1876 vultus,
562 1816 660 1882 quern
678 1792 844 1874 induerat,
858 1793 1089 1881 aequalitatem,
1104 1795 1179 1877 sed,

111 1911 291 1982 quanquam
317 1917 469 1958 serenum
487 1894 719 1984 placidumque
741 1894 898 1985 lingeret,
921 1896 1178 1961 commotionem

110 1992 203 2057 animi
220 1993 416 2084 prodidisse.
439 1994 644 2084 Respondit,
662 1997 723 2061 sibi
735 2019 859 2086 quoque
873 2021 939 2061 non
957 1999 1100 2083 ignotam
1113 1998 1179 2061 Mi·
1210 2055 1217 2063 .

111 2096 452 2188 tbtdatt'sprcvitatcm
463 2123 527 2164 essc
533 2147 544 2179 ,
560 2099 617 2164 sed
631 2100 888 2164 necessitudinem
899 2099 1046 2179 revereri,
1059 2111 1181 2162 etcom-
1253 2175 1255 2182 Ι

112 2219 198 2262 mune
209 2199 302 2292 apud
313 2221 420 2266 ontttes
437 2199 576 2264 homines
596 2202 815 2290 opprobrium,
831 2205 861 2264 si
869 2222 1010 2264 socerum
1027 2221 1119 2264 suum
1133 2203 1182 2264 ad

111 2302 235 2365 atium
248 2301 428 2366 dedidisset.
442 2302 481 2365 In
496 2300 645 2366 eamdem
666 2302 862 2366 sententiam
881 2317 914 2366 et
929 2299 1036 2365 literas
1054 2299 1095 2365 ad
1111 2302 1178 2365 Lu·

112 2401 225 2467 collum
248 2401 361 2486 dedit,
384 2403 419 2467 in
442 2403 562 2491 quibus
581 2401 787 2491 imperatoris
808 2403 925 2468 omissa
943 2400 1178 2491 appellatione,

42 2569 43 2572 Ἴ
112 2498 189 2568 banc
210 2528 341 2571 causam
363 2505 466 2569 bomo
483 2527 596 2570 vecors
612 2505 737 2581 attulit,
758 2503 850 2594 quod
867 2528 902 2570 se
918 2525 1052 2592 quoque
1067 2525 1177 2593 regem

42 2595 43 2602 ἵ
114 2624 217 2693 regum
234 2606 397 2697 appellare
416 2608 584 2671 Romanus
603 2606 806 2697 neglexisset.

152 2706 207 2773 XI.
228 2708 321 2773 Misit
337 2724 446 2772 tamen
462 2709 565 2772 multa
579 2724 612 2771 et
629 2706 799 2797 splendida
811 2705 898 2770 dona
911 2706 1035 2795 Appio,
1052 2722 1104 2782 et,
1120 2706 1177 2769 illo

115 2822 292 2891 recusante,
311 2808 405 2897 plura
426 2809 522 2872 etiam
539 2822 573 2873 et
589 2808 778 2896 pulchriora
796 2806 931 2887 adjecit:
945 2808 1094 2895 equibus
1110 2808 1177 2893 Ap·

115 2903 196 2988 pius,
212 2931 254 2972 ne
271 2908 367 2997 quasi
382 2910 534 2997 professis
548 2908 631 2984 odiis
642 2908 823 2999 superbum
836 2926 870 2973 et
885 2924 1052 2996 potentem
1067 2930 1176 2997 regem

116 3002 260 3093 irritaret,
272 3032 342 3075 una
353 3010 459 3100 phiala
467 3026 615 3099 accepta,
627 3026 742 3075 caetera
753 3010 893 3091 remisit,
905 3009 1067 3097 celerique
1079 3029 1177 3073 cursu

116 3105 152 3169 ad
165 3110 395 3201 imperatorem
412 3134 510 3177 suurn
522 3128 573 3177 est
585 3130 745 3177 revectus.
766 3112 852 3175 Toto
869 3112 924 3176 illo
941 3129 1088 3199 tempore
1099 3133 1176 3174 cum

117 3204 305 3279 Heracleotis
321 3215 490 3303 negotium
505 3216 551 3279 Μ.
563 3216 668 3279 Cottae
679 3215 803 3297 tuerat,
820 3215 912 3303 isque
923 3215 1043 3279 iterum
1055 3230 1178 3279 tentata

117 3306 305 3405 improspere
328 3318 593 3406 oppugnatione,
609 3316 773 3381 Triarium
796 3316 986 3398 advocavit,
1006 3316 1047 3382 ad
1060 3316 1177 3406 probi·
1227 3306 1229 3309 ⁵

117 3406 231 3479 bendos
247 3434 466 3499 commeatus,
483 3417 541 3504 qui
554 3418 694 3483 obsessis
706 3418 787 3482 man'
799 3415 1075 3484 subvehebantur.
1089 3418 1178 3483 Tria·
1247 3499 1250 3513 Ι

118 3510 177 3575 n'us
194 3537 268 3581 cum
292 3518 361 3583 suis
378 3519 483 3584 tribus
502 3536 535 3584 et
555 3521 670 3609 viginti
686 3520 888 3601 triremibus,
903 3521 1016 3611 viginti
1034 3521 1177 3605 rhodiis,

118 3630 210 3694 quum
227 3620 330 3683 Cotte
349 3619 570 3685 nuntiandum
587 3620 785 3705 curavisset,
802 3644 868 3711 qua
886 3620 938 3687 die
954 3639 1038 3688 esset
1052 3624 1176 3688 alintu-

118 3730 184 3795 tus,
204 3718 237 3781 in
253 3719 342 3785 idern
361 3736 490 3811 tempus
507 3745 604 3787 suurn
620 3724 798 3789 exercitum
815 3726 938 3813 prlrarit
955 3726 1072 3807 Cotta3
1092 3725 1176 3789 acci·

119 3807 239 3901 ditque,
254 3835 292 3884 ut
304 3820 403 3886 simul
413 3838 497 3886 terra
507 3825 664 3906 Romani,
676 3826 774 3890 simul
787 3827 923 3891 navibus
935 3825 976 3891 ad
988 3826 1175 3891 Heracleam

42 4017 43 4030 χ
119 3915 304 3986 accederent.
327 3924 547 4008 Heracleote,
569 3949 604 3990 re
626 3926 843 4016 inexspectata
867 3927 1047 4017 perterriti,
1067 3942 1175 3991 tamen

150 4150 164 4213 l
182 4156 212 4205 ι.
230 4161 352 4213 cruores.
370 4190 405 4203 -
422 4166 551 4218 memnon.
565 4167 717 4233 -appna
