2875 4900
273 333 338 405 136
442 336 507 405 JO.
534 336 871 406 FREINSHEMII
903 336 1148 409 SUPPLEM.

124 512 128 535 ,
264 478 336 543 quae
348 454 410 519 sub
421 456 562 521 Fimbria
573 456 717 538 fuerant,
730 458 764 520 in
778 458 853 522 Asia
864 458 995 540 relicto,
1006 481 1083 523 cunr
1094 459 1216 523 coeteris
1227 462 1331 547 mpiis

264 555 453 621 conscendit
468 578 581 647 naves,
599 558 763 645 tertioque
775 558 847 641 die,
863 582 962 647 quam
975 559 1017 625 ab
1030 560 1161 649 Epheso
1174 561 1329 644 solverat,

265 655 422 721 Piraeum
443 656 624 745 applicavit.
643 657 806 747 Mysteriis
825 659 945 725 deinde
963 661 1209 725 Atheniensium
1223 662 1332 727 initia·

236 780 240 785 ·
264 757 559 846 tus,Apellicontis
574 758 645 823 Teii
665 759 896 825 bibliothecam
915 763 1037 852 requiri
1053 763 1169 845 jussit,
1190 765 1330 827 Romam

263 857 504 945 deportaturus.
518 859 550 923 Is
561 859 647 923 inter
657 858 827 927 familiares
841 863 1012 929 aristionis
1026 866 1148 947 fuerat,
1163 864 1332 953 missuque

265 959 394 1047 tyranni
407 959 547 1041 Delum,
564 962 722 1049 spoliandi
738 964 805 1028 fani
822 987 935 1046 musa,
953 966 1137 1055 navigant:
1155 964 1201 1029 ob
1216 965 1286 1029 lraec
1298 982 1333 1029 et

264 1061 335 1124 talia
349 1059 445 1123 bonis
459 1060 529 1141 ejus
542 1061 728 1150 publicatis,
743 1063 849 1145 Sulla,
866 1080 905 1127 ut
914 1080 983 1128 erat
995 1063 1204 1129 doctissimus
1213 1080 1247 1129 et
1258 1080 1331 1129 stu·

263 1160 394 1225 diorum
404 1182 532 1243 amans,
548 1162 649 1227 libros
660 1164 803 1252 excepit,
819 1157 903 1254 quos
918 1165 1083 1252 Apellioon
1094 1187 1214 1253 magno
1224 1165 1333 1253 pretio

262 1262 381 1351 passim
391 1278 570 1344 coemerat,
581 1263 756 1328 illustrium
766 1282 939 1330 auctorum
949 1287 1063 1354 opera,
1073 1264 1222 1354 quaedam
1233 1267 1332 1330 etiam

265 1362 409 1451 ipsorum
425 1364 543 1452 scripta
558 1386 669 1429 manu.

309 1464 423 1530 XLlV.
445 1464 535 1529 Inter
546 1465 607 1529 lros
619 1480 652 1530 et
664 1465 849 1531 aristotelici
861 1466 936 1529 libri
949 1466 1099 1547 fuerunt,
1114 1486 1255 1552 quorum
1267 1467 1334 1529 fata

264 1564 308 1628 ob
325 1551 543 1631 celebritatem
558 1567 717 1648 nominis,
735 1584 769 1631 et
783 1566 861 1655 quia
873 1588 926 1631 res
941 1566 983 1630 ad
1000 1566 1185 1630 cautionem
1202 1565 1333 1631 studio-

262 1686 374 1729 sorum
390 1667 550 1753 partinet,
567 1689 634 1731 non
652 1666 784 1731 taedebit
803 1689 975 1754 exponere.
996 1667 1185 1731 Aristoteles
1206 1667 1333 1755 primus

262 1766 347 1829 inter
362 1766 509 1848 Grecos,
525 1782 687 1855 quantum
703 1764 841 1849 scimus,
851 1766 1122 1831 bibliothecarum
1134 1765 1334 1854 colligenda·

261 1890 336 1957 rurn
347 1882 477 1951 auctor,
488 1867 713 1956 Theophrasto
727 1868 871 1931 scholam
883 1865 981 1931 simul
991 1888 1083 1929 suam
1097 1866 1265 1955 librosque
1275 1864 1335 1928 de-

262 1967 380 2033 cedens
396 1967 578 2054 transdidit.
595 1969 821 2057 Theophrasto
836 1970 958 2034 Neleus
975 1970 1125 2056 Scepsius
1140 1969 1204 2031 fuit
1216 1968 1333 2048 heres;

263 2091 283 2131 a
297 2090 364 2155 quo
381 2068 510 2157 Scepsio
529 2068 672 2133 translati
686 2084 797 2156 postea
812 2068 854 2133 ad
870 2069 1020 2133 homines
1036 2066 1333 2133 indoctos-studio·

264 2190 406 2257 rumque
419 2168 517 2235 rudes
528 2185 764 2258 pervenerunt,
777 2169 863 2258 apud
874 2169 936 2234 hos
947 2185 1012 2233 tarn
1024 2168 1177 2257 indignos
1185 2167 1334 2255 hospites

264 2268 323 2333 diu
335 2271 397 2334 sub
412 2269 554 2335 clavibus
568 2270 643 2335 satis
658 2271 823 2337 incuriose
834 2271 1000 2352 asservati,
1010 2268 1146 2349 deinde,
1158 2290 1263 2356 quum
1274 2268 1337 2331 At·

266 2372 439 2435 tnlicorum
458 2393 570 2460 regum
594 2370 710 2435 studiis
732 2392 830 2460 opera
854 2370 1031 2435 celebrium
1053 2368 1249 2457 scriptorum
1267 2390 1336 2429 un·

264 2469 364 2558 dique
383 2473 671 2560 conquirerentur‚
695 2472 737 2536 ab
758 2473 876 2560 ineptis
892 2471 1133 2560 possessoribus
1153 2470 1188 2532 in
1211 2470 1334 2534 fossam

265 2570 439 2658 quamdam
452 2571 694 2638 subterraneam
710 2589 788 2638 sunt
804 2572 927 2654 abditi3
946 2571 1052 2636 donec
1070 2593 1126 2635 eos
1137 2570 1245 2658 longis
1259 2585 1340 2657 post

264 2672 467 2760 temporibus
479 2673 610 2740 illorum
621 2695 823 2739 successores
836 2673 1031 2762 Apelliconti
1044 2671 1125 2736 Teio
1139 2691 1258 2760 magna
1272 2693 1336 2758 pe-

264 2772 360 2837 cunia
373 2771 604 2838 vendiderunt.
957 2799 961 2806 ·

306 2873 404 2940 XLV.
422 2873 500 2937 Erat
516 2873 676 2937 librorum
693 2873 813 2962 magis,
830 2895 929 2960 quam
942 2871 1153 2953 eruditionis,
1164 2869 1334 2935 studiosus

264 2974 444 3061 Apellicon3
456 2989 563 3040 tamen
571 3021 580 3055 ,
589 2972 679 3062 quod
688 2974 823 3038 solenne
831 2989 879 3038 est
887 2974 1004 3038 talibus
1012 2973 1165 3062 ingeniis,
1175 2971 1278 3037 doctri
1283 2995 1336 3036 noe

261 3075 448 3162 opinionem
467 3075 648 3140 affectabat.
671 3075 779 3164 lgitur
794 3074 914 3161 scripta
929 3073 1111 3139 Aristotelis
1126 3071 1247 3152 edidit,
1263 3089 1334 3135 tam

157 3162 163 3180 ⁶
261 3175 415 3265 ambiguo
431 3173 608 3257 beneficio,
622 3192 661 3240 ut
674 3175 729 3241 vix
743 3174 912 3254 dijudicari
923 3174 1044 3262 possit,
1059 3174 1204 3238 satiusne
1215 3172 1335 3255 hrerit,

261 3274 397 3338 omnino
413 3276 533 3362 perisse
550 3275 727 3340 acutissimi
740 3276 802 3339 riri
816 3275 960 3357 labores,
975 3297 1017 3338 an
1034 3274 1246 3362 interpolatos
1258 3273 1334 3338 talis

260 3374 403 3439 hominis
416 3376 566 3457 audacia,
580 3377 642 3440 sub
654 3377 898 3464 praescriptione
909 3375 992 3439 tanti
1006 3374 1148 3438 nominis
1161 3373 1242 3462 legi:
1255 3395 1336 3438 nam

261 3475 314 3538 ille
331 3475 396 3539 situ
412 3492 581 3564 corrupta,
599 3493 656 3540 aut
674 3498 693 3541 a
711 3478 808 3542 tineis
823 3499 916 3542 erosa
931 3476 1121 3541 temerarius
1140 3473 1338 3540 emendator

259 3573 497 3663 quoquomodo
514 3578 735 3664 suppleverat3
753 3576 873 3642 deinde
887 3578 924 3640 in
936 3577 1016 3642 alios
1032 3575 1161 3641 codices
1175 3591 1241 3640 tam
1255 3598 1337 3657 sua,

258 3699 357 3764 quarn
379 3676 559 3742 Aristotelis
581 3678 700 3760 verba,
722 3679 938 3768 inexplicabili
955 3700 1065 3743 errore
1081 3676 1335 3741 transcribenda

256 3791 432 3840 curaverat.
449 3776 639 3841 Plus'etiam
656 3791 769 3867 postea
789 3779 892 3859 uitiati
911 3780 954 3843 ab
977 3779 1230 3867 exscriptoribus
1253 3777 1335 3842 libri

290 3985 306 4048 5
320 3985 412 4034 xml.
424 3984 548 4034 Plutarch
560 3986 587 4034 in
598 3987 673 4038 sotto
693 4013 728 4024 -·
745 3987 863 4038 Posiden.
875 3986 943 4053 apat
955 3986 1046 4038 aneu
1054 3987 1087 4044 V.
1100 3993 1142 4042 rt.
1156 4013 1192 4024 -
1204 3984 1222 4050 S
1237 3985 1334 4036 ure.

262 4067 341 4117 strab.
351 4067 394 4116 lib.
408 4067 485 4126 1111,
498 4085 524 4132 p.
534 4069 594 4130 609.
