2875 4900
306 393 362 462 IN
392 393 505 461 LOC.
531 394 626 461 LIB.
654 392 719 460 CV
751 390 963 460 LIVIANI.
1097 386 1166 460 553

108 517 164 579 Cn.
190 515 337 603 Pompeii
353 513 534 601 potentiam
561 528 748 593 accusaret,
775 513 945 577 universus
971 512 1002 576 ei
1025 513 1167 601 populus
1195 580 1206 595 ,

108 617 185 680 clara
205 638 285 680 voce
309 636 458 679 assensus
483 631 541 679 est.
565 617 673 701 Atque
694 615 767 695 ille,
793 615 1015 693 succlamare,
1038 613 1166 700 inquit,

108 719 286 801 «Quirites,
301 719 491 798 acclamate,
510 716 591 781 dum
607 716 700 798 licet3
719 736 798 780 mox
811 716 898 779 enim
912 717 1046 803 impunc
1062 715 1167 778 l'acere

108 839 191 882 «non
217 818 364 883 licebit».
388 818 446 881 llis
461 817 557 898 actis,
579 838 684 904 quum
705 817 825 881 reversi
844 817 878 880 in
899 816 1022 881 curiam
1040 831 1166 890 essent,

108 920 140 983 P.
159 918 309 1001 Clodius,
330 934 456 983 serrato
473 919 613 1000 vestitu,
629 919 665 981 in
682 916 874 982 concionem
891 916 1003 1005 populi
1017 936 1166 1003 progres-

108 1040 175 1103 sus,
187 1022 355 1085 consulem
367 1037 400 1085 et
412 1035 544 1084 eeteros
557 1018 712 1084 acerrime
723 1022 897 1083 insectatus
907 1033 972 1099 est3
986 1040 1062 1081 cum
1074 1018 1168 1080 Pom·

107 1123 176 1207 peio
195 1122 330 1213 gmtiam
351 1122 593 1209 redintegrans,
613 1120 706 1201 cujus
728 1120 847 1184 auxilio
870 1119 1063 1208 legationem
1086 1118 1168 1181 libe·

107 1246 190 1306 ram,
208 1246 308 1313 quarn
324 1223 492 1312 captabat,
511 1244 546 1288 se
561 1222 713 1287 credebat
729 1223 855 1311 assequi
869 1244 973 1310 posse.

147 1326 184 1389 V.
208 1328 323 1409 Quum
345 1348 416 1389 earn
435 1346 505 1388 rem
525 1325 719 1411 permoleste
742 1340 872 1387 senatus
892 1325 1007 1403 ferret,
1028 1320 1168 1409 abrupto

107 1446 251 1491 sermone
268 1426 409 1515 perrexit
423 1426 458 1489 in
476 1426 600 1489 mariam
615 1424 769 1506 Clodius,
789 1440 827 1489 ut
843 1426 890 1488 ibi
905 1448 1039 1512 quoque
1055 1423 1168 1488 adver·

108 1526 190 1591 sariis
204 1526 451 1592 conviciaretur.
465 1524 530 1590 Sed
542 1527 691 1613 repulsus
704 1550 724 1591 a
737 1526 932 1614 quibusdam
946 1526 1169 1601 senatoribus,

107 1628 225 1693 cinctus
241 1630 283 1693 ab
299 1630 448 1715 equitum
466 1628 584 1717 globo,
599 1628 735 1717 perisset
749 1628 834 1692 inter
849 1648 984 1708 manus,
1000 1627 1062 1690 nisi
1076 1627 1167 1714 plebs

107 1730 259 1817 appellata
281 1751 357 1795 cnm
376 1730 500 1794 lacibus
516 1730 726 1812 accurrisset,
745 1729 934 1795 incendium
957 1730 1054 1793 curiae
1070 1729 1168 1792 mini·

107 1844 192 1913 tans,
210 1831 237 1895 si
261 1831 342 1919 quid
359 1831 506 1895 acerbius
521 1830 636 1896 Clodio
654 1830 831 1896 accidisset.
850 1830 896 1895 Ea
910 1831 958 1895 vis
972 1847 1005 1894 et
1017 1838 1169 1895 tum'ser-

106 1932 185 1996 ravit
204 1931 381 2013 Clodium,
403 1948 437 1996 et
460 1947 609 1996 senatum
633 1931 674 1996 ad
698 1950 851 1997 caeterum
875 1948 1037 1996 certamen
1061 1932 1168 1995 effecit

108 2033 294 2099 molliorem.
311 2033 469 2121 Pompeio
485 2050 597 2120 postea
613 2056 680 2097 non
695 2033 826 2098 difficile
841 2033 921 2114 fuit,
934 2034 1046 2096 venire
1060 2032 1094 2095 in
1110 2054 1168 2095 cu·

107 2132 198 2215 nam,
220 2150 257 2199 et
275 2133 545 2216 decernentibus,
562 2156 635 2222 quaa
655 2136 756 2200 nollet
775 2135 859 2224 ipse,
881 2134 1039 2199 resistere.
1064 2134 1168 2195 Unica

107 2254 172 2319 spes
195 2235 386 2300 Marcellino
410 2236 557 2317 suberat,
578 2235 667 2323 quod
688 2258 816 2325 semper
835 2236 964 2300 vultum
983 2256 1020 2299 ac
1043 2254 1168 2299 sermo·

109 2354 176 2397 nem
187 2336 228 2400 ad
239 2336 436 2401 modestiam
448 2356 645 2425 componere
655 2337 831 2425 Pompeius
841 2336 1025 2418 studuerat,
1039 2336 1167 2413 fronte,

108 2455 198 2522 quam
209 2453 322 2503 mente
331 2438 563 2520 verecundior,
581 2439 749 2522 futurum,
763 2456 801 2504 ut
812 2438 1028 2528 interrogatus
1039 2436 1169 2528 publice

107 2557 212 2602 verene
222 2539 422 2605 comelantum
425 2554 532 2629 petere
542 2544 747 2606 constituisset
752 2590 762 2622 ,
777 2562 845 2608 non
860 2539 996 2605 auderet
1008 2537 1166 2606 confiteri.

108 2636 165 2702 Sed
178 2640 230 2705 ille
245 2641 283 2704 in
297 2658 429 2724 senatu,
438 2643 572 2706 consule
585 2659 618 2707 et
631 2643 667 2707 L.
679 2643 825 2708 Domitio
839 2641 1010 2707 candidato
1026 2643 1166 2706 interro-

108 2740 253 2824 gantibus
264 2787 273 2821 ,
272 2740 426 2828 firmassis
429 2745 599 2830 petiturum
606 2791 616 2822 ,
633 2744 819 2831 respondit,
822 2742 972 2830 fortassis
982 2744 1168 2807 destiturum

106 2845 276 2927 operabam
285 2867 298 2906 .·
308 2859 341 2907 et
349 2845 544 2908 instantibus
552 2845 629 2926 illis,
643 2844 760 2924 adjecit
769 2891 778 2927 ,
788 2847 940 2910 mnarum
950 2847 1062 2908 civium
1071 2867 1168 2908 casua

108 2963 166 3006 aon
177 2967 258 3024 esse,
271 2967 331 3009 cur
333 2959 424 3034 petat
428 2970 441 3026 ,·
454 2969 534 3027 asse,
550 2967 613 3034 quo
625 2949 747 3010 resistat
757 2947 861 3011 malis.

147 3045 199 3111 Vl.
221 3047 327 3112 Simul
340 3049 556 3138 interrogatus
570 3050 704 3113 Crassus
721 3051 845 3112 fuerat:
859 3049 929 3123 ille,
943 3043 1165 3136 assuetarum,
1211 3031 1212 3046 ἵ

109 3142 200 3227 dixit,
214 3149 304 3237 quod
320 3171 363 3211 ec
382 3171 440 3212 usu
459 3147 765 3238 reipublr'coefitisset
780 3153 896 3214 visum.
914 3151 1018 3214 Crassi
1033 3171 1168 3238 respon·

109 3263 176 3309 sum
196 3246 416 3330 moderatius,
436 3249 583 3339 Pompeii
598 3252 777 3339 superbum
791 3268 824 3315 et
837 3251 964 3316 incivile
980 3274 1084 3339 quum
1101 3252 1168 3316 eri·

109 3347 303 3429 stimaretur3
326 3351 531 3415 Marcellinus
556 3354 702 3417 invectus
720 3375 782 3417 suo
804 3375 895 3418 more
917 3353 950 3418 in
975 3354 1168 3442 Pompeium

109 3460 170 3528 est,
182 3471 241 3536 per
254 3451 324 3514 baec
339 3465 572 3540 temporaeum
584 3454 662 3519 etin
678 3456 768 3518 curia
781 3471 814 3520 et
829 3456 871 3520 ad
883 3457 1042 3544 populum
1056 3479 1168 3544 aspere

108 3561 238 3615 tractare
255 3567 377 3617 suetus.
400 3553 582 3642 Respondit
597 3555 790 3644 Pompeius,
811 3558 951 3620 «malam
968 3557 1030 3621 sibi
1045 3579 1062 3620 a
1081 3555 1169 3621 Mar·

107 3651 240 3717 «celino
252 3655 366 3717 referri
381 3656 534 3744 gratiam,
549 3657 606 3743 qui
619 3679 680 3720 suo
695 3656 854 3721 beneficio
869 3659 973 3721 factus
992 3681 1030 3722 ex
1047 3657 1168 3746 elingui

108 3751 285 3817 «facundus
298 3770 398 3836 esset3
412 3772 445 3819 et
457 3772 552 3820 antea
565 3756 696 3837 jejunus
709 3781 747 3822 ac
759 3760 943 3841 famelicus,
958 3781 1048 3822 nunc
1065 3759 1170 3846 quoti·

108 3847 177 3914 «die
200 3870 381 3919 vomeret».
398 3858 440 3919 Ar
458 3856 683 3940 Marcellinus,
706 3859 771 3922 hoe
795 3861 883 3924 velut
907 3861 1024 3924 ultimo
1049 3873 1168 3924 conatu

130 4062 156 4126 S
167 4067 272 4115 [Uel.
283 4069 351 4116 Max.
360 4071 409 4129 Vl,
428 4087 452 4118 a.
467 4099 501 4107 -
512 4073 567 4119 Dio.
581 4099 614 4109 -
626 4073 679 4122 Cic.
689 4071 721 4120 ad
735 4073 766 4135 Q.
779 4073 845 4120 fratr.
859 4074 895 4129 ll,
912 4087 936 4134 9.
955 4099 988 4108 -
1002 4071 1018 4137 S
1031 4073 1062 4120 V.
1076 4072 1126 4121 Cic.
1138 4071 1169 4126 all

109 4145 234 4209 Atriam
247 4168 264 4214 9
276 4163 300 4200 et
313 4153 470 4203 15.-rlur.
483 4155 510 4202 in
525 4157 613 4204 Crasso
627 4167 652 4204 ct
666 4158 752 4221 Pomp.
765 4183 796 4192 -
812 4155 869 4203 Dio.
