2875 4900
264 429 318 502 IN
349 427 459 501 LOC.
484 428 574 502 mn.
600 431 766 500 LXXIX
798 432 1012 503 LIVIANI.
1124 433 1171 518 43

110 551 214 618 Mario
223 551 441 642 cognominis,
451 569 485 617 et
495 553 539 617 ob
549 553 734 618 tribunatus
747 554 910 641 repulsam
922 554 1068 618 infensus
1078 553 1174 619 Sullae

112 655 152 738 Q.
163 655 337 719 Senorius.
355 654 439 718 Nam
454 669 530 742 post
544 655 686 719 Atiniam
702 654 824 743 legem,
844 671 1010 720 senatores
1025 654 1173 718 tribuna·

110 771 181 820 nam
195 755 300 842 plebis
315 755 488 845 petebant3
512 777 614 844 quum
629 754 811 842 antiquitus
824 770 938 820 contra
954 755 1084 835 fuisset,
1098 756 1174 842 quia

111 873 182 922 tram
199 857 340 922 tribunis
357 857 460 947 plebis
478 857 599 922 intrare
616 857 741 922 curiam
760 878 828 921 non
847 856 980 942 licebat,
999 855 1076 936 sed,
1094 855 1174 920 sub-

111 960 207 1024 selliis
231 975 307 1024 ante
331 960 434 1024 valvas
457 959 587 1048 positis,
612 958 762 1024 consulta
784 975 916 1023 senatus
937 956 1173 1022 examinabant.

110 1059 216 1150 Igitur
240 1061 418 1144 Sertorius,
443 1061 532 1126 Sulla
556 1060 706 1144 consule,
734 1060 937 1126 tribunatum
961 1077 1094 1148 petens,
1118 1059 1174 1122 illo

110 1159 302 1226 adversante
324 1162 441 1250 cupitis
461 1161 637 1244 exciderat3
662 1184 770 1250 neque
792 1163 881 1228 enim
901 1160 1086 1226 conducere
1105 1160 1173 1225 suis

111 1263 211 1328 rebus
232 1264 321 1328 Sulla
342 1264 574 1345 arbitrabatur,
594 1279 650 1346 ut,
668 1287 769 1351 quam
785 1261 967 1352 deprimere
980 1277 1172 1352 potestatem

112 1364 277 1454 cupiebat,
294 1387 365 1428 enm
377 1366 448 1430 viro
461 1366 527 1430 acri
539 1381 638 1454 atque
652 1364 775 1430 diserto
789 1365 950 1430 committi
961 1380 1135 1452 pateretur.

156 1469 197 1531 V.
216 1467 348 1555 Quippe
358 1467 519 1534 Sertorius
534 1468 579 1532 ita
588 1483 735 1532 versatus
747 1469 783 1530 in
793 1467 868 1530 foro
878 1467 1001 1547 fuerat,
1016 1482 1056 1530 ut
1067 1463 1175 1530 adbuc

112 1565 374 1632 adolescentulus
388 1567 579 1632 nonnullam
592 1568 627 1631 in
635 1567 725 1632 Urbe
737 1569 916 1656 potentiam
929 1568 1033 1632 causis
1044 1565 1175 1656 agendis

113 1681 331 1754 comparatam
346 1668 523 1749 obtinerem
540 1684 573 1733 et
586 1685 698 1757 postea
715 1684 862 1752 senator,
875 1670 903 1732 si
917 1670 1019 1733 claros
1032 1682 1175 1732 oratores

112 1791 234 1856 munos
250 1769 407 1856 excipias,
423 1791 460 1834 ea
478 1769 712 1839 existimatione
729 1785 854 1859 ageret,
870 1785 908 1832 ut
924 1791 992 1832 non
1010 1769 1090 1834 alius
1106 1768 1175 1848 ejus

113 1867 238 1934 ordinis
247 1869 384 1934 solutius
395 1870 586 1958 acutiusque
597 1870 703 1936 dicere
712 1886 891 1960 putaretur.
900 1872 1059 1935 Caeterum
1071 1891 1173 1955 quum

112 1991 152 2032 ex
168 1967 260 2032 Urbe
278 1969 381 2034 Cinna
398 1970 607 2060 profugisset,
627 1987 757 2036 senatus
770 1972 817 2053 ei,
834 1969 925 2058 quod
943 1969 1176 2057 rempublicam

112 2071 230 2134 consul
245 2068 453 2148 decertasset,
468 2087 501 2136 et
511 2071 554 2136 ad
566 2071 747 2136 libertatem
758 2087 903 2136 vocasset
914 2071 1059 2151 servitia,
1074 2071 1177 2158 magi·

112 2187 252 2236 stratum
271 2170 456 2262 abrogavit,
477 2173 512 2236 in
531 2173 640 2238 locum
659 2173 728 2254 ejus
749 2173 786 2237 L.
797 2171 949 2237 Cornelio
963 2171 1103 2251 Merula,
1120 2171 1176 2258 qui

112 2271 232 2336 llamen
251 2272 352 2338 Dialis
372 2288 456 2355 erat,
480 2273 629 2338 suffecto.
651 2273 709 2338 llis
730 2273 835 2338 Cinna
855 2271 1050 2360 compertis,
1073 2293 1177 2359 quum

112 2375 259 2463 Capuam
273 2373 429 2455 venisset,
447 2373 505 2437 ubi
517 2376 578 2463 Ap.
590 2372 717 2452 Claudii
730 2374 888 2437 exercitus
900 2388 985 2455 erat,
1001 2372 1176 2436 conciliatis

112 2476 176 2539 sibi
193 2475 352 2551 tribunis,
371 2492 405 2539 et
421 2491 585 2563 quotquot
599 2476 684 2541 forte
697 2476 739 2540 ab
748 2475 837 2540 Urbe
852 2492 1015 2541 senatores
1028 2472 1177 2556 aderant,

113 2576 279 2641 consulari
308 2576 422 2641 habitu
445 2576 480 2639 in
504 2576 673 2665 publicum
698 2598 908 2667 progressus,
935 2598 1013 2641 mox
1036 2576 1177 2665 profusis

114 2676 248 2741 abunde
265 2676 433 2765 lacrymis,
451 2675 617 2743 discedere
635 2700 711 2743 cum
730 2678 868 2743 fascibus
884 2678 1013 2743 lictores
1026 2676 1132 2757 jussit.

158 2780 216 2843 Vl.
233 2778 299 2842 «Et
318 2778 380 2843 bos
398 2778 549 2866 quidem,
571 2779 693 2866 inquit,
713 2794 821 2843 vestro
840 2780 999 2843 hactenus
1018 2774 1177 2841 beneficio

115 2911 128 2936 ·
137 2880 255 2961 habui,
274 2880 375 2962 cives,
389 2880 502 2969 populi
517 2878 677 2970 suffragiis
692 2894 818 2944 creants
832 2880 948 2944 consul
962 2901 971 2941 :
985 2876 1044 2941 sed
1061 2878 1178 2939 incon-

115 3010 128 3035 ·
137 2981 224 3045 suita
233 2980 342 3067 plebe,
354 2979 513 3045 bonorem
527 2979 607 3044 mibi
615 2996 747 3045 senatus
755 2980 905 3061 abstulit3
918 2977 1033 3043 acerba
1042 2977 1179 3041 omnino

116 3080 336 3171 «ignominia,
352 3079 460 3145 sedin
475 3102 541 3169 qua
558 3082 633 3168 plus
648 3096 787 3145 vestram
804 3079 926 3144 irascor
941 3079 1062 3158 vicem,
1078 3100 1178 3165 qnam

116 3202 246 3245 «meam
266 3179 361 3247 doleo
376 3202 385 3245 ε
402 3204 478 3247 nam
495 3180 576 3245 mibi
592 3180 726 3268 quidem
744 3182 843 3245 unius
862 3179 939 3244 anni
957 3179 1178 3269 magistratus,

116 3282 233 3347 mobis
251 3282 286 3345 in
303 3300 401 3345 omne
419 3297 547 3371 tempus
558 3282 610 3363 jus
624 3299 784 3364 vestrum,
801 3298 849 3362 et,
864 3282 892 3346 si
909 3280 1179 3365 animadvertitis,

117 3414 130 3439 ·
139 3384 272 3449 libertas
283 3383 388 3472 periit.
404 3383 493 3465 Quid
504 3384 591 3449 enim
601 3400 713 3473 postea
723 3383 881 3449 demereri
889 3384 1016 3473 plebem
1027 3383 1180 3449 studeant

116 3516 130 3539 ι
139 3482 325 3549 candidati?
336 3500 394 3548 aut
408 3507 566 3572 quorsum
579 3508 637 3551 vos
654 3487 863 3551 comitiorum
876 3502 1043 3575 potentes,
1056 3504 1179 3552 vestra·
1278 3487 1281 3494 '

116 3615 129 3640 a
140 3608 206 3673 que
219 3586 254 3649 in
268 3608 367 3650 manu
379 3586 565 3651 comrdatus
578 3602 676 3675 atque
690 3588 824 3677 imperia
834 3609 906 3651 esse
915 3586 1061 3670 creditis,
1074 3588 1102 3651 si
1112 3602 1177 3651 tam

116 3718 130 3743 ι
139 3685 268 3751 infirma
283 3702 382 3775 atque
399 3686 558 3752 instabilia
570 3687 728 3753 beneficia
737 3705 948 3771 vestrasunt,
963 3704 998 3753 et
1010 3712 1082 3778 qua
1093 3689 1180 3753 bene

116 3820 129 3841 ι
139 3786 182 3852 de
196 3789 289 3853 robis
306 3788 428 3854 meritis
445 3788 594 3872 dedistis,
613 3813 649 3857 ea
670 3813 730 3883 per
744 3792 827 3856 male
850 3792 982 3860 meritos
1001 3806 1068 3856 tam
1086 3789 1179 3854 facile

115 3922 128 3945 ι
138 3888 356 3955 sufferuntur?
366 3919 379 3945 ι

150 4104 215 4170 Π.
229 4104 354 4154 Plutarch.
367 4104 394 4151 in
409 4106 499 4154 sertor.
510 4120 564 4171 cap.
575 4106 601 4153 ³.
614 4132 649 4143 --
666 4106 719 4157 Cic.
731 4108 758 4157 in
768 4110 858 4165 Bruto,
872 4123 927 4171 rap·
938 4106 980 4160 ll·
996 4129 1032 4141 -
1044 4103 1097 4153 la't.
1111 4103 1177 4173 Epis.

116 4217 152 4227 -
164 4189 275 4257 Appiam
284 4216 319 4231 -
330 4191 403 4239 Anct.
416 4188 447 4239 ds
455 4189 511 4239 Vir.
522 4188 558 4237 ill.
568 4206 621 4255 cap.
633 4192 678 4254 69.
