2875 4900
268 376 363 487 'sm
469 362 538 454 J'o.
565 384 905 457 snmususuu
939 385 1186 456 suessan.

289 590 318 651 1.
336 540 389 649 C
406 585 548 664 Casas,
566 582 791 649 Helvetiorum
809 596 906 673 geute
922 582 1123 671 perdomita,
1139 583 1230 673 quod
1245 607 1282 649 ea
1295 586 1361 651 fon

288 686 412 753 tissima
434 685 536 750 totius
560 684 687 748 Celtinn
711 682 913 765 habebatur,
940 684 1108 774 ingentem
1134 685 1224 776 apud
1248 686 1358 753 Gallos

286 789 423 883 gloriam
438 786 583 851 meruit:
606 784 729 850 idcireo
749 786 868 873 passim
892 808 932 849 ex
952 786 1135 853 civitatibus
1160 788 1357 910 gratulatum

285 904 447 955 venerunt
457 886 637 977 principes,
657 883 757 950 simul
770 886 928 975 petitum,
947 900 985 951 ut
997 887 1081 952 bona
1094 911 1167 955 cion
1180 892 1274 979 qost'us
1280 914 1359 979 gra·

284 993 334 1057 tia
355 986 522 1053 conculam
543 988 637 1051 totius
659 985 781 1053 Galliae
802 988 861 1051 sibi
882 987 977 1051 hbeat
998 989 1142 1055 andabata.
1163 992 1202 1057 Iu
1225 990 1299 1075 illo,
1321 1012 1358 1059 nt

285 1108 399 1181 postea
413 1087 577 1179 apparuit,
591 1085 634 1153 de
645 1086 887 1153 Germanorum
904 1088 1115 1155 amoliendo
1099 1112 1182 1181 Jugo
1197 1090 1358 1158 delibera·

285 1211 379 1274 tnm;
401 1206 435 1255 et
449 1190 491 1254 ab
510 1186 627 1253 iisdem
645 1188 848 1278 principibus
867 1188 1020 1257 [lentibus
1041 1206 1074 1255 et
1094 1190 1135 1257 ad
1157 1190 1255 1281 pedes
1275 1216 1356 1281 pro·

285 1293 392 1357 stratis
407 1306 539 1379 rogatus
553 1305 603 1354 est
619 1291 742 1371 caesar,
759 1303 793 1353 ut
806 1293 953 1379 oppressis
965 1292 1127 1357 auaesbum
1129 1290 1245 1380 ferret
1259 1296 1357 1361 Ario-

284 1394 407 1473 vistus,
427 1392 614 1455 Suevos-um
639 1412 716 1472 rex,
740 1412 799 1479 per
818 1392 1038 1458 Arvernorum
1062 1393 1356 1484 Sequanorumque

285 1492 531 1575 contentiones,
549 1514 626 1557 cum
647 1506 781 1558 centum
797 1492 911 1581 viginti
930 1492 1070 1557 ιιιίΙΙὶιιιιιΙ
1085 1494 1228 1559 ειειοίῑιι
1243 1496 1355 1561 Galba

284 1611 409 1685 partem
429 1608 660 1681 occupaverat,
677 1591 807 1659 AEduos
826 1615 1007 1681 eorumque
1028 1593 1160 1683 clientes
1176 1595 1277 1659 semel
1291 1595 1354 1661 ite·

282 1719 424 1785 rumque
439 1695 564 1785 magnis
577 1693 694 1783 praeliis
709 1694 849 1757 vicerat:
861 1692 899 1757 iis
915 1714 1049 1781 quoque
1065 1692 1186 1783 gravis,
1199 1716 1218 1757 a
1232 1694 1353 1783 quibus

283 1813 352 1863 erat
367 1796 506 1877 accitus,
524 1795 683 1858 universa
697 1792 809 1857 Galliae
825 1792 964 1881 imperio
980 1794 1181 1859 imminebat.

326 1900 369 1965 ΙΙ.
386 1899 507 1979 Cesar,
524 1918 629 1983 quum
641 1894 675 1957 in
687 1916 749 1958 suo
762 1894 936 1959 consulatu
951 1910 1115 1983 petentem
1131 1894 1249 1983 cupide
1263 1898 1353 1961 Ario·

282 2002 403 2065 vietum
417 1999 545 2065 socium
560 1997 769 2083 amicumque
784 1995 897 2085 populi
913 1998 1040 2059 romani
1051 1997 1281 2084 appellandum
1292 2023 1350 2065 cu·

280 2118 396 2183 raaset,
412 2122 541 2165 eausam
552 2097 630 2163 belli
640 2120 659 2160 a
669 2118 704 2163 se
716 2118 905 2177 removens,
922 2097 1120 2163 Ariovistum
1136 2096 1177 2161 ad
1193 2121 1227 2163 se
1239 2102 1350 2167 venire

277 2204 389 2284 jubet,
404 2218 443 2266 ut
458 2200 499 2264 de
517 2198 731 2290 praesentibus
755 2196 1003 2284 colloquantur3
1024 2212 1130 2273 ratus,
1150 2198 1241 2287 quod
1264 2204 1348 2265 aoei-

281 2306 474 2394 dit,rege1n
496 2301 632 2365 moleste
651 2299 810 2378 laturum,
831 2310 929 2387 atque
946 2298 1022 2363 inde
1044 2320 1173 2363 causam
1195 2300 1271 2365 belli
1292 2325 1347 2367 ex·

279 2409 428 2472 stituram
442 2428 450 2470 :
463 2426 538 2468 nam
545 2401 723 2468 Ariovistus
735 2402 908 2482 Caesarem,
921 2398 949 2464 si
962 2399 1041 2490 quid
1055 2402 1169 2484 vellet,
1181 2401 1222 2466 ad
1238 2426 1274 2467 se
1283 2404 1348 2484 jus·

278 2511 321 2573 sit
335 2506 499 2573 accedere.
510 2507 597 2570 Tum
608 2506 712 2570 Ceasar
725 2503 886 2591 postulata
897 2524 1024 2593 suaper
1037 2503 1157 2592 legatos
1172 2501 1292 2570 edidit:
1309 2531 1347 2570 ne

278 2633 358 2701 quos
364 2623 524 2700 praeterea
544 2607 719 2672 Gemmnos
732 2617 821 2670 trum
837 2605 981 2670 Rhenum
994 2609 1179 2686 arcessam
1195 2631 1234 2670 ne
1249 2611 1345 2672 socro-

278 2734 350 2777 rum
357 2709 472 2800 populi
485 2703 703 2792 rontanifiues
715 2717 860 2771 ammius
873 2707 1105 2793 ingredientem,-
1120 2708 1239 2772 obsides
1252 2713 1344 2774 οιίωιι

277 2815 319 2880 ab
334 2811 398 2876 illis
413 2822 556 2900 acceptos
570 2806 724 2874 redderet.
743 2805 792 2872 Ad
806 2805 876 2871 haec
892 2807 1044 2871 ferociter
1058 2808 1099 2872 ab
1112 2809 1278 2874 Ariovisto
1295 2835 1343 2875 re·

275 2937 454 3004 sponsum5
472 2911 644 2998 oblataque
664 2908 781 2974 Caesari
802 2905 964 3002 conditio,
981 2911 1083 2974 ambo
1098 2933 1147 2990 se,
1173 2933 1229 2974 an·
1240 2911 1341 2991 hoste,

274 3020 324 3081 uti
348 3013 468 3080 mallet.
495 3011 565 3077 Sub
588 3011 677 3077 idem
700 3026 848 3100 tempus,
874 3033 942 3098 quo
967 3011 1035 3075 haec
1058 3026 1137 3076 sunt
1161 3013 1341 3080 renuntiata

275 3118 408 3198 Caesari,
425 3113 611 3180 AEduorum
627 3113 724 3180 etiam
741 3127 774 3174 et
786 3111 995 3176 Trevirorum
1010 3113 1106 3202 legati
1121 3112 1309 3180 adfuerunt.

319 3219 379 3282 111.
396 3217 446 3281 Illi
467 3214 702 3304 querebantur,
722 3211 886 3294 Harudes,
903 3235 1008 3301 nuper
1023 3214 1057 3276 in
1081 3214 1217 3280 Galliam
1234 3233 1336 3280 trans·

272 3334 437 3406 portatos,
455 3315 535 3380 lines
553 3338 630 3380 suos
649 3313 815 3404 populari3
831 3313 974 3396 Treviri,
992 3332 1123 3379 centum
1145 3339 1244 3408 pagos
1261 3319 1336 3382 Sue·

273 3441 391 3484 vorum
405 3419 447 3484 ad
456 3419 565 3484 Rheni
576 3418 681 3504 ripam
695 3415 897 3497 consedisse,
914 3417 1123 3500 nuntiabant,
1136 3419 1201 3484 hoc
1215 3421 1336 3499 animo,

273 3537 313 3586 ut
332 3542 463 3584 amnem
486 3517 670 3583 transirent.
691 3518 796 3606 Igitur
820 3519 941 3599 Caesar,
963 3519 1097 3584 minime
1121 3519 1335 3586 differendum

273 3636 381 3704 ratus,
397 3621 438 3686 ad
457 3620 672 3701 Ariovistum,
690 3619 880 3707 priusquam
898 3642 990 3684 novae
1010 3622 1112 3710 eopioe
1127 3645 1204 3686 cum
1221 3623 1334 3688 veteri-

272 3725 334 3790 bus
350 3724 420 3806 ejus
442 3746 476 3788 se
499 3721 754 3812 conjungerent,
775 3721 900 3812 magnis
924 3721 1095 3786 itineribus
1119 3724 1333 3795 contendeus,

268 3827 505 3894 ,Vesontionem
517 3825 763 3912 Sequanorum,
779 3849 820 3890 ne
831 3823 873 3888 ab
884 3823 978 3889 hoste
991 3843 1215 3914 occuparetur,
1227 3847 1334 3916 proce·

303 4049 319 4113 s
338 4052 359 4097 Ι.
379 4051 411 4096 U.
426 4044 455 4098 C.
469 4049 536 4110 694:
555 4049 587 4101 Λ.
606 4047 634 4092 C.
653 4045 693 4092 58.
711 4073 744 4081 —
759 4046 820 4093 Cn.
835 4045 865 4093 de
884 4048 914 4095 B.
929 4047 993 4095 Gall.
1008 4050 1033 4106 Ι,
1053 4063 1063 4094 ι
1079 4059 1104 4096 et
1121 4051 1160 4098 30.
1185 4077 1218 4088 -
1235 4049 1292 4096 Plut.
1304 4047 1328 4092 in

268 4138 328 4184 Ces.
339 4149 393 4197 cap.
404 4149 445 4193 27.
458 4161 493 4169 -
510 4131 527 4197 S
540 4134 572 4179 ΙΙ.
588 4131 653 4188 nto,
666 4129 709 4177 lib.
723 4129 871 4180 xxxvffl.
885 4157 916 4167 —
928 4133 988 4182 coes.
1001 4159 1034 4169 -·
1045 4131 1112 4184 Plut.
1287 4129 1290 4136 ’
