2875 4900
306 348 371 417 IN·
390 349 504 417 LOC.
530 349 624 417 Lllt.
651 350 738 417 CIV
767 350 981 419 leltNI.
1106 348 1174 421 523

50 437 52 524 i
115 491 204 532 «uon
227 467 409 549 dubitaret,
426 488 591 555 quamque
603 470 787 555 praetoriam
803 484 886 533 essct
904 470 1072 533 cohortem
1086 470 1177 535 habi·

49 569 51 590 ”
114 586 241 634 «turus.
252 599 266 624 »
277 570 344 633 Hac
355 569 502 632 oratione
515 568 649 633 mirifice
660 570 872 633 commutatio
884 570 1067 635 animorum
1079 571 1174 652 factn3

114 689 144 734 ct
156 694 262 759 quum
275 671 307 733 in
323 671 439 759 vulgus
453 670 607 752 militum,
622 693 694 757 quae
708 685 799 733 erant
812 668 895 734 dicta
906 693 924 733 a
937 672 1077 752 Caesare,
1093 694 1176 735 ema·

113 786 263 851 nossent,
281 792 353 859 pars
369 769 519 834 laudibus
535 770 737 858 imperatoris
756 772 923 835 alacriores
944 772 1060 837 redditi
1077 790 1174 855 sunt,

113 872 217 935 ceteri
236 870 277 934 ad
294 872 532 936 aemulationem
553 870 698 951 ejusdem
716 872 842 937 decorls
858 872 992 938 incitati.
1011 874 1126 937 Statim
1143 890 1174 937 et

112 971 237 1037 decima
257 972 341 1061 legio
361 994 421 1060 per
439 972 589 1036 tribunos
606 972 747 1036 militum
766 974 883 1061 gratias
899 974 980 1061 egit,
997 974 1085 1062 quod
1099 974 1174 1037 bene

112 1074 152 1137 de
159 1097 192 1135 se
190 1073 370 1161 judicasset
377 1076 563 1162 imperator:
577 1088 610 1137 et
621 1073 753 1161 reliquae
766 1075 946 1139 satisfacere
960 1073 1173 1156 studuerunt,

112 1196 211 1264 neque
223 1176 377 1239 dubitasse
386 1198 547 1263 aequant,
565 1190 624 1239 ant
632 1176 787 1255 tinuisse,·
804 1198 901 1263 neqtoe
912 1176 952 1238 de
963 1198 1088 1241 summa
1101 1176 1177 1239 belli
1243 1170 1249 1187 '

112 1300 222 1355 suum,
241 1278 297 1340 sed
311 1280 504 1365 imperatoris
512 1325 523 1356 ,
539 1276 767 1365 essejndtbium
782 1278 1013 1341 exunmavtise.

154 1380 279 1443 xxxt.
309 1378 357 1441 lta
383 1380 516 1459 Caesar,
532 1376 670 1458 eodem,
698 1399 766 1464 quo
793 1377 1002 1465 praedixerat,
1030 1396 1174 1467 tempore

112 1478 224 1543 castris
243 1480 357 1559 motis,
380 1500 482 1566 quum
504 1479 567 1541 iter
591 1478 683 1541 nullo
703 1477 758 1541 die
779 1478 1018 1558 intermisisset,
1036 1476 1174 1567 septimo

112 1581 222 1669 copias
247 1581 399 1644 Ariovisti
421 1602 489 1643 non
514 1579 644 1667 longius
664 1601 818 1667 passuum
842 1594 981 1667 quatuor
1005 1596 1038 1643 et
1060 1578 1195 1667 viginti¹

112 1680 255 1744 millibus
280 1672 391 1744 abe'sse
416 1680 582 1744 intellexit.
605 1680 785 1745 Ariovistus
810 1680 905 1744 etiam
929 1680 1023 1744 celeri
1044 1681 1173 1744 Caesaris

111 1804 259 1862 accessu,
276 1803 374 1869 quem
391 1804 487 1845 suum
502 1780 678 1845 adrentum
695 1780 750 1844 rix
768 1781 1025 1868 praestolaturum
1041 1796 1174 1867 putare·

112 1898 179 1963 rat,
204 1902 272 1946 non
292 1882 373 1945 nibil
391 1898 575 1947 commotus
591 1898 650 1947 est.
670 1882 796 1947 Idcirco
819 1883 928 1971 legatis
950 1882 1069 1963 missis,
1087 1884 1176 1971 qnod

111 1998 209 2047 anua
218 1986 351 2075 petriana
371 2006 394 2046 a
418 1982 541 2048 Caesare
558 1984 748 2072 colloquium
766 1996 841 2047 esset
848 2030 860 2062 „
877 1982 940 2070 ejus
955 2004 1038 2045 nune
1054 1984 1174 2046 vennae

111 2085 395 2171 opportunitatem,
418 2083 578 2163 ostendit,
591 2087 720 2172 propius
735 2086 818 2148 inter
834 2108 866 2147 se
878 2086 1061 2169 congressis,
1081 2097 1111 2145 et
1122 2107 1171 2146 re·

113 2198 200 2247 moto
214 2184 727 2274 suspicronepeneuli.conrenit,
741 2186 825 2249 utin
840 2184 925 2249 diem
943 2183 1094 2271 quintum
1109 2184 1172 2247 col·
1226 2267 1231 2281 ,

110 2284 331 2372 loquerentur.
340 2287 576 2372 intereaquum
585 2284 673 2349 ultro
680 2284 826 2374 citroque
836 2286 931 2375 legati
940 2301 1169 2367 commearent,

111 2386 288 2450 Ariovistus
304 2386 457 2477 negabat,
472 2410 507 2452 se
519 2403 694 2453 venturum
706 2386 747 2452 ad
759 2388 957 2475 colloquium
971 2410 1057 2470 esse,
1073 2389 1099 2453 si
1113 2410 1171 2478 pe·

110 2487 194 2552 dites
206 2490 310 2552 Cesar
322 2487 516 2554 adduxisset.

155 2589 295 2653 xxxlt.
323 2591 447 2671 samar,
471 2591 561 2678 quod
586 2611 693 2676 neque
713 2590 784 2653 tolli
807 2591 1005 2678 colloquium
1024 2591 1170 2670 volebat,

111 2712 220 2777 neque
249 2710 341 2753 suam
369 2693 502 2754 salutem
525 2691 614 2780 gallis
634 2689 799 2777 equitibus
826 2691 975 2771 credere,
997 2691 1091 2770 jussit
1116 2711 1170 2754 eos

109 2791 254 2878 praebere
270 2791 427 2854 militibus
442 2815 460 2853 e
472 2792 598 2881 legione
613 2791 737 2856 decima
751 2813 869 2878 equos,
884 2791 1002 2878 quibus
1016 2790 1171 2854 militibus

110 2915 208 2979 qiram
226 2893 362 2955 maxime
378 2891 569 2957 confidebat.
589 2892 685 2956 Unde
700 2913 761 2955 nec
776 2891 915 2955 absurde
932 2890 1063 2978 quidam
1077 2889 1172 2952 decu·

110 3015 282 3056 manorum
292 3041 301 3074 ,
309 2994 406 3082 plus,
423 3015 517 3082 quom
524 2993 686 3083 pollicitus
700 3007 792 3072 esset,
798 2990 915 3080 secere
932 2991 1105 3070 Caesarem,
1122 2989 1171 3054 di·

108 3095 174 3174 tit3
185 3091 364 3181 pollicitum
383 3097 417 3157 in
438 3095 573 3158 cedomi
584 3096 747 3182 proetorioe
765 3093 833 3158 loeo
849 3091 1002 3156 decinam
1020 3090 1171 3178 legionem

109 3194 308 3273 bubalarum,
325 3195 374 3258 ad
389 3217 501 3284 equum
517 3197 689 3260 rescribere.
707 3194 878 3284 Congressi
897 3208 974 3256 sunt
993 3193 1026 3256 in
1041 3191 1170 3279 conspi-

109 3317 173 3359 cuo
190 3296 339 3376 tumulo,
362 3318 460 3384 quem
474 3311 586 3383 patens
597 3296 744 3383 undique
754 3294 901 3384 planities
910 3293 1053 3358 ambibat
1064 3317 1072 3357 r
1084 3294 1172 3382 equi·

108 3411 195 3460 tatus
213 3397 367 3484 utrinque
383 3396 425 3460 ad
445 3420 558 3485 passus
577 3397 737 3462 ducentos
758 3396 901 3477 abstitit;
920 3395 995 3460 dein
1015 3396 1056 3460 ad
1076 3396 1172 3462 collo·

109 3498 224 3585 quium
254 3497 386 3562 adducti
417 3517 504 3564 sunt.
535 3499 648 3582 Quum
676 3501 780 3563 Caesar
805 3499 963 3586 imperare
991 3497 1169 3585 quidlibet,

106 3597 290 3662 Ariovistus
307 3599 485 3664 concedere
504 3601 587 3664 nihil
603 3601 715 3681 vellet,
735 3616 766 3664 et
785 3601 913 3664 interim
936 3599 1090 3663 Germani
1109 3599 1171 3662 tela

107 3697 268 3776 conjicere
286 3699 322 3762 in
342 3701 536 3764 Caesarianos
552 3701 749 3789 inciperent,
764 3700 961 3789 diremptum
977 3703 1046 3764 sine
1063 3703 1170 3764 fructu

108 3798 309 3887 colloquium
331 3816 392 3864 est.

141 4000 256 4064 sm.
270 4005 335 4054 rtur.
350 3975 385 4044 -ζ
399 4009 457 4056 uio.
474 4035 509 4044 -
524 4011 607 4058 rmus.
622 4011 666 4064 tv,
683 4010 707 4066 s,
728 4025 766 4056 tt.
783 4037 813 4046 -
830 4011 889 4058 cns.
913 4037 946 4045 -
966 4008 1092 4072 sxxxr,
1107 4007 1169 4056 rut.

102 4111 142 4131 r-
156 4086 213 4135 Dio.
227 4115 261 4125 -
272 4089 334 4138 Cer.
351 4119 383 4128 -
401 4090 509 4155 Appiam.
519 4091 585 4155 apud
598 4091 666 4140 Fulr.
676 4094 731 4140 Urs.
1233 4089 1235 4094 ’
