2875 4900
287 410 357 510 570
459 418 528 486 to,
554 420 897 491 rnmnsnauu
928 422 1175 494 SUPPLEM.
1215 410 1219 416 ’

246 526 249 535 ’
284 532 444 621 dolorque
458 536 594 601 civitatis
611 538 646 601 ia
660 541 859 605 immensum
876 544 1003 609 exarsit.
1020 545 1142 634 Spreta
1154 548 1331 613 hauddubie

284 634 474 723 religiones,
494 640 648 727 neglectae
661 641 768 730 leges,
785 644 975 709 conculcata
996 664 1146 729 serranus,
1166 650 1330 715 concdcata

284 736 397 824 populi
421 741 548 803 romani
570 743 744 807 auctoritas
770 760 856 828 erat,
878 768 982 833 eaque
1005 748 1178 836 provincia
1198 750 1287 815 etiam
1305 766 1331 815 et

284 838 433 924 equitum
446 862 658 907 romanorum
673 846 813 931 querelis
829 848 1098 936 aggravabantur.

328 940 460 1005 XLVII.
478 942 569 1030 Syri,
592 946 745 1035 spoliatos
765 970 801 1015 se
818 971 836 1012 a
856 949 1054 1031 latronibus,
1071 950 1222 1037 spoliatos
1240 974 1332 1039 apro·

283 1042 436 1125 consule3
455 1045 640 1133 publicani,
655 1048 709 1130 jus
724 1049 787 1114 sibi
807 1071 875 1115 non
895 1050 1041 1133 dictum,
1054 1052 1219 1141 pactiones
1236 1056 1333 1119 reseis·

284 1166 353 1224 sas,
373 1147 543 1235 vectigales
562 1150 683 1215 multos
701 1150 870 1234 liberatos,
887 1151 993 1240 iisque
1010 1153 1108 1217 rebus
1122 1156 1258 1219 rationes
1273 1176 1333 1217 suas

282 1267 419 1333 remque
434 1246 624 1315 familiarem
639 1250 792 1337 afflIctam
809 1274 1019 1341 eversamque
1040 1276 1129 1335 esse,
1152 1256 1333 1342 quiritaban·

282 1361 345 1409 tur.
363 1344 520 1413 Gabinius
535 1350 643 1435 enirn,
660 1369 698 1418 ut
713 1353 832 1418 Iudeis
849 1370 948 1442 atque
963 1355 1051 1444 Syris
1068 1378 1103 1419 se
1119 1356 1333 1437 venditaret,a

282 1445 402 1534 quibus
418 1450 535 1515 multas
552 1454 731 1541 accipiebat
741 1456 916 1543 pecunias,
935 1455 979 1519 ita
994 1478 1029 1519 se
1041 1455 1162 1521 durum
1174 1457 1334 1545 publicanis

281 1547 480 1635 praebuerat,
499 1568 554 1635 ut,
574 1574 641 1642 quo
659 1556 694 1618 in
711 1555 835 1644 oppido
853 1556 923 1645 ipse
936 1572 1038 1640 esset,
1055 1572 1113 1621 aut
1127 1580 1197 1645 quo
1212 1558 1334 1637 reniret,

281 1649 328 1713 ibi
343 1650 572 1737 publicanum,
592 1656 834 1744 autpublicani
850 1679 980 1721 servum
998 1680 1069 1721 esse
1089 1680 1158 1723 non
1178 1646 1333 1746 pateretui.

281 1752 371 1814 Inter
382 1752 531 1820 fremitus
546 1757 782 1845 plurimorum,
793 1754 915 1839 judicia
929 1774 963 1823 et
973 1782 1085 1847 poenas
1096 1760 1208 1849 legum
1220 1778 1336 1846 poscen-

282 1851 381 1934 tium,
399 1855 566 1921 Ciceronis
583 1858 723 1923 maxime
744 1860 890 1925 tonitrua
909 1858 1139 1924 audiebantur.
1161 1861 1193 1924 Is
1213 1862 1246 1923 in
1267 1880 1336 1922 rem·

280 1954 443 2043 publicam
457 1957 578 2040 studio,
593 1959 748 2025 adversus
758 1960 929 2025 inimicum
941 1963 999 2042 ira,
1014 1984 1118 2049 quum
1133 1960 1217 2024 nihil
1226 1980 1335 2037 eorum,

281 2078 355 2143 quae
370 2056 411 2122 ad
425 2059 599 2125 irritandos
612 2063 738 2127 animos
755 2064 982 2151 pertinebant,
998 2064 1160 2128 intactum
1175 2064 1335 2137 omitteret,

281 2159 442 2247 precipue
464 2162 604 2244 institit,
627 2179 664 2228 ut
686 2163 835 2249 Sibyllini
852 2165 926 2229 libri
941 2166 1046 2229 denuo
1060 2167 1292 2253 impetrentur,
1313 2176 1337 2223 tt

281 2282 325 2322 ex
340 2262 378 2324 its
393 2283 521 2327 cannen
541 2262 583 2328 de
604 2269 687 2354 regis
706 2266 919 2331 alexandram
937 2270 1128 2333 modwenna
1144 2290 1266 2333 rursum
1281 2266 1336 2330 ede·

281 2376 375 2426 retur.

324 2465 472 2532 XLVIII.
493 2467 693 2546 Adiunctum
715 2470 803 2534 enirn
824 2471 869 2534 ibi
884 2469 1035 2558 sperabat
1052 2470 1177 2558 aliquid
1196 2470 1238 2535 de
1257 2487 1335 2557 prem

281 2579 396 2652 spretae
409 2568 577 2658 religionis
596 2591 675 2634 esse.
690 2572 851 2635 Caeterum
867 2571 1045 2660 Pompeius
1056 2573 1258 2659 (ἱηεειιοφκ
1267 2589 1336 2632 oon·

281 2666 383 2748 sulas,
401 2669 482 2734 alter
503 2686 618 2736 auctor
636 2670 813 2737 reducendi
832 2673 934 2762 regis,
953 2675 1087 2738 Crassus
1109 2691 1242 2763 accepta
1256 2695 1274 2735 a
1287 2669 1337 2732 Ga

279 2767 372 2834 binio
393 2773 531 2859 pecunia
551 2772 642 2859 (tum
663 2774 751 2837 enim
773 2773 882 2838 adbuc
903 2774 938 2836 in
960 2774 1051 2838 Urbe
1070 2774 1180 2862 erat),
1201 2773 1279 2837 nibil
1292 2769 1337 2834 de·

279 2871 369 2934 cerni
385 2873 537 2938 sinebant
553 2895 562 2938 :
579 2897 630 2938 res
649 2875 685 2937 iu
705 2897 831 2939 annum
847 2890 1042 2963 sequentem
1055 2889 1209 2939 extracta.
1228 2876 1338 2938 Interea

279 2975 317 3038 C.
335 2973 440 3044 Caesar
458 2975 608 3064 Usipetes
626 2976 898 3065 Tencbterosque
915 2976 1070 3040 Rhenum
1087 2991 1300 3064 nansgrfflos
1310 2970 1337 3031 5¹¹

280 3073 383 3140 Gallia
395 3077 483 3141 vicit.
505 3079 692 3142 Carua·illis
716 3077 907 3142 transeundi
924 3077 1005 3159 I'uit,
1022 3077 1114 3166 quod
1128 3075 1278 3165 pluribus
1290 3093 1338 3135 an·

278 3177 329 3242 nis
345 3179 432 3242 bello
449 3181 631 3244 Suerorum
650 3181 820 3269 exagitati,
836 3180 958 3268 patrios
976 3178 1058 3242 fines
1078 3179 1164 3242 ultra
1180 3178 1263 3243 tueri
1283 3193 1337 3238 not

277 3293 438 3366 poterant.
461 3281 568 3370 igitur
587 3305 691 3370 quum
712 3283 888 3371 pervarias
905 3281 1088 3345 Germaniae
1105 3297 1215 3370 partes
1229 3273 1338 3367 vagati,

277 3395 444 3466 postremo
460 3381 501 3446 ad
515 3383 669 3448 Rhenum
687 3405 819 3448 amnem
840 3383 1084 3471 pervenissent,
1100 3405 1166 3470 qua
1180 3380 1337 3468 Menapio-

278 3499 351 3543 rum
365 3503 444 3570 gens
458 3499 631 3572 utramque
642 3485 746 3572 ripam
759 3483 902 3549 aediliciis
918 3484 1064 3573 vicisque
1080 3484 1266 3563 obtinebat,
1280 3477 1338 3544 non'

137 3613 142 3628 ·
277 3597 355 3646 sunt
382 3582 512 3649 admissi
533 3610 551 3650 a
569 3585 746 3675 Menapiis,
765 3581 824 3675 qui
834 3633 843 3666 ‚
866 3587 1012 3650 retractis
1029 3586 1063 3649 in
1083 3587 1231 3675 gallicam
1248 3585 1338 3671 n'pam

277 3685 344 3749 suis
359 3687 530 3769 omnibus,
550 3688 722 3752 transitum
739 3688 844 3752 amnis
861 3686 1099 3752 custodiebant.

321 3785 437 3852 XLIX.
463 3787 636 3870 Germani,
659 3789 811 3854 simulato
830 3788 993 3871 discessu,
1012 3788 1104 3877 quod
1121 3787 1223 3853 tridui
1248 3783 1339 3873 spatio

310 4009 326 4076 S
341 4013 430 4061 xtvt.
445 4013 503 4063 nto.
521 4041 556 4052 -ν
576 4014 628 4065 cic.
644 4017 670 4062 iu
681 4015 730 4062 Pia.
744 4029 853 4079 rapat.
873 4041 909 4052 -·
926 4013 1059 4078 §uvat
1074 4017 1128 4066 cte.
1141 4014 1172 4064 de
1185 4017 1259 4063 rmv.
1271 4012 1338 4059 (2⁰⁰³-

276 4111 332 4160 cap.
345 4097 368 4145 5.
382 4125 417 4135 -
431 4100 487 4146 nto.
499 4127 530 4136 —
544 4099 560 4164 s
573 4099 688 4148 mm.
701 4099 824 4149 Plnmreb.
836 4100 863 4148 ia
875 4099 938 4149 Ces.
948 4126 983 4136 —
992 4101 1066 4150 Oros.
1076 4102 1128 4158 VI,
1139 4101 1165 4148 8.
1175 4127 1209 4137 -
1221 4099 1271 4147 ta'v.
1281 4093 1339 4157 [W

276 4207 311 4218 -
322 4181 379 4229 Ilio.
395 4209 428 4222 ·-
439 4183 504 4232 Ποῖ.
517 4185 568 4244 III,
582 4197 621 4232 ro.
635 4211 667 4222 --
682 4185 745 4237 Ca.
754 4183 787 4232 ds
798 4185 828 4232 B.
838 4183 904 4234 Gall.
915 4183 960 4233 lib.
970 4185 1015 4234 tv.
