<?xml version="1.0" encoding="UTF-8"?>
<!DOCTYPE html PUBLIC "-//W3C//DTD XHTML 1.0 Transitional//EN"
    "http://www.w3.org/TR/xhtml1/DTD/xhtml1-transitional.dtd">
<html xmlns="http://www.w3.org/1999/xhtml" xml:lang="en" lang="en">
 <head>
  <title>
</title>
<meta http-equiv="Content-Type" content="text/html;charset=utf-8" />
  <meta name='ocr-system' content='tesseract 3.04.00' />
  <meta name='ocr-capabilities' content='ocr_page ocr_carea ocr_par ocr_line ocrx_word'/>
</head>
<body>
  <div class='ocr_page' id='page_1' title='image "bibliothecaclas116lemagoog_0149.png"; bbox 0 0 2875 4900; ppageno 0'>
   <div class='ocr_carea' id='block_1_1' title="bbox 219 372 1138 473">
    <p class='ocr_par' dir='ltr' id='par_1_1' title="bbox 219 372 1138 473">
     <span class='ocr_line' id='line_1_1' title="bbox 219 372 1138 473; baseline 0.004 -30"><span class='ocrx_word' id='word_1_1' title='bbox 219 374 269 445; x_wconf 87' lang='lat' dir='ltr'>IN</span> <span class='ocrx_word' id='word_1_2' title='bbox 299 372 766 444; x_wconf 78' lang='lat' dir='ltr'>Loc.Ltss.Lxxx111</span> <span class='ocrx_word' id='word_1_3' title='bbox 796 376 1006 447; x_wconf 82' lang='lat' dir='ltr'><strong>LIVIANI.</strong></span> <span class='ocrx_word' id='word_1_4' title='bbox 1074 376 1138 473; x_wconf 78' lang='lat'>¹37</span> 
     </span>
    </p>
   </div>
   <div class='ocr_carea' id='block_1_2' title="bbox 36 492 1146 3910">
    <p class='ocr_par' dir='ltr' id='par_1_2' title="bbox 105 492 1144 1187">
     <span class='ocr_line' id='line_1_2' title="bbox 109 492 1142 584; baseline 0.009 -30"><span class='ocrx_word' id='word_1_5' title='bbox 109 508 182 573; x_wconf 86' lang='lat' dir='ltr'>sunt,</span> <span class='ocrx_word' id='word_1_6' title='bbox 199 514 295 581; x_wconf 88' lang='lat' dir='ltr'>quum</span> <span class='ocrx_word' id='word_1_7' title='bbox 312 496 449 559; x_wconf 84' lang='lat' dir='ltr'>llomam</span> <span class='ocrx_word' id='word_1_8' title='bbox 468 492 590 558; x_wconf 84' lang='lat' dir='ltr'>delatos</span> <span class='ocrx_word' id='word_1_9' title='bbox 606 496 773 584; x_wconf 82' lang='lat' dir='ltr'>Tyrannio</span> <span class='ocrx_word' id='word_1_10' title='bbox 794 496 862 560; x_wconf 87' lang='lat' dir='ltr'>suis</span> <span class='ocrx_word' id='word_1_11' title='bbox 878 498 1072 563; x_wconf 85' lang='lat' dir='ltr'>commentis</span> <span class='ocrx_word' id='word_1_12' title='bbox 1089 522 1142 563; x_wconf 87' lang='lat' dir='ltr'>re·</span> 
     </span>
     <span class='ocr_line' id='line_1_3' title="bbox 109 577 1144 683; baseline 0.007 -26"><span class='ocrx_word' id='word_1_13' title='bbox 109 577 206 678; x_wconf 63' lang='lat' dir='ltr'>periti</span> <span class='ocrx_word' id='word_1_14' title='bbox 225 594 306 659; x_wconf 86' lang='lat' dir='ltr'>hanc</span> <span class='ocrx_word' id='word_1_15' title='bbox 326 594 446 659; x_wconf 88' lang='lat' dir='ltr'>deinde</span> <span class='ocrx_word' id='word_1_16' title='bbox 467 594 643 659; x_wconf 82' lang='lat' dir='ltr'>editionem</span> <span class='ocrx_word' id='word_1_17' title='bbox 665 596 768 676; x_wconf 81' lang='lat' dir='ltr'>nacti,</span> <span class='ocrx_word' id='word_1_18' title='bbox 785 597 843 683; x_wconf 90' lang='lat' dir='ltr'>qui</span> <span class='ocrx_word' id='word_1_19' title='bbox 860 596 950 662; x_wconf 90' lang='lat' dir='ltr'>libris</span> <span class='ocrx_word' id='word_1_20' title='bbox 965 597 1144 665; x_wconf 80' lang='lat' dir='ltr'>vendendis</span> 
     </span>
     <span class='ocr_line' id='line_1_4' title="bbox 108 694 1143 787; baseline 0.005 -28"><span class='ocrx_word' id='word_1_21' title='bbox 108 710 237 779; x_wconf 70' lang='lat' dir='ltr'>qtmttum</span> <span class='ocrx_word' id='word_1_22' title='bbox 255 696 433 777; x_wconf 86' lang='lat' dir='ltr'>faciebant,</span> <span class='ocrx_word' id='word_1_23' title='bbox 446 694 527 760; x_wconf 88' lang='lat' dir='ltr'>dum</span> <span class='ocrx_word' id='word_1_24' title='bbox 542 698 577 759; x_wconf 91' lang='lat' dir='ltr'>in</span> <span class='ocrx_word' id='word_1_25' title='bbox 594 694 817 761; x_wconf 80' lang='lat' dir='ltr'>conducendis</span> <span class='ocrx_word' id='word_1_26' title='bbox 833 696 988 781; x_wconf 88' lang='lat' dir='ltr'>librariis,</span> <span class='ocrx_word' id='word_1_27' title='bbox 1008 721 1143 787; x_wconf 82' lang='lat' dir='ltr'>compa·</span> 
     </span>
     <span class='ocr_line' id='line_1_5' title="bbox 107 794 1141 889; baseline 0.008 -34"><span class='ocrx_word' id='word_1_28' title='bbox 107 794 252 883; x_wconf 76' lang='lat' dir='ltr'>undisque</span> <span class='ocrx_word' id='word_1_29' title='bbox 273 820 349 864; x_wconf 84' lang='lat' dir='ltr'>cum</span> <span class='ocrx_word' id='word_1_30' title='bbox 371 796 546 884; x_wconf 76' lang='lat' dir='ltr'>exemplari</span> <span class='ocrx_word' id='word_1_31' title='bbox 564 797 807 879; x_wconf 89' lang='lat' dir='ltr'>voluminibus,</span> <span class='ocrx_word' id='word_1_32' title='bbox 823 796 865 861; x_wconf 90' lang='lat' dir='ltr'>ad</span> <span class='ocrx_word' id='word_1_33' title='bbox 880 798 1008 863; x_wconf 88' lang='lat' dir='ltr'>lucrum</span> <span class='ocrx_word' id='word_1_34' title='bbox 1023 800 1141 889; x_wconf 79' lang='lat' dir='ltr'>magis,</span> 
     </span>
     <span class='ocr_line' id='line_1_6' title="bbox 107 896 1143 987; baseline 0.004 -28"><span class='ocrx_word' id='word_1_35' title='bbox 107 916 183 979; x_wconf 73' lang='lat' dir='ltr'>qnam</span> <span class='ocrx_word' id='word_1_36' title='bbox 197 897 234 960; x_wconf 88' lang='lat' dir='ltr'>ad</span> <span class='ocrx_word' id='word_1_37' title='bbox 254 896 351 962; x_wconf 89' lang='lat' dir='ltr'>lidem</span> <span class='ocrx_word' id='word_1_38' title='bbox 369 897 565 987; x_wconf 86' lang='lat' dir='ltr'>respiciunt,</span> <span class='ocrx_word' id='word_1_39' title='bbox 582 897 627 963; x_wconf 93' lang='lat' dir='ltr'>ita</span> <span class='ocrx_word' id='word_1_40' title='bbox 643 898 848 987; x_wconf 89' lang='lat' dir='ltr'>repleverunt</span> <span class='ocrx_word' id='word_1_41' title='bbox 865 898 1007 981; x_wconf 85' lang='lat' dir='ltr'>mendis,</span> <span class='ocrx_word' id='word_1_42' title='bbox 1026 900 1143 980; x_wconf 80' lang='lat' dir='ltr'>utiam</span> 
     </span>
     <span class='ocr_line' id='line_1_7' title="bbox 105 997 1144 1087; baseline 0.008 -30"><span class='ocrx_word' id='word_1_43' title='bbox 105 1010 163 1059; x_wconf 87' lang='lat' dir='ltr'>ante</span> <span class='ocrx_word' id='word_1_44' title='bbox 176 998 254 1061; x_wconf 88' lang='lat' dir='ltr'>mille</span> <span class='ocrx_word' id='word_1_45' title='bbox 269 1012 437 1063; x_wconf 85' lang='lat' dir='ltr'>sexcentos</span> <span class='ocrx_word' id='word_1_46' title='bbox 452 1020 575 1079; x_wconf 83' lang='lat' dir='ltr'>annos,</span> <span class='ocrx_word' id='word_1_47' title='bbox 593 997 673 1087; x_wconf 93' lang='lat' dir='ltr'>quid</span> <span class='ocrx_word' id='word_1_48' title='bbox 688 1000 851 1087; x_wconf 89' lang='lat' dir='ltr'>plerisque</span> <span class='ocrx_word' id='word_1_49' title='bbox 865 1000 945 1065; x_wconf 87' lang='lat' dir='ltr'>locis</span> <span class='ocrx_word' id='word_1_50' title='bbox 959 1000 1000 1065; x_wconf 85' lang='lat' dir='ltr'>ab</span> <span class='ocrx_word' id='word_1_51' title='bbox 1016 1001 1144 1065; x_wconf 78' lang='lat' dir='ltr'>Aristo·</span> 
     </span>
     <span class='ocr_line' id='line_1_8' title="bbox 106 1095 848 1187; baseline 0.012 -30"><span class='ocrx_word' id='word_1_52' title='bbox 106 1095 153 1157; x_wconf 88' lang='lat' dir='ltr'>tele</span> <span class='ocrx_word' id='word_1_53' title='bbox 166 1114 241 1161; x_wconf 84' lang='lat' dir='ltr'>osset</span> <span class='ocrx_word' id='word_1_54' title='bbox 255 1099 412 1187; x_wconf 88' lang='lat' dir='ltr'>scriptum</span> <span class='ocrx_word' id='word_1_55' title='bbox 423 1147 434 1181; x_wconf 96' lang='lat'>,</span> <span class='ocrx_word' id='word_1_56' title='bbox 447 1098 619 1187; x_wconf 73' lang='lat' dir='ltr'>disceptari</span> <span class='ocrx_word' id='word_1_57' title='bbox 632 1100 848 1166; x_wconf 76' lang='lat' dir='ltr'>consueverit.</span> 
     </span>
    </p>

    <p class='ocr_par' dir='ltr' id='par_1_3' title="bbox 40 1196 1145 2496">
     <span class='ocr_line' id='line_1_9' title="bbox 136 1196 1143 1290; baseline 0.005 -30"><span class='ocrx_word' id='word_1_58' title='bbox 136 1196 235 1263; x_wconf 84' lang='lat' dir='ltr'>llLVl.</span> <span class='ocrx_word' id='word_1_59' title='bbox 253 1198 317 1263; x_wconf 87' lang='lat' dir='ltr'>Sed</span> <span class='ocrx_word' id='word_1_60' title='bbox 331 1200 368 1267; x_wconf 88' lang='lat' dir='ltr'>L.</span> <span class='ocrx_word' id='word_1_61' title='bbox 382 1201 470 1265; x_wconf 90' lang='lat' dir='ltr'>Sulla</span> <span class='ocrx_word' id='word_1_62' title='bbox 482 1223 587 1288; x_wconf 87' lang='lat' dir='ltr'>quum</span> <span class='ocrx_word' id='word_1_63' title='bbox 601 1200 737 1266; x_wconf 79' lang='lat' dir='ltr'>Athenis</span> <span class='ocrx_word' id='word_1_64' title='bbox 753 1200 867 1267; x_wconf 87' lang='lat' dir='ltr'>dolore</span> <span class='ocrx_word' id='word_1_65' title='bbox 884 1199 1007 1290; x_wconf 87' lang='lat' dir='ltr'>pedum</span> <span class='ocrx_word' id='word_1_66' title='bbox 1026 1205 1143 1267; x_wconf 83' lang='lat' dir='ltr'>tentari</span> 
     </span>
     <span class='ocr_line' id='line_1_10' title="bbox 103 1297 1143 1391; baseline 0.011 -33"><span class='ocrx_word' id='word_1_67' title='bbox 103 1297 243 1383; x_wconf 74' lang='lat' dir='ltr'>cepisset,</span> <span class='ocrx_word' id='word_1_68' title='bbox 265 1298 446 1388; x_wconf 81' lang='lat' dir='ltr'>AEdepsum</span> <span class='ocrx_word' id='word_1_69' title='bbox 465 1302 631 1388; x_wconf 77' lang='lat' dir='ltr'>proiectus</span> <span class='ocrx_word' id='word_1_70' title='bbox 648 1318 716 1384; x_wconf 92' lang='lat' dir='ltr'>est,</span> <span class='ocrx_word' id='word_1_71' title='bbox 734 1302 865 1367; x_wconf 77' lang='lat' dir='ltr'>Euboec</span> <span class='ocrx_word' id='word_1_72' title='bbox 887 1302 1065 1391; x_wconf 91' lang='lat' dir='ltr'>oppidum,</span> <span class='ocrx_word' id='word_1_73' title='bbox 1085 1303 1143 1370; x_wconf 91' lang='lat' dir='ltr'>ubi</span> 
     </span>
     <span class='ocr_line' id='line_1_11' title="bbox 40 1396 1143 1491; baseline 0.008 -33"><span class='ocrx_word' id='word_1_74' title='bbox 40 1410 41 1421; x_wconf 61' lang='lat'>¹</span> <span class='ocrx_word' id='word_1_75' title='bbox 102 1396 253 1463; x_wconf 79' lang='lat' dir='ltr'>mlidarum</span> <span class='ocrx_word' id='word_1_76' title='bbox 265 1422 424 1489; x_wconf 78' lang='lat' dir='ltr'>aqumum</span> <span class='ocrx_word' id='word_1_77' title='bbox 441 1402 603 1491; x_wconf 81' lang='lat' dir='ltr'>scaturigo</span> <span class='ocrx_word' id='word_1_78' title='bbox 619 1418 705 1483; x_wconf 86' lang='lat' dir='ltr'>erat,</span> <span class='ocrx_word' id='word_1_79' title='bbox 720 1402 810 1490; x_wconf 92' lang='lat' dir='ltr'>quod</span> <span class='ocrx_word' id='word_1_80' title='bbox 826 1402 968 1467; x_wconf 78' lang='lat' dir='ltr'>Herculis</span> <span class='ocrx_word' id='word_1_81' title='bbox 980 1403 1143 1467; x_wconf 80' lang='lat' dir='ltr'>lavacrum</span> 
     </span>
     <span class='ocr_line' id='line_1_12' title="bbox 101 1500 1143 1593; baseline 0.009 -33"><span class='ocrx_word' id='word_1_82' title='bbox 101 1500 301 1585; x_wconf 81' lang='lat' dir='ltr'>appellabant3</span> <span class='ocrx_word' id='word_1_83' title='bbox 318 1500 561 1591; x_wconf 77' lang='lat' dir='ltr'>valetudinique</span> <span class='ocrx_word' id='word_1_84' title='bbox 576 1520 610 1567; x_wconf 88' lang='lat' dir='ltr'>et</span> <span class='ocrx_word' id='word_1_85' title='bbox 625 1504 832 1568; x_wconf 87' lang='lat' dir='ltr'>oblectationi</span> <span class='ocrx_word' id='word_1_86' title='bbox 849 1527 916 1569; x_wconf 81' lang='lat' dir='ltr'>sure</span> <span class='ocrx_word' id='word_1_87' title='bbox 936 1528 1068 1593; x_wconf 81' lang='lat' dir='ltr'>operam</span> <span class='ocrx_word' id='word_1_88' title='bbox 1083 1505 1143 1571; x_wconf 91' lang='lat' dir='ltr'>de·</span> 
     </span>
     <span class='ocr_line' id='line_1_13' title="bbox 100 1596 1144 1695; baseline 0.01 -35"><span class='ocrx_word' id='word_1_89' title='bbox 100 1596 156 1680; x_wconf 90' lang='lat' dir='ltr'>dit,</span> <span class='ocrx_word' id='word_1_90' title='bbox 177 1602 334 1667; x_wconf 85' lang='lat' dir='ltr'>Bacchicis</span> <span class='ocrx_word' id='word_1_91' title='bbox 356 1600 534 1668; x_wconf 84' lang='lat' dir='ltr'>artificibus</span> <span class='ocrx_word' id='word_1_92' title='bbox 559 1602 717 1669; x_wconf 87' lang='lat' dir='ltr'>addictus.</span> <span class='ocrx_word' id='word_1_93' title='bbox 741 1605 868 1669; x_wconf 82' lang='lat' dir='ltr'>Interea</span> <span class='ocrx_word' id='word_1_94' title='bbox 894 1606 1047 1671; x_wconf 77' lang='lat' dir='ltr'>Lucullus</span> <span class='ocrx_word' id='word_1_95' title='bbox 1068 1621 1144 1695; x_wconf 92' lang='lat' dir='ltr'>post</span> 
     </span>
     <span class='ocr_line' id='line_1_14' title="bbox 100 1702 1143 1794; baseline 0.009 -33"><span class='ocrx_word' id='word_1_96' title='bbox 100 1702 313 1783; x_wconf 85' lang='lat' dir='ltr'>prosectionem</span> <span class='ocrx_word' id='word_1_97' title='bbox 335 1704 430 1769; x_wconf 78' lang='lat' dir='ltr'>Sullae</span> <span class='ocrx_word' id='word_1_98' title='bbox 454 1727 492 1768; x_wconf 88' lang='lat' dir='ltr'>ex</span> <span class='ocrx_word' id='word_1_99' title='bbox 513 1704 608 1786; x_wconf 79' lang='lat' dir='ltr'>Asia,</span> <span class='ocrx_word' id='word_1_100' title='bbox 629 1726 690 1794; x_wconf 86' lang='lat' dir='ltr'>pru</span> <span class='ocrx_word' id='word_1_101' title='bbox 709 1726 770 1769; x_wconf 88' lang='lat' dir='ltr'>sua</span> <span class='ocrx_word' id='word_1_102' title='bbox 791 1705 1056 1787; x_wconf 88' lang='lat' dir='ltr'>mausuetudine,</span> <span class='ocrx_word' id='word_1_103' title='bbox 1073 1722 1143 1771; x_wconf 90' lang='lat' dir='ltr'>tum</span> 
     </span>
     <span class='ocr_line' id='line_1_15' title="bbox 99 1799 1143 1896; baseline 0.008 -35"><span class='ocrx_word' id='word_1_104' title='bbox 99 1799 174 1884; x_wconf 79' lang='lat' dir='ltr'>alias,</span> <span class='ocrx_word' id='word_1_105' title='bbox 191 1820 349 1891; x_wconf 88' lang='lat' dir='ltr'>quantum</span> <span class='ocrx_word' id='word_1_106' title='bbox 370 1820 515 1893; x_wconf 84' lang='lat' dir='ltr'>poterat,</span> <span class='ocrx_word' id='word_1_107' title='bbox 540 1806 683 1869; x_wconf 84' lang='lat' dir='ltr'>civitates</span> <span class='ocrx_word' id='word_1_108' title='bbox 704 1805 876 1887; x_wconf 80' lang='lat' dir='ltr'>allevabat3</span> <span class='ocrx_word' id='word_1_109' title='bbox 893 1820 964 1870; x_wconf 91' lang='lat' dir='ltr'>tum</span> <span class='ocrx_word' id='word_1_110' title='bbox 982 1806 1143 1896; x_wconf 70' lang='lat' dir='ltr'>praecipue</span> 
     </span>
     <span class='ocr_line' id='line_1_16' title="bbox 100 1899 1144 1993; baseline 0.007 -31"><span class='ocrx_word' id='word_1_111' title='bbox 100 1899 268 1989; x_wconf 80' lang='lat' dir='ltr'>llitylenteis</span> <span class='ocrx_word' id='word_1_112' title='bbox 284 1922 499 1987; x_wconf 70' lang='lat' dir='ltr'>auctorent,</span> <span class='ocrx_word' id='word_1_113' title='bbox 515 1922 573 1989; x_wconf 87' lang='lat' dir='ltr'>ut,</span> <span class='ocrx_word' id='word_1_114' title='bbox 587 1906 696 1993; x_wconf 84' lang='lat' dir='ltr'>agnita</span> <span class='ocrx_word' id='word_1_115' title='bbox 714 1907 826 1993; x_wconf 78' lang='lat' dir='ltr'>culpa,</span> <span class='ocrx_word' id='word_1_116' title='bbox 840 1904 1057 1987; x_wconf 82' lang='lat' dir='ltr'>mediocrem,</span> <span class='ocrx_word' id='word_1_117' title='bbox 1072 1926 1144 1993; x_wconf 76' lang='lat' dir='ltr'>qutc</span> 
     </span>
     <span class='ocr_line' id='line_1_17' title="bbox 98 1998 1144 2095; baseline 0.008 -32"><span class='ocrx_word' id='word_1_118' title='bbox 98 1998 227 2089; x_wconf 88' lang='lat' dir='ltr'>imposita</span> <span class='ocrx_word' id='word_1_119' title='bbox 241 2021 326 2087; x_wconf 88' lang='lat' dir='ltr'>erat,</span> <span class='ocrx_word' id='word_1_120' title='bbox 344 2006 498 2071; x_wconf 89' lang='lat' dir='ltr'>mulctam</span> <span class='ocrx_word' id='word_1_121' title='bbox 514 2008 745 2095; x_wconf 74' lang='lat' dir='ltr'>persolverent</span> <span class='ocrx_word' id='word_1_122' title='bbox 757 2008 800 2071; x_wconf 87' lang='lat' dir='ltr'>lli</span> <span class='ocrx_word' id='word_1_123' title='bbox 814 2008 855 2073; x_wconf 89' lang='lat' dir='ltr'>ab</span> <span class='ocrx_word' id='word_1_124' title='bbox 871 2007 966 2072; x_wconf 84' lang='lat' dir='ltr'>initio</span> <span class='ocrx_word' id='word_1_125' title='bbox 984 2006 1089 2094; x_wconf 84' lang='lat' dir='ltr'>palam</span> <span class='ocrx_word' id='word_1_126' title='bbox 1102 2007 1144 2071; x_wconf 92' lang='lat' dir='ltr'>ad</span> 
     </span>
     <span class='ocr_line' id='line_1_18' title="bbox 98 2100 1144 2197; baseline 0.009 -35"><span class='ocrx_word' id='word_1_127' title='bbox 98 2100 298 2171; x_wconf 79' lang='lat' dir='ltr'>Mithridatem</span> <span class='ocrx_word' id='word_1_128' title='bbox 315 2105 533 2187; x_wconf 85' lang='lat' dir='ltr'>desciverant,</span> <span class='ocrx_word' id='word_1_129' title='bbox 549 2106 660 2173; x_wconf 88' lang='lat' dir='ltr'>Manio</span> <span class='ocrx_word' id='word_1_130' title='bbox 676 2107 821 2195; x_wconf 86' lang='lat' dir='ltr'>Aquillio</span> <span class='ocrx_word' id='word_1_131' title='bbox 842 2110 981 2196; x_wconf 86' lang='lat' dir='ltr'>turpiter</span> <span class='ocrx_word' id='word_1_132' title='bbox 995 2106 1144 2197; x_wconf 89' lang='lat' dir='ltr'>prodito,</span> 
     </span>
     <span class='ocr_line' id='line_1_19' title="bbox 97 2200 1143 2297; baseline 0.008 -34"><span class='ocrx_word' id='word_1_133' title='bbox 97 2200 325 2295; x_wconf 81' lang='lat' dir='ltr'>diutissimeque</span> <span class='ocrx_word' id='word_1_134' title='bbox 346 2222 531 2271; x_wconf 86' lang='lat' dir='ltr'>manserant</span> <span class='ocrx_word' id='word_1_135' title='bbox 548 2207 583 2271; x_wconf 89' lang='lat' dir='ltr'>in</span> <span class='ocrx_word' id='word_1_136' title='bbox 602 2207 765 2295; x_wconf 90' lang='lat' dir='ltr'>partibus,</span> <span class='ocrx_word' id='word_1_137' title='bbox 784 2230 826 2271; x_wconf 91' lang='lat' dir='ltr'>ne</span> <span class='ocrx_word' id='word_1_138' title='bbox 846 2206 990 2297; x_wconf 79' lang='lat' dir='ltr'>digresso</span> <span class='ocrx_word' id='word_1_139' title='bbox 1010 2205 1143 2294; x_wconf 90' lang='lat' dir='ltr'>quidem</span> 
     </span>
     <span class='ocr_line' id='line_1_20' title="bbox 97 2308 1145 2397; baseline 0.002 -29"><span class='ocrx_word' id='word_1_140' title='bbox 97 2324 158 2392; x_wconf 81' lang='lat' dir='ltr'>tege</span> <span class='ocrx_word' id='word_1_141' title='bbox 169 2308 413 2396; x_wconf 78' lang='lat' dir='ltr'>resipiscebant,</span> <span class='ocrx_word' id='word_1_142' title='bbox 427 2309 507 2395; x_wconf 90' lang='lat' dir='ltr'>quin</span> <span class='ocrx_word' id='word_1_143' title='bbox 520 2328 556 2372; x_wconf 90' lang='lat' dir='ltr'>se</span> <span class='ocrx_word' id='word_1_144' title='bbox 572 2308 713 2371; x_wconf 87' lang='lat' dir='ltr'>romanis</span> <span class='ocrx_word' id='word_1_145' title='bbox 726 2308 824 2373; x_wconf 87' lang='lat' dir='ltr'>armis</span> <span class='ocrx_word' id='word_1_146' title='bbox 837 2323 1060 2397; x_wconf 89' lang='lat' dir='ltr'>opponerent:</span> <span class='ocrx_word' id='word_1_147' title='bbox 1074 2322 1145 2371; x_wconf 79' lang='lat' dir='ltr'>tan·</span> 
     </span>
     <span class='ocr_line' id='line_1_21' title="bbox 96 2406 1107 2496; baseline 0.008 -31"><span class='ocrx_word' id='word_1_148' title='bbox 96 2418 137 2468; x_wconf 86' lang='lat' dir='ltr'>tus</span> <span class='ocrx_word' id='word_1_149' title='bbox 151 2408 427 2474; x_wconf 87' lang='lat' dir='ltr'>stolidissimorum</span> <span class='ocrx_word' id='word_1_150' title='bbox 444 2409 617 2474; x_wconf 89' lang='lat' dir='ltr'>hominum</span> <span class='ocrx_word' id='word_1_151' title='bbox 634 2408 759 2474; x_wconf 77' lang='lat' dir='ltr'>a&#39;nimos</span> <span class='ocrx_word' id='word_1_152' title='bbox 776 2406 869 2473; x_wconf 87' lang='lat' dir='ltr'>luror</span> <span class='ocrx_word' id='word_1_153' title='bbox 884 2423 1107 2496; x_wconf 88' lang='lat' dir='ltr'>occupaverat.</span> 
     </span>
    </p>

    <p class='ocr_par' dir='ltr' id='par_1_4' title="bbox 36 2507 1146 3910">
     <span class='ocr_line' id='line_1_22' title="bbox 131 2507 1144 2600; baseline 0.004 -30"><span class='ocrx_word' id='word_1_154' title='bbox 131 2507 254 2574; x_wconf 83' lang='lat' dir='ltr'><strong>XLVII.</strong></span> <span class='ocrx_word' id='word_1_155' title='bbox 273 2509 379 2600; x_wconf 78' lang='lat' dir='ltr'>Igitur</span> <span class='ocrx_word' id='word_1_156' title='bbox 391 2510 563 2592; x_wconf 85' lang='lat' dir='ltr'>Luctdlus,</span> <span class='ocrx_word' id='word_1_157' title='bbox 577 2511 675 2576; x_wconf 88' lang='lat' dir='ltr'>classe</span> <span class='ocrx_word' id='word_1_158' title='bbox 691 2509 839 2592; x_wconf 87' lang='lat' dir='ltr'>admota,</span> <span class='ocrx_word' id='word_1_159' title='bbox 855 2532 959 2599; x_wconf 88' lang='lat' dir='ltr'>quum</span> <span class='ocrx_word' id='word_1_160' title='bbox 969 2508 1144 2596; x_wconf 81' lang='lat' dir='ltr'>prohiben-</span> 
     </span>
     <span class='ocr_line' id='line_1_23' title="bbox 36 2610 1142 2700; baseline 0.005 -31"><span class='ocrx_word' id='word_1_161' title='bbox 36 2637 37 2650; x_wconf 43' lang='grc' dir='ltr'>ι</span> <span class='ocrx_word' id='word_1_162' title='bbox 95 2619 132 2669; x_wconf 84' lang='lat' dir='ltr'>tes</span> <span class='ocrx_word' id='word_1_163' title='bbox 150 2610 390 2674; x_wconf 87' lang='lat' dir='ltr'>exscensionem</span> <span class='ocrx_word' id='word_1_164' title='bbox 412 2610 592 2699; x_wconf 88' lang='lat' dir='ltr'>oppidanos</span> <span class='ocrx_word' id='word_1_165' title='bbox 608 2612 693 2676; x_wconf 87' lang='lat' dir='ltr'>intra</span> <span class='ocrx_word' id='word_1_166' title='bbox 713 2612 832 2676; x_wconf 84' lang='lat' dir='ltr'>moenia</span> <span class='ocrx_word' id='word_1_167' title='bbox 849 2611 1073 2700; x_wconf 87' lang='lat' dir='ltr'>compulisset,</span> <span class='ocrx_word' id='word_1_168' title='bbox 1089 2633 1142 2674; x_wconf 81' lang='lat' dir='ltr'>ca·</span> 
     </span>
     <span class='ocr_line' id='line_1_24' title="bbox 95 2709 1144 2800; baseline 0.003 -29"><span class='ocrx_word' id='word_1_169' title='bbox 95 2719 147 2770; x_wconf 80' lang='lat' dir='ltr'>stra</span> <span class='ocrx_word' id='word_1_170' title='bbox 164 2726 237 2774; x_wconf 87' lang='lat' dir='ltr'>ante</span> <span class='ocrx_word' id='word_1_171' title='bbox 254 2709 374 2775; x_wconf 88' lang='lat' dir='ltr'>urbem</span> <span class='ocrx_word' id='word_1_172' title='bbox 391 2711 518 2800; x_wconf 80' lang='lat' dir='ltr'>posuit3</span> <span class='ocrx_word' id='word_1_173' title='bbox 534 2710 654 2778; x_wconf 90' lang='lat' dir='ltr'>deinde</span> <span class='ocrx_word' id='word_1_174' title='bbox 668 2711 812 2800; x_wconf 84' lang='lat' dir='ltr'>quodam</span> <span class='ocrx_word' id='word_1_175' title='bbox 826 2711 899 2794; x_wconf 89' lang='lat' dir='ltr'>die,</span> <span class='ocrx_word' id='word_1_176' title='bbox 918 2711 1012 2799; x_wconf 92' lang='lat' dir='ltr'>quasi</span> <span class='ocrx_word' id='word_1_177' title='bbox 1029 2709 1144 2798; x_wconf 87' lang='lat' dir='ltr'>despe-</span> 
     </span>
     <span class='ocr_line' id='line_1_25' title="bbox 94 2809 1143 2902; baseline 0.004 -33"><span class='ocrx_word' id='word_1_178' title='bbox 94 2824 149 2872; x_wconf 83' lang='lat' dir='ltr'>rata</span> <span class='ocrx_word' id='word_1_179' title='bbox 170 2810 430 2902; x_wconf 84' lang='lat' dir='ltr'>expugnatione,</span> <span class='ocrx_word' id='word_1_180' title='bbox 455 2813 621 2900; x_wconf 85' lang='lat' dir='ltr'>propalam</span> <span class='ocrx_word' id='word_1_181' title='bbox 649 2810 691 2876; x_wconf 89' lang='lat' dir='ltr'>de</span> <span class='ocrx_word' id='word_1_182' title='bbox 717 2809 770 2876; x_wconf 93' lang='lat' dir='ltr'>die</span> <span class='ocrx_word' id='word_1_183' title='bbox 796 2811 981 2876; x_wconf 87' lang='lat' dir='ltr'>conscensis</span> <span class='ocrx_word' id='word_1_184' title='bbox 1007 2809 1143 2874; x_wconf 85' lang='lat' dir='ltr'>naribus</span> 
     </span>
     <span class='ocr_line' id='line_1_26' title="bbox 94 2906 1143 2994; baseline 0.002 -23"><span class='ocrx_word' id='word_1_185' title='bbox 94 2906 187 2974; x_wconf 79' lang='lat' dir='ltr'>Eleum</span> <span class='ocrx_word' id='word_1_186' title='bbox 202 2911 345 2994; x_wconf 82' lang='lat' dir='ltr'>trajecit3</span> <span class='ocrx_word' id='word_1_187' title='bbox 364 2911 420 2978; x_wconf 83' lang='lat' dir='ltr'>sed</span> <span class='ocrx_word' id='word_1_188' title='bbox 438 2935 515 2977; x_wconf 87' lang='lat' dir='ltr'>mox</span> <span class='ocrx_word' id='word_1_189' title='bbox 530 2912 592 2978; x_wconf 89' lang='lat' dir='ltr'>sub</span> <span class='ocrx_word' id='word_1_190' title='bbox 606 2929 737 2978; x_wconf 87' lang='lat' dir='ltr'>noctem</span> <span class='ocrx_word' id='word_1_191' title='bbox 750 2911 874 2978; x_wconf 78' lang='lat' dir='ltr'>reflexit</span> <span class='ocrx_word' id='word_1_192' title='bbox 891 2934 1043 2992; x_wconf 86' lang='lat' dir='ltr'>cursum,</span> <span class='ocrx_word' id='word_1_193' title='bbox 1058 2926 1092 2975; x_wconf 89' lang='lat' dir='ltr'>et</span> <span class='ocrx_word' id='word_1_194' title='bbox 1108 2911 1143 2973; x_wconf 92' lang='lat' dir='ltr'>iu</span> 
     </span>
     <span class='ocr_line' id='line_1_27' title="bbox 93 3006 1144 3102; baseline 0.005 -32"><span class='ocrx_word' id='word_1_195' title='bbox 93 3006 200 3077; x_wconf 88' lang='lat' dir='ltr'>insidiis</span> <span class='ocrx_word' id='word_1_196' title='bbox 220 3012 311 3078; x_wconf 87' lang='lat' dir='ltr'>haud</span> <span class='ocrx_word' id='word_1_197' title='bbox 330 3015 445 3101; x_wconf 90' lang='lat' dir='ltr'>procul</span> <span class='ocrx_word' id='word_1_198' title='bbox 465 3015 548 3079; x_wconf 89' lang='lat' dir='ltr'>urbe</span> <span class='ocrx_word' id='word_1_199' title='bbox 566 3013 724 3080; x_wconf 88' lang='lat' dir='ltr'>consedit.</span> <span class='ocrx_word' id='word_1_200' title='bbox 748 3015 1008 3102; x_wconf 78' lang='lat' dir='ltr'>Mitylenaeorum</span> <span class='ocrx_word' id='word_1_201' title='bbox 1026 3011 1144 3099; x_wconf 80' lang='lat' dir='ltr'>vulgus</span> 
     </span>
     <span class='ocr_line' id='line_1_28' title="bbox 94 3107 1146 3202; baseline -0.001 -28"><span class='ocrx_word' id='word_1_202' title='bbox 94 3107 133 3172; x_wconf 80' lang='lat' dir='ltr'>vir</span> <span class='ocrx_word' id='word_1_203' title='bbox 143 3133 160 3174; x_wconf 89' lang='lat' dir='ltr'>a</span> <span class='ocrx_word' id='word_1_204' title='bbox 169 3113 436 3202; x_wconf 84' lang='lat' dir='ltr'>prudentioribus</span> <span class='ocrx_word' id='word_1_205' title='bbox 447 3115 645 3198; x_wconf 87' lang='lat' dir='ltr'>cohibitum,</span> <span class='ocrx_word' id='word_1_206' title='bbox 660 3137 702 3178; x_wconf 89' lang='lat' dir='ltr'>ne</span> <span class='ocrx_word' id='word_1_207' title='bbox 717 3115 826 3179; x_wconf 88' lang='lat' dir='ltr'>statim</span> <span class='ocrx_word' id='word_1_208' title='bbox 839 3113 873 3175; x_wconf 91' lang='lat' dir='ltr'>in</span> <span class='ocrx_word' id='word_1_209' title='bbox 885 3127 987 3176; x_wconf 87' lang='lat' dir='ltr'>castra</span> <span class='ocrx_word' id='word_1_210' title='bbox 997 3112 1146 3198; x_wconf 84' lang='lat' dir='ltr'>prorum-</span> 
     </span>
     <span class='ocr_line' id='line_1_29' title="bbox 93 3213 1144 3306; baseline -0.001 -29"><span class='ocrx_word' id='word_1_211' title='bbox 93 3230 189 3296; x_wconf 83' lang='lat' dir='ltr'>peret,</span> <span class='ocrx_word' id='word_1_212' title='bbox 212 3231 388 3306; x_wconf 87' lang='lat' dir='ltr'>postquam</span> <span class='ocrx_word' id='word_1_213' title='bbox 411 3217 530 3282; x_wconf 87' lang='lat' dir='ltr'>iterum</span> <span class='ocrx_word' id='word_1_214' title='bbox 553 3217 609 3280; x_wconf 82' lang='lat' dir='ltr'>lux</span> <span class='ocrx_word' id='word_1_215' title='bbox 635 3215 749 3296; x_wconf 80' lang='lat' dir='ltr'>affuit,</span> <span class='ocrx_word' id='word_1_216' title='bbox 774 3236 880 3301; x_wconf 90' lang='lat' dir='ltr'>neque</span> <span class='ocrx_word' id='word_1_217' title='bbox 900 3213 1044 3276; x_wconf 89' lang='lat' dir='ltr'>hostium</span> <span class='ocrx_word' id='word_1_218' title='bbox 1065 3235 1144 3276; x_wconf 88' lang='lat' dir='ltr'>con·</span> 
     </span>
     <span class='ocr_line' id='line_1_30' title="bbox 92 3314 1144 3406; baseline -0.003 -25"><span class='ocrx_word' id='word_1_219' title='bbox 92 3331 205 3399; x_wconf 72' lang='lat' dir='ltr'>spectus</span> <span class='ocrx_word' id='word_1_220' title='bbox 217 3317 390 3406; x_wconf 84' lang='lat' dir='ltr'>quisquam</span> <span class='ocrx_word' id='word_1_221' title='bbox 404 3331 469 3397; x_wconf 89' lang='lat' dir='ltr'>est,</span> <span class='ocrx_word' id='word_1_222' title='bbox 481 3317 614 3380; x_wconf 87' lang='lat' dir='ltr'>retineri</span> <span class='ocrx_word' id='word_1_223' title='bbox 626 3315 766 3404; x_wconf 85' lang='lat' dir='ltr'>amplius</span> <span class='ocrx_word' id='word_1_224' title='bbox 779 3337 847 3378; x_wconf 89' lang='lat' dir='ltr'>non</span> <span class='ocrx_word' id='word_1_225' title='bbox 856 3328 1052 3401; x_wconf 89' lang='lat' dir='ltr'>potueruut,</span> <span class='ocrx_word' id='word_1_226' title='bbox 1064 3314 1144 3400; x_wconf 91' lang='lat' dir='ltr'>quin</span> 
     </span>
     <span class='ocr_line' id='line_1_31' title="bbox 93 3414 1144 3503; baseline 0.003 -28"><span class='ocrx_word' id='word_1_227' title='bbox 93 3417 263 3494; x_wconf 85' lang='lat' dir='ltr'>promiscua</span> <span class='ocrx_word' id='word_1_228' title='bbox 288 3416 384 3481; x_wconf 86' lang='lat' dir='ltr'>turba</span> <span class='ocrx_word' id='word_1_229' title='bbox 413 3416 590 3480; x_wconf 90' lang='lat' dir='ltr'>liberorum</span> <span class='ocrx_word' id='word_1_230' title='bbox 615 3419 850 3503; x_wconf 85' lang='lat' dir='ltr'>servorumque</span> <span class='ocrx_word' id='word_1_231' title='bbox 874 3428 1069 3483; x_wconf 82' lang='lat' dir='ltr'>excurreret.</span> <span class='ocrx_word' id='word_1_232' title='bbox 1094 3414 1144 3479; x_wconf 91' lang='lat' dir='ltr'>lbi</span> 
     </span>
     <span class='ocr_line' id='line_1_32' title="bbox 93 3514 1145 3606; baseline 0.001 -28"><span class='ocrx_word' id='word_1_233' title='bbox 93 3531 196 3582; x_wconf 83' lang='lat' dir='ltr'>eoouae</span> <span class='ocrx_word' id='word_1_234' title='bbox 218 3539 259 3584; x_wconf 85' lang='lat' dir='ltr'>ex</span> <span class='ocrx_word' id='word_1_235' title='bbox 285 3517 409 3582; x_wconf 89' lang='lat' dir='ltr'>insidiis</span> <span class='ocrx_word' id='word_1_236' title='bbox 436 3519 659 3582; x_wconf 83' lang='lat' dir='ltr'>Romanorum</span> <span class='ocrx_word' id='word_1_237' title='bbox 679 3517 799 3606; x_wconf 81' lang='lat' dir='ltr'>copiae,</span> <span class='ocrx_word' id='word_1_238' title='bbox 822 3516 975 3581; x_wconf 85' lang='lat' dir='ltr'>adversus</span> <span class='ocrx_word' id='word_1_239' title='bbox 995 3514 1145 3579; x_wconf 89' lang='lat' dir='ltr'>homines</span> 
     </span>
     <span class='ocr_line' id='line_1_33' title="bbox 94 3617 1145 3706; baseline 0.003 -28"><span class='ocrx_word' id='word_1_240' title='bbox 94 3617 328 3684; x_wconf 84' lang='lat' dir='ltr'>necimtructos</span> <span class='ocrx_word' id='word_1_241' title='bbox 341 3619 537 3702; x_wconf 89' lang='lat' dir='ltr'>militariter,</span> <span class='ocrx_word' id='word_1_242' title='bbox 553 3641 613 3683; x_wconf 86' lang='lat' dir='ltr'>nec</span> <span class='ocrx_word' id='word_1_243' title='bbox 626 3617 792 3683; x_wconf 90' lang='lat' dir='ltr'>ordinatos</span> <span class='ocrx_word' id='word_1_244' title='bbox 807 3617 894 3706; x_wconf 86' lang='lat' dir='ltr'>(non</span> <span class='ocrx_word' id='word_1_245' title='bbox 909 3618 995 3682; x_wconf 90' lang='lat' dir='ltr'>enim</span> <span class='ocrx_word' id='word_1_246' title='bbox 1012 3617 1053 3681; x_wconf 87' lang='lat' dir='ltr'>ad</span> <span class='ocrx_word' id='word_1_247' title='bbox 1064 3641 1145 3705; x_wconf 71' lang='lat' dir='ltr'>prse-</span> 
     </span>
     <span class='ocr_line' id='line_1_34' title="bbox 94 3712 1145 3809; baseline -0.007 -26"><span class='ocrx_word' id='word_1_248' title='bbox 94 3712 176 3800; x_wconf 83' lang='lat' dir='ltr'>lium,</span> <span class='ocrx_word' id='word_1_249' title='bbox 193 3719 250 3784; x_wconf 86' lang='lat' dir='ltr'>sed</span> <span class='ocrx_word' id='word_1_250' title='bbox 275 3736 429 3808; x_wconf 86' lang='lat' dir='ltr'>tauquam</span> <span class='ocrx_word' id='word_1_251' title='bbox 454 3718 612 3809; x_wconf 89' lang='lat' dir='ltr'>direpturi</span> <span class='ocrx_word' id='word_1_252' title='bbox 631 3737 733 3784; x_wconf 89' lang='lat' dir='ltr'>castra</span> <span class='ocrx_word' id='word_1_253' title='bbox 749 3717 933 3804; x_wconf 83' lang='lat' dir='ltr'>exiverant)</span> <span class='ocrx_word' id='word_1_254' title='bbox 956 3741 1023 3782; x_wconf 88' lang='lat' dir='ltr'>non</span> <span class='ocrx_word' id='word_1_255' title='bbox 1043 3715 1145 3780; x_wconf 90' lang='lat' dir='ltr'>dubio</span> 
     </span>
     <span class='ocr_line' id='line_1_35' title="bbox 95 3834 393 3910; baseline 0.02 -30"><span class='ocrx_word' id='word_1_256' title='bbox 95 3834 181 3884; x_wconf 82' lang='lat' dir='ltr'>nane</span> <span class='ocrx_word' id='word_1_257' title='bbox 193 3836 393 3910; x_wconf 85' lang='lat' dir='ltr'>pugnarunt.</span> 
     </span>
    </p>
   </div>
   <div class='ocr_carea' id='block_1_3' title="bbox 121 4024 1144 4184">
    <p class='ocr_par' dir='ltr' id='par_1_5' title="bbox 121 4024 1144 4184">
     <span class='ocr_line' id='line_1_36' title="bbox 121 4024 1144 4097; baseline 0 -18"><span class='ocrx_word' id='word_1_258' title='bbox 121 4027 135 4090; x_wconf 70' lang='grc'>5</span> <span class='ocrx_word' id='word_1_259' title='bbox 150 4032 224 4080; x_wconf 75' lang='lat' dir='ltr'>xtV.</span> <span class='ocrx_word' id='word_1_260' title='bbox 241 4035 273 4082; x_wconf 87' lang='lat' dir='ltr'>U.</span> <span class='ocrx_word' id='word_1_261' title='bbox 288 4033 319 4082; x_wconf 86' lang='lat' dir='ltr'>C.</span> <span class='ocrx_word' id='word_1_262' title='bbox 335 4033 403 4092; x_wconf 74' lang='lat'>6683</span> <span class='ocrx_word' id='word_1_263' title='bbox 421 4035 451 4082; x_wconf 82' lang='lat' dir='ltr'>A.</span> <span class='ocrx_word' id='word_1_264' title='bbox 469 4035 498 4083; x_wconf 86' lang='lat' dir='ltr'>C.</span> <span class='ocrx_word' id='word_1_265' title='bbox 514 4037 557 4091; x_wconf 78' lang='lat' dir='ltr'>tt.</span> <span class='ocrx_word' id='word_1_266' title='bbox 570 4062 604 4072; x_wconf 89' lang='lat'>—</span> <span class='ocrx_word' id='word_1_267' title='bbox 619 4035 743 4084; x_wconf 83' lang='lat' dir='ltr'>Plutarch.</span> <span class='ocrx_word' id='word_1_268' title='bbox 756 4037 783 4082; x_wconf 85' lang='lat' dir='ltr'>iu</span> <span class='ocrx_word' id='word_1_269' title='bbox 796 4034 876 4090; x_wconf 82' lang='lat' dir='ltr'>Sulla,</span> <span class='ocrx_word' id='word_1_270' title='bbox 888 4049 942 4097; x_wconf 86' lang='lat' dir='ltr'>cap.</span> <span class='ocrx_word' id='word_1_271' title='bbox 957 4043 999 4092; x_wconf 70' lang='lat'>109.</span> <span class='ocrx_word' id='word_1_272' title='bbox 1015 4055 1050 4066; x_wconf 90' lang='lat'>-·-</span> <span class='ocrx_word' id='word_1_273' title='bbox 1065 4024 1144 4079; x_wconf 51' lang='lat' dir='ltr'>Stralt*¹</span> 
     </span>
     <span class='ocr_line' id='line_1_37' title="bbox 131 4111 1011 4184; baseline -0.006 -19"><span class='ocrx_word' id='word_1_274' title='bbox 131 4111 244 4176; x_wconf 68' lang='lat' dir='ltr'>§XLVL</span> <span class='ocrx_word' id='word_1_275' title='bbox 259 4116 339 4167; x_wconf 77' lang='lat' dir='ltr'>strab.</span> <span class='ocrx_word' id='word_1_276' title='bbox 348 4115 393 4167; x_wconf 80' lang='lat' dir='ltr'>tit.</span> <span class='ocrx_word' id='word_1_277' title='bbox 403 4117 455 4180; x_wconf 82' lang='lat' dir='ltr'>tx,</span> <span class='ocrx_word' id='word_1_278' title='bbox 466 4133 493 4184; x_wconf 84' lang='lat' dir='ltr'>p.</span> <span class='ocrx_word' id='word_1_279' title='bbox 503 4117 562 4174; x_wconf 74' lang='lat' dir='ltr'>tal.</span> <span class='ocrx_word' id='word_1_280' title='bbox 575 4146 610 4156; x_wconf 89' lang='lat'>—</span> <span class='ocrx_word' id='word_1_281' title='bbox 621 4117 746 4168; x_wconf 73' lang='lat' dir='ltr'>Plutarcln</span> <span class='ocrx_word' id='word_1_282' title='bbox 756 4119 783 4166; x_wconf 88' lang='lat' dir='ltr'>in</span> <span class='ocrx_word' id='word_1_283' title='bbox 796 4114 975 4179; x_wconf 63' lang='lat' dir='ltr'>Lucullomp.</span> <span class='ocrx_word' id='word_1_284' title='bbox 987 4112 1011 4160; x_wconf 83' lang='lat' dir='ltr'>t.</span> 
     </span>
    </p>
   </div>
   <div class='ocr_carea' id='block_1_4' title="bbox 0 0 1442 4900">
    <p class='ocr_par' dir='ltr' id='par_1_6' title="bbox 0 0 1442 4900">
     <span class='ocr_line' id='line_1_38' title="bbox 0 0 1442 4900; baseline 0 3"><span class='ocrx_word' id='word_1_285' title='bbox 0 0 1442 4900; x_wconf 95' lang='lat' dir='ltr'> </span> 
     </span>
    </p>
   </div>
  </div>
 </body>
</html>
