2875 4900
291 434 1348 459 mmmmfflmmmfflffl

431 640 721 734 JOANNIS
760 642 1224 733 FREINSHEMII

340 887 1309 1029 SUPPLEMENTORUM

509 1169 1130 1297 LIVIANORUM

642 1436 822 1515 LIBER
862 1438 1007 1516 LXVI

493 1657 538 1709 tn
566 1656 722 1713 LOCUM
746 1657 870 1712 LIBRI
898 1658 942 1712 CI
968 1659 1157 1715 letant.

625 1907 1019 1940 ψ

700 2142 946 2211 ΕΡΙΤΟΜΕ

518 2303 649 2359 LIBRI
679 2302 943 2359 CENTESIMI
970 2304 1119 2360 Pulttl.

285 2440 335 2492 Cn.
354 2437 495 2511 Pompeius
510 2435 707 2500 Mithridatem,
726 2449 859 2490 nocturno
873 2435 964 2509 prelio
980 2436 1098 2501 victum,
1114 2438 1203 2508 coegit
1222 2440 1354 2511 Bosporon

320 2523 471 2596 profugere,
483 2523 628 2594 Tigranem
644 2523 672 2574 in
689 2520 856 2574 deditionem
872 2521 993 2594 accepit,
1011 2522 1105 2592 eique,
1121 2520 1256 2594 ademptis
1265 2525 1353 2596 Syria,

320 2605 459 2670 Phoenice,
480 2607 590 2668 Cilicia,
606 2625 719 2676 regnum
733 2606 865 2658 Armenia
877 2605 1001 2658 restituit.
1019 2605 1177 2678 Coniuratio
1193 2626 1302 2672 eornm,
1312 2607 1354 2678 qui

320 2691 348 2744 in
364 2691 490 2762 petitione
505 2691 660 2743 consulatus
673 2689 788 2742 ambitus
802 2688 922 2741 damnati
931 2701 1022 2752 erant,
1044 2691 1114 2742 fecta
1125 2689 1159 2742 de
1168 2689 1355 2746 interficiendis

319 2775 492 2839 consulibus,
513 2793 640 2847 oppresse
658 2783 707 2826 est.
728 2774 779 2827 Cn.
797 2773 959 2845 Pompeius,
972 2791 1057 2844 quum
1073 2771 1260 2827 Mithridatem
1274 2792 1355 2848 perse·

318 2873 453 2932 queretur,
462 2859 490 2912 in
500 2859 607 2912 ultimas
616 2860 771 2931 ignotasque
781 2868 871 2928 gentes
882 2857 1032 2929 pensu-avit
1043 2876 1050 2909 τ
1063 2859 1155 2910 Iberos
1164 2859 1350 2932 Albanosque,

317 2945 365 3017 qui
382 2943 521 3004 hauritum
540 2963 596 2996 non
615 2941 732 3006 dabant,
746 2940 839 3012 prelio
852 2939 923 2993 vicit.
937 2942 1065 2993 Preterea
1081 2941 1172 3012 sugam
1189 2942 1349 2996 Mithridatis

318 3048 366 3100 per
375 3028 490 3082 Colchos
503 3027 724 3098 Heniochosque,
734 3038 761 3078 et
773 3045 815 3078 res
828 3026 862 3077 ab
872 3045 905 3078 eo
917 3026 946 3078 in
958 3025 1078 3098 Bosporo
1091 3037 1195 3096 gestas,
1207 3029 1334 3082 continet.

283 3218 309 3280 1.
331 3181 626 3282 Miranrunrrs
640 3216 765 3278 interea
776 3214 971 3302 Pompeium
985 3214 1114 3304 fugiens
1129 3214 1172 3278 ita
1186 3216 1357 3303 profectio-

283 3338 359 3379 nem
384 3316 595 3398 instituebat,
613 3332 652 3380 ut
673 3316 826 3380 noctibus
849 3315 1120 3404 progrederetur,
1139 3315 1287 3380 interdiu
1308 3339 1356 3378 re·

283 3416 472 3505 quiesceret.
487 3416 603 3504 Neque
619 3417 760 3482 multum
778 3417 903 3480 itineris
920 3433 1132 3505 praeceperat,
1149 3432 1183 3480 et
1201 3416 1356 3504 postridie

281 3519 407 3599 statim,
425 3541 523 3606 quarn
540 3535 641 3582 castra
658 3519 829 3600 movisset,
843 3519 982 3582 Romani
997 3533 1090 3581 erant
1102 3534 1290 3582 extremum
1306 3541 1357 3607 ag·

281 3641 356 3682 men
374 3620 569 3714 consequuti
582 3643 590 3683 ε
601 3643 661 3684 nec
677 3620 874 3685 dubitabant
884 3619 980 3682 amici
992 3619 1094 3708 regis,
1114 3619 1194 3705 quin
1207 3643 1357 3710 pugnan-

281 3718 362 3784 dum
381 3737 483 3800 esset3
501 3721 570 3808 ipsc
584 3721 644 3785 alia
660 3723 772 3785 omnia
786 3721 979 3809 praeferens,
996 3722 1072 3784 satis
1088 3719 1250 3802 habebat,
1267 3721 1357 3809 equi·

282 3820 370 3884 tibus
390 3820 533 3902 emissis,
553 3839 778 3888 antecursores
795 3823 944 3911 Pompeii
960 3823 1126 3910 repellere.
1142 3823 1191 3885 Ita
1209 3821 1357 3886 cedendo

280 3920 502 4004 Mithridates,
523 3924 727 4013 insequendo
746 3925 900 4006 Romani,
924 3923 966 3988 ad
988 3921 1068 3988 fines
1086 3924 1237 4013 Tigranis
1255 3945 1356 4009 nsque

280 4041 519 4110 processerunt.
540 4028 656 4115 Neque
677 4029 765 4091 enirn
783 4027 904 4116 cupido
921 4025 1090 4114 pugnandi
1104 4025 1285 4112 Pompeio,
1302 4039 1356 4086 aut

196 4111 202 4126 i
282 4121 351 4190 dies
371 4129 548 4212 opportuni
566 4146 675 4210 erant,
691 4128 781 4219 quod
796 4128 907 4193 castris
918 4127 1121 4194 Mithridates
1136 4143 1207 4192 tum
1224 4149 1261 4190 se
1276 4149 1355 4190 con·
