2875 4900
318 404 370 473 IN
401 401 726 475 Loc.1.1n.cv
757 405 971 491 LIVIANI.
1109 401 1180 501 569

109 540 223 592 senatu
244 525 368 589 amicus
390 524 498 589 adhuc
521 524 700 613 appellatus
716 526 911 592 Ptolemaeus
934 541 1020 607 erat,
1041 548 1179 613 quuma

109 626 280 715 gabiniano
297 625 398 691 milite
412 626 497 690 forte
510 625 580 689 selis
598 626 704 693 occim
719 626 912 691 immensam
922 626 1036 714 populi
1048 628 1178 692 turbam

109 728 259 793 concivit.
271 726 363 791 Nihil
373 743 445 791 tum
457 742 526 791 erat
538 728 733 809 Ptolemaeo,
745 744 843 815 atque
853 729 930 817 ipsis
940 729 1036 793 etiarn
1048 730 1180 804 Alexan·

109 828 209 893 drinis
229 829 411 916 antiquius,
430 852 532 917 quam
547 852 590 895 ne
609 830 683 917 quis
701 831 869 894 Romanus
887 828 1128 912 offenderetur3
1145 845 1178 895 et

108 931 245 1011 animal,
265 954 332 995 non
355 932 522 996 voluntate
545 932 676 1014 militis,
693 930 753 997 sed
772 954 867 1013 casu,
883 933 1089 997 interfectum
1107 956 1177 997 ease

109 1033 299 1097 constabat:
315 1049 459 1098 attamen
477 1054 585 1121 neque
604 1035 831 1098 Romanorum
850 1049 974 1114 terror,
995 1055 1103 1121 neque
1115 1034 1177 1097 lto·

108 1135 195 1224 spitii
215 1134 440 1216 necessitudo,
461 1158 503 1200 ne
523 1135 612 1199 missi
628 1135 763 1224 quidem
780 1159 800 1200 a
818 1135 958 1199 sollicito
979 1157 1055 1225 rege
1075 1135 1177 1223 magi·

108 1252 247 1318 stratam,
264 1259 470 1325 compescere
488 1237 649 1326 populum
669 1250 870 1324 potuerunt,
888 1238 1066 1324 quominus
1081 1260 1101 1300 a
1122 1236 1176 1299 fu·

108 1338 256 1403 rentibus
273 1338 370 1403 miser
385 1337 634 1427 discerperetur.

150 1440 250 1505 XLV.
267 1441 371 1506 Porro
387 1441 600 1523 Ptolemaeus,
617 1456 809 1529 recuperato
829 1463 952 1530 regno,
971 1455 1047 1505 ante
1065 1440 1178 1503 omnia

108 1539 207 1605 filiam
229 1542 424 1623 Berenicen,
446 1541 565 1608 deinde
590 1542 890 1630 splendidissimum
913 1564 1078 1629 quemque
1097 1564 1177 1629 sup·

107 1641 204 1729 plicio
217 1640 343 1723 allecit3
366 1644 488 1708 multos
505 1666 564 1732 per
579 1643 659 1708 iram
674 1659 706 1709 et
721 1641 857 1724 odium,
872 1644 1046 1731 plerosque
1054 1642 1179 1707 divitia-

106 1765 180 1807 rum
204 1766 319 1825 causa,
334 1744 455 1831 quibus
472 1745 514 1809 ad
533 1744 716 1811 mercedem
732 1745 873 1809 Gabinio
893 1745 1108 1833 praestandam
1124 1746 1177 1809 in-

106 1843 247 1933 digebat.
276 1846 403 1911 Interea
430 1844 560 1912 Judaeus
583 1845 787 1926 Alexander,
813 1859 1004 1934 recuperato
1029 1868 1089 1934 per
1110 1844 1176 1909 vim

106 1946 311 2036 principatu,
330 1948 505 2025 Romanis,
527 1963 692 2037 quotquot
708 1947 844 2036 adipisci
858 1962 1025 2037 potuerat,
1041 1946 1177 2025 occisis,

106 2048 250 2136 reliquos
265 2048 300 2111 in
319 2065 431 2115 monte
445 2050 606 2115 Garizeno
623 2050 805 2115 obsidebat.
827 2048 897 2113 Nec
916 2047 1045 2113 obviam
1056 2046 1110 2109 ire
1126 2046 1177 2109 Si·

106 2171 209 2215 senna
224 2165 370 2238 poterat,
386 2150 440 2215 cui
455 2149 634 2215 admodum
650 2150 849 2215 adolescenti
861 2149 988 2237 Syriam
1002 2161 1096 2235 pater
1111 2145 1176 2226 Gae

105 2248 217 2313 binius
231 2250 446 2332 commiserat,
460 2274 521 2315 nec
530 2273 627 2316 usum
638 2274 760 2333 rerum,
771 2274 833 2317 nec
843 2250 1067 2315 auctoritatem
1078 2247 1177 2329 rebus

106 2353 204 2415 tantis
218 2374 329 2439 parem
351 2353 495 2418 habenti.
511 2353 639 2418 Idcirco
653 2353 834 2435 Gabinius,
849 2352 967 2440 raptim
981 2374 1021 2415 ex
1033 2349 1176 2439 AEgypto

106 2453 249 2520 reductis
264 2456 382 2544 copiis,
398 2454 618 2522 Alexandrum
634 2456 766 2546 triginta
781 2456 925 2520 millibus
935 2453 1109 2518 hominum
1121 2453 1178 2516 sti·

105 2574 220 2644 patum
240 2559 396 2640 ollendit3
417 2581 606 2646 quanquam
623 2559 812 2647 praemissus
829 2557 870 2622 ad
892 2556 1065 2645 populares
1082 2555 1176 2619 Anti·

104 2673 214 2746 pater,
233 2657 323 2724 haud
335 2681 457 2747 paucos
472 2683 492 2724 a
506 2660 689 2725 defectione
702 2659 895 2725 retraxisset.

148 2760 265 2824 XLVI.
281 2759 332 2826 Ad
351 2760 532 2849 Itabyrium
551 2777 698 2826 montem
714 2761 840 2850 ingenti
855 2758 965 2847 praelio
978 2779 1176 2822 concursum

105 2877 175 2924 est:
196 2858 310 2924 decem
326 2861 427 2926 millia
448 2861 636 2928 Judaeorum
655 2883 746 2928 cesa.
769 2862 967 2942 Gabinium,
987 2858 1086 2924 rebus
1109 2858 1179 2922 hie·

105 2962 347 3050 rosolymitanis
361 2985 403 3026 ex
422 2963 580 3051 Antipatri
596 2963 764 3030 voluntate
787 2961 994 3041 constitutis,
1016 2982 1058 3022 ne
1075 2958 1177 3022 victo·
1201 3047 1206 3054 .

105 3064 186 3128 nam
211 3081 479 3146 consummaret,
503 3067 669 3130 arabicum
689 3066 813 3130 bellurn
833 3051 960 3127 avertit.
985 3059 1025 3126 ld
1046 3083 1179 3148 quoque

104 3164 244 3230 feliciter
263 3167 363 3230 abeo
384 3183 511 3254 gestum
533 3183 602 3247 est,
622 3167 703 3230 finis
727 3165 838 3254 praelio
862 3161 1042 3241 Nabataeis3
1068 3182 1177 3247 neque

105 3269 316 3349 confectum,
330 3267 422 3356 quod
435 3266 501 3345 jam
523 3269 656 3332 Crassus
672 3267 799 3347 aderat,
818 3263 1018 3353 provinciam
1038 3277 1072 3325 et
1085 3282 1178 3325 exer·

105 3369 210 3434 citum
230 3391 249 3432 a
269 3367 410 3434 Gabinio
423 3385 626 3456 accepturus.
646 3366 806 3456 Cupiebat
826 3380 859 3430 et
876 3363 1015 3428 Parthos
1035 3362 1177 3443 exsules5

104 3469 161 3534 sed
175 3469 268 3550 illos,
285 3470 352 3534 sive
370 3469 510 3556 pecunia
521 3485 671 3556 accepta,
694 3469 761 3532 sive
780 3469 896 3532 Crasso
909 3463 1078 3544 invidens,
1095 3465 1177 3528 clam

103 3569 230 3634 dimisit
243 3569 419 3652 Gabinius,
430 3571 508 3661 fuga
518 3567 697 3634 subductos
713 3569 898 3633 ementitus.
911 3567 1075 3630 Restituto
1085 3566 1178 3630 hunc

104 3671 145 3735 ad
158 3670 298 3736 modum
316 3672 511 3752 Ptolemaeo,
529 3693 633 3760 quum
649 3673 777 3734 Roman
791 3693 861 3734 rem
877 3670 962 3734 fama
975 3666 1176 3755 pertulisset,
1188 3755 1191 3760 Ι

105 3772 199 3862 quod
219 3773 378 3844 Gabinius
397 3772 439 3838 ad
461 3788 609 3848 senatum
630 3771 772 3836 scribere
793 3770 976 3850 metuebat3
998 3765 1178 3854 indignatio

140 4001 157 4066 S
170 4004 262 4052 mv.
273 4003 325 4055 oto.
336 4004 364 4060 ia
378 4004 428 4053 Pis.
438 4019 492 4070 cap.
503 4019 546 4053 ar.
556 4029 591 4040 -
605 4003 712 4068 Appiae.
722 4029 758 4040 -
767 4002 821 4050 Liv.
835 3999 903 4064 Epir.
914 4025 950 4035 -
964 3996 1066 4062 Joaepln
1077 4023 1111 4032 —
1120 3993 1178 4043 nto.

104 4113 140 4130 v-
152 4087 233 4136 Strala.
241 4087 286 4138 lib.
298 4091 365 4148 tut,
376 4107 402 4154 p.
413 4089 473 4138 ⁵58.
485 4113 521 4126 -
534 4087 656 4136 Plutarch.
668 4113 703 4124 -
723 4083 828 4133 Diodor.
842 4081 886 4130 lib.
900 4085 925 4138 1,
934 4098 960 4145 p.
971 4081 1015 4128 53.
1027 4107 1061 4116 -
1074 4078 1177 4144 ςΧΙΝ.

105 4168 162 4224 Dio.
173 4197 209 4208 —
219 4171 299 4222 strab.
308 4171 352 4226 lib.
365 4173 453 4233 xvn,
465 4189 490 4238 p.
504 4173 563 4236 796.
574 4197 609 4210 ·-
619 4169 742 4236 Porphyr.
750 4167 817 4232 apud
827 4165 915 4218 linseb.
926 4181 955 4228 p.
966 4163 1026 4210 226.
1035 4159 1181 4227 -Joaepln
