2875 4900
304 410 375 495 484
485 412 554 479 JO.
581 413 920 483 FREINSHEMII
952 415 1195 487 SUPPLEM.

303 532 438 612 adjecit:
450 549 463 587 t
474 530 636 619 Equidem
648 554 706 596 vos
724 548 756 596 et
768 532 894 614 judices
911 535 1007 623 legis,
1024 552 1057 599 et
1071 552 1218 601 auctores
1233 558 1302 602 esse
1315 562 1370 604 vo·

230 636 235 641 ’
302 635 393 717 «lui,
411 635 601 723 priusquam
621 657 697 697 cum
724 636 848 723 populo
873 656 1018 726 agerem,
1043 636 1154 702 Patres
1178 632 1369 729 conscripti,

302 768 315 793 a
324 736 382 801 sed
397 736 553 825 quoniam
565 728 658 798 vobis
672 751 737 798 tam
751 735 839 800 bona
856 735 1002 800 conditio
1019 735 1185 825 displicet,
1200 755 1234 803 et
1245 763 1305 830 pro
1318 741 1370 804 ho·

302 860 429 919 «nore,
449 860 548 925 quem
567 835 661 899 vobis
676 830 854 919 habebam,
873 854 1000 901 tantum
1024 838 1156 919 injurias
1177 840 1369 929 rependitis,

302 964 401 1031 «age,
416 940 545 1020 jubebit
560 930 720 1026 populus,
736 937 826 1028 quod
840 938 869 1003 ei
883 936 1080 1005 videbitur».
1097 940 1240 1023 Exinde,
1260 960 1368 1006 senatu

301 1065 434 1131 prorsus
446 1041 613 1131 neglecto,
630 1042 713 1104 ferre
727 1040 769 1105 ad
782 1042 943 1129 populum
959 1042 1067 1129 coepit.
1086 1041 1164 1123 Quo
1181 1059 1293 1107 tamen
1312 1044 1368 1107 ho·

301 1144 458 1208 nestiores
477 1142 611 1205 haberet
628 1158 794 1223 auctores,
817 1142 852 1205 in
877 1142 1038 1206 concione
1056 1142 1268 1231 interrogavit
1281 1145 1367 1208 colle

300 1267 393 1334 gam,
408 1242 523 1329 ecquid
531 1244 563 1305 ei
574 1245 609 1305 in
621 1242 687 1330 lege
700 1242 899 1332 displtberet?
914 1243 966 1307 ille
981 1243 1076 1323 nihil,
1092 1244 1153 1307 nisi
1165 1268 1231 1307 nou
1238 1250 1365 1333 peinais·

299 1367 407 1409 surum
414 1392 424 1424 ‚
435 1343 608 1433 utala’quid
616 1358 747 1409 novetur
757 1344 942 1408 reconsule:
957 1360 1027 1408 tum
1039 1347 1143 1409 Caesar
1154 1369 1270 1435 rogare
1282 1348 1363 1411 illurn

300 1447 416 1535 coepit,
435 1445 587 1533 idemque
609 1444 753 1509 faciundi
775 1463 890 1510 auctor
908 1447 1032 1534 populo
1055 1446 1138 1511 luit:
1164 1470 1226 1511 nec
1243 1450 1365 1511 mollior

299 1548 377 1612 inde
395 1546 548 1630 Bibulus,
568 1546 692 1611 sublata
707 1570 807 1631 voce,
824 1546 877 1613 Ne
891 1550 920 1610 si
934 1571 1039 1611 omnes
1051 1548 1177 1637 quidem
1190 1550 1363 1629 volueritis,

298 1653 399 1738 legem
415 1651 585 1730 habebitis5
605 1666 728 1713 etcum
748 1648 836 1713 dicto
855 1649 1009 1715 discessit.

341 1753 504 1817 LXXXV.
529 1752 652 1831 Caesar,
674 1751 818 1838 reliquos
842 1751 1047 1841 magistratus
1067 1750 1266 1839 interrogare
1287 1752 1363 1815 intu-

298 1872 369 1919 tum
387 1871 524 1944 putans,
540 1876 644 1941 quum
661 1852 760 1933 hujus
778 1868 863 1917 esset
884 1869 998 1917 contra
1012 1875 1103 1941 spem
1120 1868 1274 1940 expertus
1292 1876 1362 1916 con·

297 1958 469 2038 stantiam,
492 1956 686 2042 Pompeium
707 1955 926 2041 Crassumque
946 1953 1117 2041 produxit,
1135 1953 1281 2039 privatos
1298 1954 1361 2041 qui·

297 2058 391 2140 dem,
413 2057 471 2122 sed
492 2056 610 2145 opibus
634 2070 667 2118 et
690 2054 882 2119 auctoritate
899 2054 1073 2142 principes.
1096 2053 1146 2118 lbi
1172 2056 1360 2141 Pompeius,

295 2162 387 2251 «Ego
407 2182 504 2240 vero,
526 2157 691 2239 Quirites,
713 2156 823 2220 omnia
844 2156 913 2219 haec
935 2175 1144 2243 summopere
1165 2154 1293 2241 probo;
1311 2176 1360 2216 nec

295 2295 308 2319 ι
318 2284 379 2351 ego
389 2262 507 2341 solum,
520 2259 578 2323 sed
590 2260 656 2340 jam
670 2274 742 2321 tum
758 2257 927 2321 universus
940 2255 1089 2344 probarit
1102 2272 1252 2336 senatus,
1265 2277 1358 2343 quum

296 2396 310 2420 ι
319 2380 352 2428 et
369 2364 448 2427 meis
465 2378 498 2426 et
516 2360 638 2426 Metelli
652 2358 808 2424 militibus
823 2380 937 2449 agrum
952 2356 1151 2421 decerneret.
1165 2356 1229 2421 Sed
1244 2380 1286 2421 eo
1300 2357 1359 2445 qui-

295 2499 310 2524 a
319 2465 395 2530 (lem
411 2481 558 2553 tempore
573 2479 708 2550 propter
724 2463 868 2550 inopiam
881 2460 1066 2548 reipublicae
1079 2483 1116 2524 ea
1131 2459 1258 2549 largitio
1272 2459 1358 2524 dilata

294 2583 385 2648 «est3
402 2565 514 2632 eadem
535 2587 625 2628 nunc
641 2564 802 2628 beneficio
825 2563 982 2644 deorum,
1002 2578 1034 2626 et
1054 2585 1150 2651 opera
1166 2584 1258 2644 mea,
1275 2563 1356 2626 locu·

293 2699 307 2723 ι
317 2667 452 2756 pletior,
467 2681 500 2730 et
515 2665 577 2730 illis
593 2681 744 2753 praestare
760 2665 936 2755 promissa,
954 2680 987 2728 et
1001 2663 1134 2751 reliquis
1150 2662 1289 2728 reddere
1303 2664 1357 2730 sru-

293 2801 306 2826 ι
316 2785 388 2833 ctus
405 2766 631 2832 communium
647 2766 816 2850 laborum,
832 2781 971 2855 potest».

337 2868 515 2934 LXXXVI.
538 2869 615 2932 Haec
636 2869 815 2955 loquutus,
838 2867 964 2956 singula
979 2867 1057 2955 legis
1075 2868 1178 2955 capita
1193 2889 1355 2933 recensens

292 2969 489 3034 dilaudabat.
512 2967 552 3033 Id
573 2991 677 3057 quum
702 2967 948 3057 cupientissimo
971 2968 1095 3055 populo
1120 2967 1226 3053 lieret,
1252 2969 1355 3050 adjecit

292 3075 397 3137 cesar
409 3096 448 3154 :f
459 3072 579 3155 Quaero
602 3071 701 3160 igitur
717 3094 756 3135 ex
771 3086 817 3153 te,
834 3069 952 3160 Magne
969 3069 1125 3157 Pompei,
1143 3073 1297 3159 quoniam
1315 3071 1353 3132 le·

292 3206 306 3231 ιι
317 3197 389 3263 gem
408 3174 547 3262 probas,
563 3195 606 3236 an
623 3174 653 3236 ei
671 3171 825 3237 defensor
840 3173 882 3236 sis
899 3171 1049 3253 futurus,
1065 3171 1204 3260 siquam
1220 3174 1353 3238 adversa·

292 3307 306 3331 ι
315 3277 356 3340 rii
367 3277 434 3339 vim
450 3273 609 3338 fecerint?
618 3306 631 3330 υ
642 3273 747 3338 Simul
761 3295 873 3338 versus
885 3270 926 3336 ad
940 3273 1088 3360 plebem,
1102 3296 1195 3337 orare
1207 3275 1351 3362 Magnum

292 3377 494 3441 hortabatur.
510 3375 706 3463 Pompeius,
721 3375 786 3440 hoc
800 3374 927 3438 honore
938 3372 1030 3437 valde
1044 3373 1166 3454 elatus,
1179 3375 1271 3462 quod
1284 3396 1351 3438 con·

291 3477 343 3541 sul
361 3477 473 3564 populi
490 3476 635 3559 romani,
651 3491 748 3562 atque
762 3476 831 3564 ipse
846 3475 987 3564 populus
1001 3473 1042 3538 ad
1055 3476 1282 3541 auctoritatem
1296 3475 1351 3564 pri-

290 3576 354 3641 vati
371 3576 579 3664 confugeret,
603 3577 705 3641 multa
730 3575 771 3640 de
796 3576 893 3640 rebus
917 3576 984 3641 suis
1001 3575 1170 3666 magnifice
1185 3577 1349 3666 loquutus,

290 3693 459 3768 postremo
477 3675 575 3758 dixit,
598 3680 626 3739 si
640 3679 710 3765 quis
727 3701 845 3742 sunaere
856 3675 1005 3766 gladium
1018 3699 1113 3741 aluus
1128 3691 1207 3741 esset
1215 3725 1226 3758 ,
1243 3703 1275 3742 se
1289 3699 1349 3740 cum

289 3795 377 3845 scuto
391 3792 423 3842 et
429 3777 542 3866 gladio
551 3775 734 3866 affuturum
746 3803 834 3868 :quo
843 3803 913 3844 uno
923 3779 1012 3845 dicto
1022 3779 1104 3844 nihil
1114 3801 1260 3868 unquam
1275 3781 1348 3843 exci-

290 3882 382 3947 derat
394 3879 550 3969 Pompeio
560 3879 794 3946 immodestius.
809 3881 852 3945 Et
867 3880 1120 3945 offendebantur
1130 3879 1262 3969 quidem
1272 3875 1347 3943 baud
1378 3867 1379 3883 ¹

289 3982 510 4073 perhanctorie
533 3980 726 4068 optimates:
746 3981 803 4046 sed
822 4005 926 4071 quum
949 3982 1019 4046 haec
1042 3983 1153 4046 omnia
1175 3983 1221 4048 Μ.
1244 3983 1347 4045 Crasso
1377 3979 1378 3988 ’

322 4175 340 4244 5
352 4177 494 4226 Lxmv.
506 4176 571 4226 l’lut.
579 4199 616 4212 -
623 4174 681 4224 Dio.
694 4203 730 4213 -
742 4175 759 4242 S
772 4178 902 4228 LXXXV.
915 4176 980 4228 Plut.
991 4179 1019 4227 iu
1027 4177 1089 4228 Ca.
1099 4189 1124 4228 et
1135 4179 1222 4244 Pomp.
1233 4203 1267 4215 -
1279 4175 1330 4222 Dio·
