2875 4900
227 408 278 476 IN
306 409 420 476 LOC.
446 408 538 475 LIB.
567 408 755 477 LXXXII
783 408 997 477 LIVIANI.
1078 434 1144 503 ¹¹7

96 526 260 614 predaeque
274 528 335 592 illis
352 527 493 592 debitam
511 544 654 615 partem,
673 528 706 590 in
725 528 853 591 laterum
868 544 1080 593 converteret.
1093 530 1145 592 Ab

96 626 135 687 bis
154 628 250 690 initiis
270 650 401 691 aversus
421 653 439 691 a
459 629 602 693 Fimbria
626 629 758 709 consul,
779 651 882 716 quum
904 652 1011 715 neque
1031 628 1144 710 dietis,

95 748 187 813 neque
200 730 290 793 lactis
304 729 548 793 contumeliosis
562 730 596 793 in
614 751 690 795 eum
703 729 894 810 abstineret,
911 728 1065 792 irritabile
1081 730 1143 793 ho·

94 828 176 891 minis
197 830 385 917 ingenium,
409 829 500 893 etad
522 829 689 893 audaciam
706 852 837 916 semper
853 829 1146 915 proiectissimum,

93 928 233 993 vecordiae
253 932 531 1018 contumaciaeque
556 930 710 1018 implevit.
736 932 783 993 Ea
805 931 992 1010 contentio,
1014 929 1080 1007 jam
1103 952 1143 993 ex

92 1025 154 1113 qun¹
162 1030 305 1117 Byzantii
319 1048 555 1110 convenerant,
575 1052 610 1095 se
626 1031 783 1111 exseruit3
801 1031 1018 1116 Flaccumque
1033 1030 1067 1092 in
1084 1052 1141 1112 up-

91 1128 153 1193 bem
173 1131 355 1220 ingressum
378 1132 568 1195 criminatus
588 1132 732 1195 Fimbria
754 1146 820 1212 est,
840 1131 957 1195 milites
978 1130 1143 1193 hiemante

90 1229 155 1295 uelo
176 1248 265 1295 extra
285 1233 403 1296 maenia
423 1232 501 1297 viles
522 1248 795 1319 contemptaeque
816 1231 968 1312 tendere;
989 1233 1140 1295 Flaccum

25 1390 26 1393 ,
90 1332 226 1416 pecunias
241 1355 302 1420 per
314 1332 466 1413 injuriam
480 1334 639 1397 exercitus
652 1349 775 1420 partas,
789 1333 868 1395 luxu
880 1349 913 1395 et
923 1331 1046 1396 deliciis
1057 1332 1141 1395 intra

25 1510 26 1519 ἵ
89 1446 159 1497 tecta
175 1456 392 1499 consumere:
409 1449 602 1523 tantumque
616 1434 786 1499 seditionis
800 1450 1002 1498 commotum
1018 1450 1086 1515 est,
1103 1450 1141 1499 ut

89 1534 189 1599 milites
207 1536 241 1599 in
254 1537 371 1605 urbem
385 1538 417 1600 vi
431 1538 665 1625 irrumperent,
685 1552 735 1617 et,
752 1536 856 1599 obviis
870 1534 1066 1621 quibusdam
1082 1534 1143 1599 ob·

90 1636 251 1717 euocatis,
271 1658 332 1700 suo
347 1636 482 1701 arbitrio
498 1660 556 1725 per
570 1636 685 1701 domos
703 1635 984 1700 distribuerentur.

89 1750 93 1769 ¹
124 1736 199 1800 LIX.
217 1736 285 1801 Sed
302 1738 353 1799 bis
371 1753 552 1825 utcumque
570 1737 778 1825 compositis,
799 1738 832 1799 in
855 1737 993 1800 alterum
1015 1760 1142 1801 annum

86 1832 167 1899 ablata
190 1854 239 1901 est
258 1836 396 1917 seditio,
416 1861 488 1925 qnae
507 1838 650 1903 delatum
672 1838 864 1903 auctoritate
884 1855 1014 1901 senatus
1036 1838 1139 1925 impe-

87 1936 159 1999 rium
170 1940 287 2003 Flacco
298 1938 433 2019 ademit,
446 1956 560 2004 senatu
575 1941 763 2021 inconsulto
773 1939 924 2004 Fimbriae
935 1937 1034 2001 dedit.
1050 1940 1140 2002 Inter

85 2036 144 2101 bec
163 2062 317 2105 censores
341 2042 375 2103 in
398 2042 487 2104 Urbe
509 2043 543 2105 L.
562 2042 705 2105 Marcius
732 2041 773 2123 Q.
784 2041 821 2105 F.
834 2041 875 2123 Q.
886 2041 928 2103 N.
950 2040 1139 2127 Philippus,

85 2137 121 2199 llI.
133 2126 312 2227 Perperna,
331 2141 471 2205 lustrum
492 2142 667 2229 septimum
689 2158 787 2229 atque
804 2142 1039 2231 sexagesimum
1060 2164 1138 2204 con-

83 2236 242 2319 diderunt,
258 2262 358 2327 opera
368 2240 498 2329 publica
509 2242 714 2325 locaverunt,
727 2257 875 2306 senatum
887 2258 1140 2307 recensuerunt:

83 2358 140 2421 quo
153 2354 301 2429 tempore
316 2344 376 2429 Ap.
386 2341 539 2405 Claudius
554 2366 573 2407 a
588 2366 724 2407 censore
737 2343 861 2407 Marcio
873 2360 922 2407 est
937 2345 1138 2431 praeteritus,

82 2461 257 2527 quanquam
277 2442 306 2506 ci
323 2443 507 2531 propinqua
523 2444 716 2534 cogitatione
727 2444 861 2523 junctus
876 2461 981 2524 esset,
995 2442 1086 2530 quod
1104 2443 1135 2507 in

83 2542 214 2624 partibus
231 2544 440 2632 optimatium
462 2545 514 2609 ille
534 2547 648 2610 inerat.
664 2543 756 2608 Idem
772 2567 889 2609 censor
905 2569 998 2632 aque
1010 2547 1139 2609 Marciae

82 2639 205 2706 ductum
215 2645 304 2708 bello
314 2645 422 2708 sociali
430 2645 647 2710 disturbatum
658 2647 779 2710 rel'ecit.
787 2646 914 2709 Civium
925 2669 1136 2710 romanorum

82 2763 165 2810 «tensa
179 2761 251 2808 tum
272 2747 375 2834 capita
388 2763 466 2810 sunt
480 2747 694 2811 CCCCLXIII
709 2747 826 2829 millia;
846 2748 994 2834 princeps
1008 2763 1140 2810 senatus

25 2845 26 2869 l
83 2843 260 2910 L.Valerius
276 2847 410 2910 Flaccus
424 2847 552 2936 gentilis
566 2849 711 2912 consulis
723 2850 824 2912 Flacci
841 2849 943 2912 lectus
956 2865 1014 2912 est.

118 2946 179 3012 tx.
195 2948 271 3012 Sub
288 2948 352 3011 hoc
371 2965 501 3044 tempus
524 2970 627 3036 quum
645 2950 756 3012 omnia
778 2950 811 3011 in
832 2949 920 3012 Urbe
943 2951 1080 3026 incerta,
1105 2965 1137 3010 et

84 3067 175 3131 neque
186 3049 251 3138 legi
267 3049 462 3136 quidquam,
476 3073 582 3136 neque
596 3050 678 3114 mori
693 3051 841 3113 relietum
852 3065 952 3128 esset3
969 3048 1026 3134 qui
1036 3047 1139 3110 domi·

84 3149 233 3212 nadonem
250 3150 464 3230 obtinebant,
481 3173 520 3214 eo
537 3151 749 3240 cogitationes
763 3171 877 3214 omnes
890 3165 1137 3229 converterant,

25 3269 26 3288 ι
85 3264 112 3310 ut
126 3250 158 3314 L.
167 3253 280 3328 solla,
296 3273 395 3338 quem
409 3275 474 3315 suae
489 3251 687 3340 publiceque
700 3253 745 3314 rei
759 3250 920 3315 vindicem
933 3250 1136 3330 metuebant,

83 3351 265 3418 resisterent.
277 3354 384 3441 Igitur
393 3353 542 3418 L.Cinna
553 3377 588 3417 se
601 3354 752 3433 tertium,
765 3375 842 3418 eum
856 3351 1052 3438 Cu.Papirio
1062 3354 1138 3416 Car·

84 3447 157 3516 bone
173 3455 346 3518 considens
364 3455 433 3542 ipse
455 3454 540 3518 fecit.
559 3455 686 3518 Horum
703 3454 865 3541 impotens
888 3451 1032 3539 tyrannis
1054 3452 1135 3516 adeo

84 3553 191 3618 multos
214 3555 402 3643 principum
421 3555 566 3618 virorum
589 3554 630 3618 ad
648 3554 770 3618 Sullam
792 3576 827 3617 se
846 3551 988 3640 'recipere
1009 3555 1134 3640 coegit,

84 3667 115 3712 ut
130 3657 266 3748 amplius
289 3658 323 3720 in
343 3657 453 3721 castris
473 3656 560 3737 ejus,
576 3678 674 3741 quani
697 3656 731 3720 in
748 3657 817 3742 ipsa
832 3655 915 3718 urbe
934 3673 1065 3720 senatus
1081 3657 1134 3719 in·

83 3769 239 3822 suresset.

25 3905 26 3926 l
110 3923 218 3988 stvtu.
228 3929 278 3975 Dio
287 3927 355 3993 apud
363 3928 444 3976 vales.
455 3957 490 3965 —
502 3930 556 3976 ttv.
567 3929 633 3993 Epit.
645 3954 680 3966 -
693 3929 821 3976 Memnon.
831 3955 865 3964 —
877 3926 894 3991 S
903 3928 968 3974 LIX.
980 3927 1042 3974 Fasti
1052 3925 1134 3990 Capit.

25 4069 26 4082 χ
84 4009 237 4058 -cievem
248 4013 274 4069 I,
288 4011 334 4070 55,
347 4023 372 4059 ct
384 4029 431 4076 pro
444 4011 532 4070 domo,
544 4029 597 4077 cap.
608 4015 694 4060 Im—
704 4013 792 4060 Enseb.
807 4036 841 4048 -
855 4011 907 4058 Liv.
921 4009 987 4073 Epit.
1002 4036 1036 4045 -
1050 4009 1066 4073 s
1081 4011 1135 4060 LX.

86 4087 109 4134 ι’.
118 4093 142 4139 C.
153 4093 216 4156 66„
230 4097 263 4143 A.
275 4097 303 4143 G.
315 4095 357 4142 ts.
374 4123 409 4131 -
424 4097 529 4160 Appiam
541 4097 594 4145 Cle.
604 4095 647 4142 lib.
657 4097 676 4144 I.
687 4122 722 4131 -
735 4097 808 4142 Anct.
819 4093 851 4141 de
860 4093 912 4140 vtr.
926 4093 961 4140 ill.
975 4107 1028 4156 cap.
1044 4107 1084 4154 ²9·
1100 4121 1135 4129 —-

84 4173 195 4243 IInIIpIt.
204 4181 349 4228 LXXXIII.
361 4205 396 4218 -
409 4179 465 4228 Dio.
478 4179 641 4229 -l'lutereb
650 4181 677 4228 in
686 4179 764 4236 Sallu,
775 4193 829 4242 cap.
840 4183 882 4232 ll·
