2875 4900
213 402 267 473 IN
298 406 410 475 LOC.
436 408 526 476 LlB.
552 408 752 479 LXXXVI
783 411 994 483 lellnt.
1067 414 1133 487 165

93 544 210 611 «regum
227 523 307 587 [ides
319 541 386 608 est,
402 527 564 591 Murena!
581 544 704 614 quanto
718 530 858 616 quisque
868 532 1016 618 pluribus
1026 536 1134 601 modis

91 624 229 711 gratiam
251 646 364 689 eorum
387 628 524 703 meruit,
549 644 640 692 tauto
662 630 856 717 plerumque
877 648 927 695 est
943 637 1133 720 suspectior.

90 723 227 787 «Amicos
240 724 289 788 uti
303 748 369 788 non
380 727 529 809 caritate,
547 727 605 791 sed
616 751 655 792 ex
670 728 784 793 usibus
794 732 879 813 suis,
892 731 1057 821 deligunt3
1072 736 1134 817 ita,

89 824 194 886 ·simul
215 847 329 889 eorum
350 826 477 891 ruinam
498 828 595 891 rebus
615 830 681 893 suis
701 830 813 895 utilem
835 853 906 896 csse
926 832 1135 900 crediderunt

59 918 63 924 ’
90 923 212 1009 duem,
232 947 275 988 an
296 926 376 991 falso
395 928 431 991 in
453 950 524 991 eam
541 926 716 993 inciderint
730 928 936 1017 opinionem,
953 932 1000 995 nil
1016 933 1133 1019 refert)

91 1025 277 1111 «quominus
298 1026 525 1093 crudelissimis
545 1028 699 1116 exemplis
721 1050 778 1093 cos
794 1030 1020 1116 pessumdent,
1042 1034 1133 1097 utillo

87 1124 220 1189 nallectu
232 1126 424 1193 retinentur.

123 1228 163 1291 X.
175 1226 261 1291 «Sed
275 1249 342 1316 pre
356 1230 477 1293 ceteris
498 1250 613 1293 eorum
632 1250 750 1316 anceps
767 1244 801 1293 et
814 1228 937 1293 lubrica
956 1244 1006 1295 cst
1019 1231 1133 1313 statio,

83 1328 155 1415 ·qui
170 1329 294 1416 maguis
309 1330 501 1394 exercitibus
520 1329 752 1416 preficiuntur.
769 1329 900 1417 Quippe
914 1330 981 1395 sire
997 1330 1132 1397 feliciter

84 1430 173 1517 ·ipsis
185 1452 237 1493 res
254 1430 396 1511 decedit,
416 1429 556 1511 iuridia3
571 1430 639 1495 sive
654 1431 870 1519 improspere,
892 1430 1132 1517 suspicionibus

84 1546 276 1593 «onerantur
289 1552 297 1595 :
311 1552 420 1618 neque
433 1530 542 1595 dicere
556 1552 670 1617 queas,
684 1548 796 1595 utrum
811 1531 854 1594 sit
863 1530 951 1618 apud
964 1530 1033 1595 bec
1046 1532 1133 1619 iuge·
1255 1551 1260 1559 ·

82 1632 151 1695 «nia
168 1632 395 1718 periculosius,
413 1654 485 1720 quse
505 1632 634 1697 vincere
650 1631 751 1698 duces
769 1654 847 1697 suos
865 1635 999 1713 volunt,
1017 1633 1131 1697 vicisse

82 1728 316 1819 «indignantur.
341 1733 411 1821 Ego
434 1734 598 1799 torturam
625 1748 798 1821 utramque
822 1732 940 1797 ductor
963 1733 1129 1820 copiarum

81 1830 292 1895 «Mithridatis
305 1848 473 1919 expertus,
494 1854 561 1897 non
575 1832 664 1899 aliud
680 1856 743 1922 pro
757 1833 836 1897 meis
851 1853 1065 1918 meorumque
1082 1832 1131 1894 la·

80 1930 174 2009 «ctis,
189 1930 395 2009 vulneribus,
415 1931 631 2018 quorumdam
650 1949 684 1997 et
696 1932 873 2012 mortibus,
891 1932 1058 2019 premium
1076 1954 1131 1995 ex·

79 2046 241 2117 «spectare
263 2030 379 2113 debui,
397 2054 496 2119 quam
510 2047 548 2097 ut
566 2032 703 2122 imperio
722 2034 850 2123 tyranni
868 2030 1050 2111 occiderer,
1070 2054 1131 2117 pro

78 2152 216 2219 «magno
235 2130 405 2195 habiturus
424 2130 599 2214 beneficio,
620 2133 649 2197 si
670 2134 760 2197 solus
779 2132 844 2196 boc
862 2147 1005 2219 paterer,
1024 2152 1131 2216 nequo

77 2232 188 2295 ·libcri
202 2232 267 2295 mei
279 2252 426 2319 uxorque
441 2254 507 2295 una
520 2250 737 2299 morerentur.
752 2235 828 2297 liceo
841 2248 876 2295 et
885 2232 963 2311 alia,
977 2252 1049 2317 qun
1063 2252 1129 2293 non

20 2362 21 2395 r
76 2332 243 2420 aignoras,
260 2333 311 2397 rel
322 2354 374 2396 me
389 2348 533 2413 tacente,
550 2334 626 2397 sau's
637 2330 799 2413 indicant,
811 2354 879 2419 quo
891 2332 1001 2397 animo
1012 2347 1045 2395 et
1056 2352 1131 2419 erga

75 2432 186 2496 sillum
201 2455 272 2496 csse
284 2431 438 2515 debeam,
454 2432 546 2512 eujus
559 2432 646 2498 haud
659 2455 738 2498 saue
748 2433 894 2498 meritam
907 2430 1130 2497 crudelitatem

19 2591 20 2610 ,
75 2533 203 2622 ‘fugi03
219 2550 253 2598 et
264 2532 415 2598 adversm
430 2557 506 2610 vos,
520 2533 576 2620 qui
592 2535 688 2622 paulo
705 2550 780 2598 aute
792 2535 938 2615 bostem,
951 2555 1040 2598 nunc
1052 2557 1130 2621 sup·

75 2632 214 2718 «plicem
232 2649 391 2714 vestrum,
412 2633 642 2722 benignissime
657 2635 851 2721 suscepistis.

115 2733 172 2796 Xl.
187 2734 256 2796 «Ut
269 2733 367 2822 igitur
386 2735 532 2821 utrisque
550 2735 700 2821 gratiam,
718 2757 816 2820 quarn
837 2733 959 2812 debeo,
977 2735 1130 2811 referam,

75 2833 255 2898 -conlirmo
275 2833 352 2915 tibi,
371 2833 622 2920 haudquaquam
643 2854 745 2897 vanus
760 2849 891 2913 auctor,
911 2831 1130 2896 Mithridatem
1220 2872 1229 2880 -

75 2950 183 2998 «certo
202 2934 323 2998 certius
342 2933 583 2998 rebellaturum.
608 2933 670 2998 Sed
695 2948 735 2996 ut
756 2933 866 3020 potius
888 2947 1013 3009 vestro,
1033 2953 1130 3016 quam

75 3033 178 3098 ·illius
209 3048 355 3120 ternpore
378 3033 551 3119 incipiatur
576 3033 715 3112 bellum,
739 3033 891 3111 interest3
917 3029 1066 3094 nondum
1087 3030 1130 3092 ita

75 3149 227 3220 ·paratus
242 3149 309 3214 est,
327 3134 407 3220 quin
420 3134 571 3220 occupari
585 3132 708 3221 possit:
724 3133 758 3194 in
778 3153 819 3194 eo
838 3130 1014 3192 maximum
1029 3128 1070 3192 ad
1082 3131 1132 3192 vi·

75 3235 230 3298 «ctoriam
245 3249 447 3297 momentum
459 3255 528 3298 esse
541 3234 637 3297 nosti.
651 3234 766 3318 Neque
779 3252 841 3318 ego
850 3246 914 3293 tam
926 3249 1040 3315 parurn
1052 3231 1131 3294 ami·

74 3335 177 3397 scitiis
193 3357 231 3397 ac
249 3334 404 3398 clientelis
417 3335 522 3416 valeo,
539 3350 578 3398 ut
594 3355 662 3397 nou
678 3332 838 3419 insignem
855 3347 925 3394 tum
943 3330 976 3392 in
990 3331 1132 3394 consiliis

73 3435 239 3498 monium
255 3433 461 3522 indagandis,
480 3451 549 3498 tum
567 3434 602 3497 iu
621 3430 814 3519 recipiendis
832 3429 979 3518 populis,
998 3453 1130 3516 operam

72 3557 211 3598 ¹narare
226 3535 358 3622 possim.
370 3565 383 3590 ι
395 3535 470 3598 linc
487 3555 554 3598 non
570 3547 732 3620 postrema
749 3529 922 3594 festinandi
935 3529 1011 3593 belli
1028 3531 1131 3611 ratio,

73 3655 177 3718 quum
197 3634 240 3698 sd
260 3635 400 3722 priorem
416 3633 625 3722 cupiditatem
640 3631 843 3711 accessisset,
858 3630 947 3698 haud
960 3629 1134 3695 difficulter

73 3749 180 3799 motus
201 3752 250 3799 est
268 3737 430 3816 Murena,
448 3753 505 3816 ut,
530 3734 673 3799 exercitu
693 3749 879 3812 contrecto,
897 3730 1132 3818 Cappadociam

73 3833 304 3922 ingrederetur.
708 3897 712 3902 ,

115 3935 192 4001 Xll.
210 3939 293 4004 Ante
314 3938 423 4002 omnia
444 3937 568 4002 reddita
587 3951 664 4000 sunt
679 3936 909 4009 Ariobarzani,
927 3955 999 4019 que
1020 3929 1061 3994 ad
1081 3953 1133 3994 re-

107 4105 123 4170 S
138 4111 183 4158 Xl.
199 4113 326 4160 llemuou.
344 4139 375 4150 -
389 4111 495 4177 Appiae.
511 4139 544 4148 -
558 4109 636 4160 strab.
648 4109 691 4158 lib.
703 4111 768 4168 nrt,
780 4106 872 4172 [05³5.
