2875 4900
272 384 325 454 lli
354 383 466 452 LOC.
493 383 588 452 LIB.
616 383 761 452 LXXX
786 385 1004 456 LIVIANI.
1127 386 1172 480 73

108 504 311 568 mumulus
327 503 472 567 fisenunt.
491 504 528 568 C.
548 505 652 566 Caesar
667 502 784 568 Strabo
806 503 944 592 hospitis
960 505 1087 570 Etrusci
1104 530 1174 570 sce-

107 606 172 668 lere
187 603 356 692 proditus,
374 604 409 668 in
427 603 598 692 penatibus
618 603 685 668 suis
705 603 885 670 trucidatus
901 621 969 688 est;
988 605 1035 671 Μ.
1047 608 1175 672 Bauius

108 708 179 770 sine
191 707 278 786 ferro
292 705 458 786 manibus,
478 707 619 770 ferarum
633 727 725 770 more
742 705 941 794 discerptus,
960 705 1089 776 deindo¹
1098 731 1175 773 oum

107 812 142 874 st
154 805 342 872 Numitoiio
357 829 416 895 per
432 805 577 872 medium
593 807 701 876 fotum
717 808 811 875 uncis
826 807 1014 882 carnificum
1030 824 1176 896 raptatus

107 925 166 974 ost.
179 910 225 972 M.
237 910 419 974 Antonium
431 909 634 976 consularem
643 907 768 976 villicus
781 909 816 972 in
828 907 949 996 pumilio
961 930 1024 972 suo
1034 909 1175 991 celabat,

108 1009 165 1074 sed
180 1010 386 1098 simplicitate
401 1010 502 1091 scuti,
519 1025 552 1072 et
573 1008 692 1074 scelere
714 1009 872 1096 cauponis
890 1030 942 1072 res
960 1023 1010 1074 est
1027 1007 1175 1097 prodita,

108 1134 213 1199 quum
221 1133 241 1175 a
250 1111 359 1176 tenuis
369 1112 511 1176 fontunoe
524 1109 677 1190 humina,
692 1109 880 1198 generosius
892 1109 1023 1191 viuum,
1035 1125 1069 1175 et
1077 1109 1176 1180 soh'to

107 1214 227 1295 mnus,
245 1227 417 1278 ememtun.
432 1213 572 1287 Marium
589 1211 694 1300 epulis
709 1211 1093 1280 accumbentemtletecti
1108 1214 1176 1280 An·

109 1315 188 1378 tonii
200 1313 324 1378 indicio
337 1313 384 1378 sio
396 1313 569 1380 exsultasse
584 1313 713 1394 ferunt,
727 1329 782 1394 ut,
801 1311 942 1378 elamore
955 1313 1061 1396 adito,
1074 1313 1177 1378 maui-

107 1414 238 1502 busque
257 1413 450 1502 complosis,
466 1413 536 1502 ipse
559 1413 767 1502 profecturus
787 1415 830 1482 ad
852 1413 1036 1486 necandum
1057 1415 1174 1496 fuerit,

107 1515 169 1579 nisi
187 1517 274 1580 foret
289 1515 330 1578 ab
347 1515 457 1582 amicis
476 1515 650 1586 cohibitus.

149 1617 222 1680 XL.
240 1616 331 1682 Missi
346 1639 423 1680 oum
437 1617 474 1686 Ρ.
484 1616 594 1683 Annio
608 1615 745 1680 tribuno
762 1614 898 1697 milites,
912 1637 1016 1703 quum
1026 1614 1069 1680 ad
1075 1619 1177 1680 Anto·

110 1718 204 1788 nium
216 1717 399 1798 venissent,
412 1716 458 1784 sio
471 1717 614 1786 hominis
626 1717 812 1804 eloquentia
822 1716 923 1780 veluti
935 1716 1102 1786 constuisti
1115 1731 1178 1780 ste.
1192 1778 1195 1782 Δ

108 1819 184 1882 tisse
193 1817 415 1901 dicuntus,ut
423 1833 497 1906 post
505 1819 637 1907 longam
646 1818 917 1906 exspectationem
926 1815 1127 1889 adscendens
1134 1817 1177 1882 ad

107 1918 281 1986 visendum
300 1918 469 2001 tubanus,
487 1918 646 1988 intactum
663 1917 772 1983 adhuc
788 1918 962 2007 repererit,
978 1933 1176 2006 coactusque

108 2020 208 2085 luerit
218 2021 287 2108 ipse
301 2018 510 2085 commodare
525 2019 676 2091 muriante
689 2019 817 2086 saevitiae
829 2041 975 2090 manum.
990 2020 1095 2105 Caput
1105 2019 1176 2082 An·

108 2121 190 2184 tonii
202 2120 340 2187 rehtum
353 2118 395 2184 ad
408 2120 566 2204 Marium,
585 2136 618 2184 et
631 2121 665 2186 in
682 2120 760 2208 ipsis
777 2121 896 2192 mensis
908 2119 1095 2207 appositum
1108 2134 1175 2200 est,

107 2243 169 2286 nco
185 2221 254 2309 ipse
269 2220 446 2300 abstinuit,
460 2221 541 2308 quin
559 2221 627 2284 suis
642 2220 794 2285 manibus
811 2218 906 2290 avide
920 2234 1088 2299 tmotamt,
1103 2220 1174 2282 An·

108 2321 284 2409 niumque,
296 2320 419 2386 recenti
431 2321 589 2408 sanguine
600 2320 804 2402 madentem,
819 2321 852 2384 iu
865 2321 974 2392 sinum
986 2342 1085 2389 suum
1098 2319 1176 2384 reci-

108 2435 209 2509 peret,
226 2419 382 2500 Ejusdem
400 2421 537 2509 imperio
553 2422 590 2486 L.
600 2422 722 2504 Cassan,
740 2421 798 2509 qui
816 2422 1024 2492 consulatum
1043 2437 1077 2486 et
1096 2444 1174 2487 oen·

109 2544 217 2591 suram
246 2538 408 2611 gesserat,
431 2521 520 2610 apud
543 2522 778 2594 seditiosissimi
806 2538 840 2591 et
864 2523 1009 2594 vilissimi
1032 2524 1176 2609 hominis

110 2623 151 2705 Q.
164 2622 254 2685 Varii
271 2622 423 2704 bustum,
441 2643 460 2685 a
481 2626 518 2689 C.
528 2623 554 2685 F
556 2622 690 2705 imbria,
708 2622 933 2689 crudelissimo
949 2626 1061 2690 Cinnae
1079 2627 1175 2691 satel-

110 2724 186 2805 lite,
205 2740 360 2811 tanquam
376 2724 548 2813 piacularis
565 2725 672 2808 hostia
687 2724 873 2795 immolatus
886 2740 944 2793 est

151 2824 236 2889 XLI.
259 2827 336 2889 Duo
356 2825 480 2909 Cmssi,
505 2848 609 2913 quum
633 2826 668 2889 in
690 2824 769 2917 luga
793 2844 917 2909 essent,
940 2827 982 2894 ab
1006 2826 1173 2914 equitibus

109 2926 259 2991 limbriaa
274 2942 352 2991 sunt
367 2927 515 3015 occupati
531 2948 539 2991 ε
560 2926 661 2997 filium
682 2928 716 2991 in
739 2945 918 3017 conspectu
933 2927 1032 3016 patris
1046 2927 1175 3013 equites.

109 3027 364 3108 interemerunt3
380 3042 486 3115 pater,
502 3026 638 3115 nequid
652 3026 826 3117 indignum
839 3052 898 3095 sua
912 3029 1032 3097 virtute
1048 3044 1175 3115 patere·

110 3144 178 3209 tur,
193 3150 296 3191 suase
309 3150 409 3193 manu
422 3128 593 3201 interfecit.
606 3130 719 3218 Capita
729 3131 878 3195 omnium
890 3152 951 3219 pro
961 3130 1086 3193 Rostris
1097 3148 1174 3196 sunt

109 3229 294 3317 proposita,
308 3246 347 3293 ut
359 3228 449 3294 haud
461 3230 571 3303 minus
586 3232 767 3298 accubitatis
781 3232 954 3302 ostentatio
968 3232 1106 3299 omilium
1121 3234 1175 3299 ha·
1194 3264 1198 3271 ·

109 3330 217 3411 beret,
230 3352 328 3417 quam
340 3330 476 3419 patratio
491 3330 674 3417 habuissem
687 3356 790 3421 quum
802 3335 837 3399 in
850 3335 924 3403 foro
934 3358 1072 3407 romano
1082 3335 1175 3403 locus

110 3446 176 3495 tota
192 3432 275 3495 urbe
285 3432 531 3514 celeberrimus,
544 3456 643 3520 quem
656 3435 824 3507 hostilium
836 3437 968 3505 navium
982 3438 1092 3526 spoliis
1104 3461 1174 3503 ma·

107 3530 192 3609 joses
207 3530 460 3615 adornaverant,
478 3532 730 3600 clarissimorum
744 3537 890 3602 virorum
903 3539 1081 3627 capitibus,
1099 3556 1173 3609 tau·

110 3654 207 3719 quam
221 3632 406 3697 ornamenti
419 3656 514 3698 causa
528 3633 711 3723 dispositis,
726 3639 877 3727 oppletus
891 3639 1066 3706 videretur.

143 3878 160 3944 S
173 3882 298 3931 XXXIX.
312 3884 344 3931 il.
353 3883 382 3934 G.
393 3884 459 3943 ⁶653
470 3886 502 3933 A.
512 3884 542 3935 C.
553 3886 595 3947 87.
608 3886 714 3937 -vslt
729 3890 768 3949 11,
782 3904 824 3938 aa.
834 3888 1001 3937 -l’lutsrcln
1013 3914 1049 3925 -·
1061 3887 1125 3935 Flor.
1139 3914 1174 3925 -

111 3964 164 4012 val.
173 3966 243 4013 illu.
252 3968 306 4026 tx,
317 3983 342 4014 2.
354 3994 389 4004 --
401 3966 457 4015 siv.
468 3968 534 4043 lipit.
546 3996 583 4007 -
594 3972 685 4019 Lucan.
695 3971 739 4020 lib.
749 3974 788 4032 11,
806 3989 831 4021 v.
847 3986 903 4033 ¹¹9·
917 3998 951 4007 -
964 3969 981 4034 S
992 3972 1046 4017 xt.
1056 3970 1129 4017 succ
1141 3968 1173 4016 dc

112 4048 163 4097 Vir.
173 4048 208 4099 ill.
218 4066 274 4115 cap.
285 4066 326 4111 7⁰·
339 4078 375 4089 -
386 4052 494 4117 Appisu.
512 4080 547 4091 -
563 4054 617 4104 liv.
633 4055 700 4121 Epit.
713 4084 749 4095 -
764 4056 816 4107 Cic.
828 4071 876 4121 pm
887 4057 953 4103 Sext.
966 4069 1020 4119 cap.
1033 4068 1076 4112 Μ,
1088 4064 1114 4101 ⁶2
1127 4068 1174 4117 ΡΝ

112 4132 191 4195 Suus.
205 4160 241 4171 -
253 4132 358 4191 Diodor.
371 4134 439 4211 apud
450 4135 530 4193 Valet,
549 4156 551 4161 ·
