2875 4900
228 394 279 469 ut
313 393 426 467 soc.
452 391 544 466 mn
570 395 775 467 Lxxvnr
805 398 1021 472 Liviani
1115 418 1159 495 27

105 521 263 602 esse,satis
272 521 360 583 inter
367 535 517 584 auctores
531 535 668 584 constat.
677 521 796 608 Neque
809 521 940 586 silentio
952 523 1160 610 praeterierim

104 639 234 688 annoem
245 622 456 713 Theophanis
473 622 580 686 Lesbii
598 623 811 704 calumniam,
837 647 903 711 qua
917 625 978 688 viri
1000 625 1160 689 innocen·

43 795 46 804 ,
103 725 205 788 tissimi
219 725 255 790 P.
269 725 383 788 Rutilii
399 723 519 788 sarnam
531 723 671 788 lacerare
687 739 737 789 est
749 741 888 790 conatus
901 749 910 791 t
921 723 1038 790 Rutilii
1044 725 1164 789 scilicet

102 825 217 892 innunt
234 826 453 895 Mithridatem
468 837 570 891 tantae
587 827 717 891 soevin'cs
736 825 900 892 wnst'lium
916 829 1039 916 cepisse.
1059 829 1162 892 Caete·

103 951 165 994 mm
180 929 397 1018 Theophanes
419 929 483 992 illis
506 949 641 1017 quoque
663 928 887 1017 temporibus,
911 928 1032 1017 quibus
1050 949 1163 993 recens

102 1031 205 1096 barum
225 1053 337 1096 rerum
355 1047 423 1096 erat
441 1031 617 1112 memoria,
637 1051 673 1093 se
693 1033 803 1118 potius
822 1031 1010 1119 turpissime
1030 1028 1165 1094 menda·

102 1155 178 1214 oem,
191 1155 290 1221 quam
305 1133 466 1198 Rutilium
482 1130 671 1220 improbum
687 1130 848 1195 ostendit:
863 1131 1050 1196 liberalibus
1062 1130 1163 1194 literis

101 1255 246 1322 perquam
263 1233 463 1300 illiberaliter
479 1255 579 1315 usus,
602 1233 710 1321 quiin
728 1232 864 1299 historia
881 1233 1023 1297 scribere
1036 1231 1078 1296 de
1090 1234 1161 1298 Ru-

102 1336 160 1400 tilio
180 1337 257 1403 falsa
278 1336 414 1401 crimina
437 1359 505 1400 non
525 1336 675 1419 erubuit,
690 1357 759 1400 non
779 1337 823 1400 ob
847 1335 952 1416 aliud,
969 1357 1068 1423 quam
1086 1337 1163 1424 quia

100 1439 226 1504 Rutilius
243 1438 286 1504 de
305 1454 396 1528 patre
413 1439 474 1504 Cn.
493 1436 642 1526 Pompeii
657 1460 734 1502 vera
747 1439 930 1527 scripserat.

138 1541 209 1606 ΧΠ.
235 1541 390 1606 Colorem
409 1538 544 1630 fingenti
568 1540 766 1604 nonnullum
790 1539 929 1628 praebuit
955 1538 1085 1619 Rutilii,
1105 1539 1164 1624 qui

101 1655 163 1705 tum
182 1627 348 1730 Mitylenis
370 1641 499 1730 agebat,
521 1663 625 1730 quum
643 1641 783 1705 Romani
802 1639 1049 1721 occiderentur,
1070 1641 1164 1704 inco·

100 1739 230 1807 lumitas.
245 1741 311 1806 Sed
324 1741 394 1822 ille,
415 1758 584 1831 comperto
593 1769 612 1825 ,s
620 1759 748 1833 togatos
761 1742 803 1807 ad
819 1764 933 1807 necem
950 1742 1065 1830 quaeri,
1079 1764 1163 1830 prse-

100 1863 164 1908 sens
187 1842 374 1930 periculum
400 1843 535 1908 vestitus
559 1845 741 1909 mutatione
764 1845 938 1909 vitaveratt
962 1867 1035 1932 quae
1054 1844 1164 1908 cautio

99 1943 159 2007 aliis
172 1945 270 2008 etiarn
284 1945 404 2032 passim
418 1966 477 2034 per
487 1946 595 2010 Asiam
613 1947 710 2011 saluti
727 1946 802 2012 luit.
819 1945 883 2012 sed
898 1947 968 2010 baec
981 1963 1080 2034 atque
1091 1947 1165 2010 talia

99 2047 268 2111 revolventi
293 2047 404 2110 animo
425 2047 478 2110 illa
495 2047 637 2114 subinde
656 2050 810 2139 cogitatio
830 2065 998 2130 occursat,
1016 2071 1090 2125 eos,
1107 2047 1165 2136 qni

97 2163 380 2240 rerumgestarum
396 2165 610 2215 monumenta
624 2150 856 2235 conscribunt,
872 2150 955 2214 nihil
967 2161 1166 2239 magnopere

96 2249 186 2332 aliud,
196 2273 298 2340 quam
312 2273 462 2315 errorum
477 2267 577 2338 atque
589 2251 827 2340 suppliciorum
843 2251 1069 2316 bumanorum
1081 2272 1166 2314 com·

97 2367 291 2432 mentarros,
307 2367 426 2416 texere.

134 2454 226 2519 lllll.
252 2456 360 2542 Atque
378 2454 505 2519 utinam
530 2456 629 2538 hujus
645 2472 743 2520 tantm
760 2457 947 2521 calamitatis
964 2477 1112 2536 causam,
1129 2471 1168 2519 ut

94 2554 283 2647 investigare
310 2579 380 2622 non
399 2556 550 2640 difficile,
572 2559 616 2623 ita
634 2559 748 2623 tollere
771 2573 961 2648 promptum
984 2557 1084 2623 esset!
1101 2553 1166 2619 Sed

95 2678 150 2721 nos
180 2659 306 2725 bellum
332 2682 408 2724 cum
435 2676 551 2725 natura
573 2660 795 2749 suscepimus,
818 2660 954 2747 ejusque
978 2676 1106 2724 certum
1134 2673 1167 2721 et

94 2758 329 2825 immutabilem
353 2759 523 2842 ordinem,
542 2761 636 2840 cujus
660 2776 774 2825 auctor
799 2777 967 2849 statorque
988 2762 1078 2826 Deus
1096 2777 1166 2843 est,

96 2880 196 2947 neque
210 2860 296 2925 scire
311 2883 479 2943 curamus,
493 2884 601 2950 neque
618 2862 796 2950 respicere3
811 2860 931 2926 deinde
945 2863 1069 2949 optime
1084 2884 1167 2926 con-

94 2962 172 3027 stllta
180 2962 268 3029 male
282 2963 437 3029 cecidisse
450 2965 576 3053 questi,
591 2986 651 3030 nos
660 2964 875 3045 absolvimus,
892 2962 994 3027 fatum
1012 2978 1046 3026 et
1055 2964 1167 3029 nescio

94 3084 188 3151 quam
207 3064 379 3130 fortunam
397 3066 597 3131 incusamus.
622 3067 721 3154 Atqui
742 3063 921 3129 nobishoc
939 3064 1006 3144 jam
1022 3085 1041 3127 a
1055 3063 1165 3153 primo

93 3187 199 3231 rerum
220 3166 394 3231 conditore
407 3165 550 3231 inditum
572 3168 799 3253 insertumque
810 3166 933 3245 irrerat,
952 3180 1008 3246 ut,
1023 3165 1081 3253 qui
1096 3165 1166 3231 hoec

94 3270 200 3333 omnia
218 3270 322 3357 regit,
345 3290 453 3357 neque
473 3270 570 3334 bonis
587 3268 781 3349 adversum,
803 3289 911 3355 neque
933 3268 1170 3333 contumaciter
1227 3255 1230 3261 ¹

20 3450 21 3465 χ
94 3370 194 3453 pravis
212 3369 405 3459 placabilem
422 3370 600 3460 intelligere
618 3391 800 3460 possemus.
813 3368 977 3434 Eumdem
991 3386 1081 3435 tanta
1098 3394 1169 3437 esse

93 3471 267 3560 sapientia,
285 3474 449 3561 tantisque
465 3473 589 3540 viribus
609 3474 778 3554 novimus,
796 3488 834 3537 ut
846 3495 955 3563 neque
974 3473 1168 3562 cujusquam

92 3588 160 3637 astu
176 3574 426 3657 circumveniri,
445 3596 553 3663 neque
570 3576 643 3663 cogi
659 3576 803 3665 ingratiis
819 3590 937 3663 queat:
954 3598 1087 3641 omnem
1104 3575 1167 3667 igi-

94 3686 144 3736 tur
159 3674 343 3763 prudentie
358 3699 519 3741 summanr
535 3700 574 3742 eo
590 3674 749 3760 recidere,
762 3692 814 3758 ut,
831 3677 992 3766 siquidem
1009 3679 1095 3743 bene
1111 3701 1169 3743 no·

94 3772 140 3836 bis
155 3798 227 3839 esse
242 3775 398 3860 velimus,
415 3779 505 3843 hunc
521 3796 596 3843 ante
614 3780 724 3844 omnia
741 3780 902 3843 laventem
918 3780 1168 3869 propitiumque

95 3872 212 3941 babere
231 3873 417 3944 debeamus.

133 3978 224 4043 x1v.
244 3978 321 4046 llaec
333 4005 407 4048 vera
423 4000 521 4072 atque
539 3984 725 4051 indelebilia
741 3985 871 4051 decreta
883 3983 1002 4049 radoni
1018 3984 1168 4047 omnium

125 4166 140 4233 S
155 4170 202 4219 xl.
215 4170 339 4220 Plutarch.
352 4170 378 4219 in
392 4174 479 4237 Pomp.
492 4201 527 4211 -
538 4171 555 4238 5
565 4174 623 4224 ΧΠ.
638 4174 691 4226 Cic.
702 4188 750 4239 pro
761 4172 847 4221 Rabir-
858 4188 880 4219 c.
891 4185 931 4219 10.
942 4196 977 4207 -
987 4168 1116 4230 Atben.V,
1130 4179 1169 4225 14.
