2875 4900
258 384 313 455 IN
342 384 582 455 LOC.L1B.
611 381 798 453 LXXXII
830 385 1049 455 LIVIANI.
1125 408 1187 456 ror

123 522 187 571 tum
200 504 395 587 Archelaus,
412 526 511 595 qaam
527 504 679 593 iniquum
696 504 855 569 inlocum
871 526 906 569 se
921 504 1128 588 conjecisset,
1141 508 1192 571 in·

121 608 236 672 tellexit
252 631 261 672 :
276 608 441 695 equitibus
456 608 557 697 igitur
572 607 719 672 celeriter
732 606 906 687 immissis,
920 606 1115 671 inferentem
1125 607 1192 688 jam

121 712 209 800 signa
220 710 343 775 Sullam
358 710 553 774 submovere
570 724 706 774 conatus
723 724 782 774 est.

161 810 253 876 xm.
270 810 334 875 Sed
354 811 440 899 pulsi
463 810 499 874 in
516 810 655 899 abrupta
676 810 804 899 equites
827 831 946 898 pamm
965 824 1024 873 ant
1041 808 1193 875 hostibus

120 934 233 995 morse,
250 929 308 978 aut
325 913 392 977 suis
409 912 550 1002 presidii
565 913 755 977 attulerunt.
774 912 900 975 Iterum
918 909 960 975 ad
975 934 1191 1000 perrumpen-

119 1012 191 1076 dam
205 1013 432 1093 Romanorum
452 1014 555 1079 aciem
574 1014 741 1104 sexaginta
761 1034 878 1078 curma
899 1013 1005 1077 falcati
1021 1035 1190 1101 processe·

116 1129 203 1179 runt.
218 1114 283 1179 Sed
299 1116 458 1204 quoniam
476 1115 566 1195 justo
582 1116 704 1204 spatio,
722 1113 814 1202 quod
830 1114 970 1178 maxime
989 1112 1192 1179 concitandis

117 1238 191 1281 cum
222 1217 350 1305 impetu
375 1216 540 1308 quadrigis
567 1217 786 1281 necessarium
811 1232 878 1299 est,
905 1214 1190 1295 destituebantur3
1291 1209 1294 1215 ¹

115 1318 200 1381 lente
218 1318 365 1381 invectos
380 1319 520 1383 Romani
542 1316 687 1383 diductis
710 1317 882 1381 ordinibus
904 1340 982 1381 cum
1002 1316 1138 1405 plausu,
1157 1332 1191 1381 et

114 1436 268 1507 tauquam
290 1419 326 1481 in
347 1419 484 1487 circensi
508 1418 637 1485 ludicro
662 1420 742 1484 alios
764 1420 985 1509 postulantes,
1008 1418 1079 1483 sine
1104 1440 1190 1483 nora

115 1519 384 1585 transmiserunt:
398 1520 456 1584 ubi
471 1520 551 1585 dum
565 1522 709 1603 haerent,
723 1520 813 1585 haud
829 1522 920 1586 molli
935 1520 977 1585 ad
993 1537 1189 1585 converten-

114 1621 194 1686 dum
212 1619 315 1701 flexu,
333 1622 409 1709 equi
425 1637 458 1686 et
473 1623 592 1713 aurigae
607 1645 626 1687 a
642 1621 796 1687 subsidiis
811 1624 1035 1687 Romanorum
1051 1623 1188 1711 impune
1293 1702 1298 1707 ⁴

112 1738 192 1787 sunt
209 1723 281 1787 telis
298 1722 419 1786 obruti.
438 1724 491 1787 Sic
508 1745 643 1812 quoque
660 1723 827 1814 integrum
846 1724 1007 1787 Archelao
1027 1740 1116 1802 erat,
1134 1746 1189 1787 ca-

111 1840 256 1887 strorum
272 1824 514 1891 munitionibus
534 1848 570 1890 se
588 1826 690 1907 tucri,
707 1841 741 1889 et
759 1826 956 1890 subeuntem
972 1825 1015 1889 ad
1030 1824 1188 1913 impedita

110 1926 252 2004 Sullam,
264 1926 335 2015 pari
345 1927 496 1991 locorum
506 1925 621 1991 fraude
629 1928 805 1991 involvere.
820 1925 885 1991 Sed
896 1926 965 2008 ille,
978 1947 1188 2014 quacumque

111 2026 246 2093 tandem
262 2050 359 2093 causa
374 2028 468 2115 (nam
485 2043 518 2092 et
535 2044 626 2105 tum,
642 2044 676 2092 et
692 2044 804 2117 postea
817 2028 903 2092 varie
917 2026 1104 2091 dubitatum
1120 2026 1186 2113 est)

110 2130 251 2194 educere
262 2152 339 2195 suos
352 2130 482 2212 maluit,
493 2146 541 2211 et,
554 2131 710 2219 quoniam
720 2131 756 2193 in
766 2131 955 2219 propinquo
963 2128 1030 2209 jam
1038 2128 1187 2193 Murena

110 2248 198 2313 erat,
217 2233 432 2320 constipatam
446 2232 481 2296 in
497 2232 654 2321 angustiis
668 2229 915 2295 multitudinem
929 2229 1085 2294 consertis
1097 2229 1187 2294 ordi·

109 2334 210 2398 nibus
225 2356 404 2424 opponere.

154 2436 246 2502 XIV.
263 2434 463 2520 Quindecim
481 2456 650 2500 semorum
667 2432 785 2517 millia,
801 2433 859 2522 qui
876 2431 918 2498 ad
935 2433 1129 2523 promissam
1144 2432 1186 2497 li·

107 2541 270 2604 bertatem
286 2539 382 2629 regiis
395 2537 542 2628 partibus
555 2559 590 2602 se
605 2534 836 2618 adjunxerant,
853 2535 887 2598 in
904 2535 1013 2599 fronte
1027 2535 1185 2630 porrectis

107 2640 210 2706 hastis
224 2641 364 2706 stabant.
380 2638 539 2721 Romani,
555 2637 737 2703 Saturnalia
752 2637 822 2701 hec
840 2657 910 2701 esse
926 2638 1184 2720 conclamantes,

104 2741 252 2832 gladios,
268 2740 401 2821 abjectis
422 2741 585 2828 extemplo
605 2738 695 2828 pilis,
714 2737 756 2803 ad
770 2738 923 2804 credenda
941 2739 1067 2803 hastilia
1083 2739 1183 2803 strin-

105 2857 239 2906 xerunt.
254 2839 319 2906 Sed
331 2841 407 2930 quia
422 2841 466 2905 ob
481 2839 601 2906 densos
618 2839 766 2904 hostium
783 2839 916 2906 or‘dines
929 2841 1022 2905 tarde
1037 2863 1089 2904 res
1104 2862 1183 2929 pro·

104 2943 266 3025 cedebat,
291 2942 453 3008 subducta
475 2943 563 3032 gravi
587 2956 768 3023 armatura,
790 2941 903 3006 velites
925 2941 1064 3005 immissi
1088 2955 1186 3023 sunt,
1264 2951 1268 2965 '

103 3061 279 3133 totamque
295 3045 382 3108 illam
396 3045 499 3108 aciem
515 3041 684 3132 glandium
703 3043 912 3131 telorumque
930 3041 1089 3132 grandine
1109 3064 1186 3130 pro·

103 3145 295 3210 turbarunt.
318 3145 455 3210 Interim
479 3141 632 3208 dexnum
656 3165 796 3218 suorum
818 3164 925 3209 cornu
942 3145 989 3207 ita
1007 3143 1184 3209 Archelaus

100 3247 326 3336 produxerat,
342 3260 380 3311 ut
399 3245 586 3310 inclusurus
605 3267 780 3311 romanum
800 3267 919 3335 agmen
934 3243 1100 3309 videretur
1115 3268 1123 3310 :
1138 3245 1185 3308 ihi

101 3349 210 3414 Galba
222 3365 256 3412 et
268 3348 464 3412 Hortensius
478 3349 596 3436 raptim
609 3347 718 3412 ductis
733 3347 942 3431 cohortibus,
960 3348 994 3411 in
1008 3349 1107 3412 latera
1123 3347 1186 3411 ho·

98 3451 206 3516 stium
218 3450 336 3516 facturi
347 3449 523 3538 impetum,
538 3467 767 3534 accurrerunt3
782 3450 838 3514 sed
853 3451 1008 3539 praevenit
1017 3473 1073 3516 eos
1086 3473 1185 3540 eque·

98 3551 179 3616 stris
198 3551 347 3615 hostium
364 3551 517 3640 procella,
539 3551 727 3640 sensimque
742 3551 932 3617 recedentes
954 3553 997 3618 ad
1010 3569 1183 3636 montana,

98 3653 244 3718 exclusit
259 3673 278 3717 a
294 3667 410 3718 eastern
429 3651 590 3734 exercitu,
610 3653 849 3742 submotosque
871 3656 1096 3720 circumvenit.
1113 3657 1184 3720 Ma·

98 3755 232 3820 ximum
246 3775 285 3820 ea
300 3770 392 3844 parte
410 3754 593 3842 periculum
608 3769 697 3838 emt,
712 3755 804 3843 quod
816 3757 851 3820 in
868 3771 1047 3846 conspectu
1061 3758 1184 3820 Arche·

98 3856 161 3938 lai,
180 3877 257 3921 nam
272 3871 304 3920 et
319 3857 388 3945 ipse
401 3854 528 3938 aderat,
543 3855 677 3921 alacrius
695 3880 714 3920 a
730 3856 877 3922 Barbaria
892 3858 1109 3948 pugnabatur.

145 3958 221 4022 XV.
239 3955 365 4022 Idcirco
376 3957 482 4040 Sulla,
501 3957 558 4046 qui
577 3957 727 4023 nondum
748 3959 790 4024 ad
812 3959 996 4039 conjectum
1012 3957 1067 4021 teli
1083 3979 1181 4021 vene·

137 4163 826 4230 §n1.sppim.-r1uumu-sxr11.rmau.
932 4153 936 4163 '
