2875 4900
283 410 336 479 ΙΝ
365 410 476 482 Loc,
503 412 598 479 LlB.
625 412 712 480 xc}
742 410 954 501 LlylsNt.
1081 436 1150 505 aeq

101 530 283 616 feruntque,
296 531 470 618 aliquando
484 532 560 620 fuga
576 530 617 595 ad
630 533 746 596 urbem
764 530 936 619 quemdam
955 532 1054 611 lacta,
1072 554 1147 617 por·

100 632 194 717 tisque
206 632 337 694 turbam
348 632 569 710 morantibus,
578 631 714 697 devotos
727 634 814 713 illos,
826 632 946 711 abjecta
961 655 1026 695 suae
1040 632 1148 695 salutis

100 754 181 812 eura,
196 733 377 796 Sertorium
390 756 450 821 per
466 756 526 797 sua
541 756 677 821 corpora
689 734 732 797 ad
746 734 890 798 medium
906 734 997 820 quasi
1016 755 1147 797 murum

99 834 252 915 extulisse,
269 849 307 897 ut
321 832 440 897 deinde
452 834 747 921 superadstantium
765 834 914 898 manibus
930 834 964 897 in
981 854 1148 897 sumtuum

98 934 311 997 attraheretur.
322 934 392 997 Nec
402 934 548 998 dissimili
560 937 660 1015 baua,
672 950 769 1021 atque
781 934 910 999 caritate
922 932 1010 1021 apud
1024 932 1147 999 italicos

98 1034 201 1098 milites
214 1035 454 1099 celebrabatur:
466 1058 541 1099 nam
550 1035 721 1123 Perpernae
735 1035 867 1115 milites,
876 1034 966 1123 quod
979 1034 1046 1113 ille,
1059 1034 1149 1097 nobi·

98 1136 173 1198 litate
187 1153 221 1199 et
236 1136 357 1223 opibus
369 1135 495 1223 potior,
510 1136 625 1200 cedere
641 1136 784 1199 Sertorio
796 1135 983 1215 recusabat,
998 1133 1146 1221 indigna·

95 1236 220 1317 bannu3
236 1260 300 1301 uec
313 1238 398 1301 ultra
410 1238 514 1324 passi,
527 1260 626 1325 quam
638 1234 745 1301 donec
758 1258 816 1323 per
827 1236 1017 1324 Pyrenaeum
1030 1234 1145 1301 saltum

96 1339 259 1428 Pompeius
272 1324 592 1403 adventareauditus
607 1354 673 1419 est,
691 1354 731 1403 ut
743 1338 784 1402 ad
798 1338 978 1403 Sertorium
994 1336 1144 1415 duceret,
1197 1386 1201 1395 .
1240 1391 1248 1402 ,

96 1441 309 1524 postularunt3
328 1440 363 1502 ni
379 1438 543 1520 duxisset,
559 1454 617 1503 sua
633 1455 750 1527 sponte
767 1440 880 1504 ituros.

131 1540 197 1606 Vll.
212 1541 342 1605 ldcirco
355 1541 533 1629 Perperna,
547 1540 639 1628 quod
653 1563 820 1606 summum
838 1556 947 1605 tenere
964 1541 1070 1603 locutu
1089 1562 1145 1603 ne·

95 1642 211 1726 quibat,
228 1642 416 1729 proximum
429 1643 545 1729 utique
562 1665 629 1705 non
648 1640 866 1721 abjiciendum
885 1658 990 1719 ratus,
1005 1664 1079 1705 cum
1095 1642 1144 1703 in·

95 1743 170 1828 genti
193 1743 351 1830 pecunia,
374 1743 545 1830 tribusque
572 1760 606 1806 et
631 1742 867 1831 quinquaginta
890 1742 1080 1807 cohortibus
1102 1742 1143 1805 ad

95 1843 260 1905 Sertorium
280 1842 379 1907 veuit.
400 1844 469 1907 Hac
488 1858 576 1908 tanta
591 1844 775 1907 accessione
794 1844 967 1907 ferociores
990 1844 1142 1931 Hispani,

94 1962 221 2025 qnorum
236 1942 388 2029 undique
404 1965 521 2031 magna
534 1944 582 2006 vis
600 1943 642 2007 ad
653 1960 756 2009 castra
775 1945 906 2009 Sertorii
920 1960 1145 2023 concurreret,

33 2061 34 2070 ¹
94 2040 348 2107 insolentior-ibus
359 2043 506 2129 quotidie
516 2045 651 2108 vocibus
663 2068 806 2137 pugnam
818 2044 1011 2135 flagitabant.
1021 2051 1066 2109 At
1075 2048 1145 2109 Ser-

94 2142 198 2224 torius,
209 2166 282 2207 non
294 2144 403 2207 miuus
413 2161 545 2226 cautus,
556 2168 655 2233 quam
666 2170 740 2211 acer
750 2148 940 2235 imperator,
952 2148 1146 2235 neutiquam

93 2244 264 2310 conducere
277 2247 376 2310 rebus
392 2248 459 2311 suis
473 2248 693 2329 existimabat,
710 2264 750 2313 ut
762 2264 878 2337 praeter
893 2250 1051 2313 rationem
1067 2248 1144 2312 belli

93 2366 180 2432 seque
189 2362 221 2411 et
229 2346 410 2411 exercitum
421 2370 490 2410 non
504 2350 690 2414 necessariis
703 2349 831 2413 casibus
842 2350 1007 2429 objiceret.
1018 2349 1143 2413 Postre-

94 2468 153 2530 mo,
163 2450 238 2534 quia
252 2449 343 2512 nulla
350 2450 416 2528 jam
428 2451 553 2514 ratione
566 2451 710 2516 cohiberi
721 2451 894 2514 hominum
904 2450 1042 2538 impetus
1053 2464 1144 2538 pote¹
1188 2501 1192 2512 .

93 2565 147 2627 tat,
158 2565 276 2615 turmae
286 2550 451 2637 equitum,
463 2567 502 2614 ut
511 2551 680 2616 lacesseret
690 2552 833 2632 bostem,
848 2552 1009 2640 permisit3
1024 2549 1143 2614 deinde
1214 2620 1222 2644 s

92 2647 234 2715 laboranti
248 2651 401 2715 submisit
414 2652 508 2734 alias,
523 2669 621 2740 atque
633 2653 677 2716 ita
692 2653 771 2716 citra
792 2676 916 2741 magnae
937 2677 1027 2719 nouae
1043 2673 1140 2739 expe·

92 2748 255 2814 timentum
271 2751 400 2833 docuit,
416 2754 489 2839 quis
504 2754 609 2818 exitus
624 2752 797 2843 flagitatum
808 2777 951 2844 pugnarn
963 2753 1140 2818 mansisset.

128 2851 210 2916 Vlll.
222 2853 330 2942 igitur
342 2867 381 2917 ut
393 2875 527 2940 quoque
535 2855 568 2916 in
578 2869 746 2941 posterum
758 2855 1063 2942 obsequentioribus
1074 2868 1142 2915 ute-

93 2965 185 3032 retur,
198 2953 298 3033 jussis
313 2954 347 3016 iu
368 2955 560 3018 concionem
579 2956 726 3019 assistere
746 2957 918 3036 militibus,
938 2956 1021 3019 duos
1038 2975 1140 3040 equos

93 3052 215 3133 produci
230 3055 418 3142 imperavit,
435 3055 642 3144 praevalidum
656 3058 811 3136 alterum,
830 3057 965 3120 alterum
985 3054 1065 3116 mire
1079 3052 1142 3117 exi·

93 3149 145 3215 lem
154 3177 162 3218 :
170 3155 280 3220 valido
290 3155 557 3244 deinde'parvum
570 3155 739 3220 bominem
751 3173 784 3220 et
798 3152 1075 3240 contemptibilem
1086 3149 1141 3216 ad·

92 3271 207 3338 spectu,
222 3257 297 3320 exili
310 3279 464 3347 magnum
476 3257 714 3346 robustumque
729 3256 889 3335 admovit,
908 3271 1088 3342 praecepto,
1103 3271 1141 3317 ut
1154 3249 1158 3256 i

93 3353 242 3420 robustior
261 3357 316 3420 ille
328 3359 452 3445 gracilis
467 3359 543 3445 equi
558 3358 693 3422 caudam
711 3357 893 3422 universam
913 3357 1140 3444 abrumperet,
1254 3399 1258 3405 -
1277 3369 1279 3376 ’

91 3453 210 3520 valentis
222 3457 368 3545 singulos
382 3459 463 3545 pilos
476 3458 626 3524 infirmus
637 3460 776 3524 velleret.
789 3461 897 3544 Atque
909 3459 963 3524 illo
975 3459 1060 3522 inter
1072 3460 1142 3547 plu·

92 3551 197 3619 timum
222 3558 374 3622 omnium
398 3559 517 3636 ruutu,
538 3583 654 3648 magna
676 3561 707 3623 vi
734 3559 954 3647 nequidquam
980 3559 1141 3640 adbibita,
1258 3599 1260 3604 ·

93 3649 262 3747 defatigato,
270 3682 372 3746 quum
385 3661 521 3750 gracilis,
531 3661 622 3748 quod
636 3661 828 3749 imperatum
842 3675 924 3741 erat,
937 3659 1147 3738 confecisset,

93 3775 188 3821 versus
206 3759 249 3824 ad
269 3785 346 3825 suos
369 3763 548 3842 Sertorius,
566 3764 673 3843 alam,
692 3762 814 3849 iuquit,
840 3761 931 3850 quod
957 3761 1035 3824 mibi
1059 3779 1143 3844 serpe

93 3862 246 3923 *monenti
271 3861 437 3943 uoluistis,
461 3864 581 3942 oculis,
606 3864 741 3951 opinor,
767 3866 881 3928 vestris
906 3862 1057 3934 credetis,
1083 3859 1142 3921 mi-

94 3955 171 4020 ilites
186 3982 194 4023 :
208 3979 333 4049 quanto
349 3965 422 4052 plus
443 3967 697 4052 perseverantia,
718 3989 817 4053 (qnam
840 3965 1000 4051 impetus,
1025 3959 1142 4038 valeat,

122 4149 136 4212 S
151 4153 205 4205 vu,
219 4155 343 4205 Plutarch.
357 4183 393 4210 -,
413 4157 486 4206 sud.
497 4157 525 4206 iu
540 4156 680 4228 Σερτώριος.

198 4239 203 4246 ·
1065 4245 1087 4282 e
