<?xml version="1.0" encoding="UTF-8"?>
<!DOCTYPE html PUBLIC "-//W3C//DTD XHTML 1.0 Transitional//EN"
    "http://www.w3.org/TR/xhtml1/DTD/xhtml1-transitional.dtd">
<html xmlns="http://www.w3.org/1999/xhtml" xml:lang="en" lang="en">
 <head>
  <title>
</title>
<meta http-equiv="Content-Type" content="text/html;charset=utf-8" />
  <meta name='ocr-system' content='tesseract 3.04.00' />
  <meta name='ocr-capabilities' content='ocr_page ocr_carea ocr_par ocr_line ocrx_word'/>
</head>
<body>
  <div class='ocr_page' id='page_1' title='image "bibliothecaclas116lemagoog_0383.png"; bbox 0 0 2875 4900; ppageno 0'>
   <div class='ocr_carea' id='block_1_1' title="bbox 273 376 1165 475">
    <p class='ocr_par' dir='ltr' id='par_1_1' title="bbox 273 376 1165 475">
     <span class='ocr_line' id='line_1_1' title="bbox 273 376 1165 475; baseline 0.004 -28"><span class='ocrx_word' id='word_1_1' title='bbox 273 378 326 449; x_wconf 85' lang='lat' dir='ltr'><strong>IN</strong></span> <span class='ocrx_word' id='word_1_2' title='bbox 356 380 468 448; x_wconf 89' lang='lat' dir='ltr'><strong>LOC.</strong></span> <span class='ocrx_word' id='word_1_3' title='bbox 495 378 587 449; x_wconf 87' lang='lat' dir='ltr'><strong>LlB.</strong></span> <span class='ocrx_word' id='word_1_4' title='bbox 615 376 744 449; x_wconf 87' lang='lat' dir='ltr'>XCIX</span> <span class='ocrx_word' id='word_1_5' title='bbox 773 380 987 449; x_wconf 84' lang='lat' dir='ltr'><strong>LIVIANI.</strong></span> <span class='ocrx_word' id='word_1_6' title='bbox 1094 378 1165 475; x_wconf 77' lang='lat'><strong>373</strong></span> 
     </span>
    </p>
   </div>
   <div class='ocr_carea' id='block_1_2' title="bbox 92 500 1197 793">
    <p class='ocr_par' dir='ltr' id='par_1_2' title="bbox 92 500 1197 793">
     <span class='ocr_line' id='line_1_2' title="bbox 135 500 1165 589; baseline 0.002 -26"><span class='ocrx_word' id='word_1_7' title='bbox 135 500 276 564; x_wconf 88' lang='lat' dir='ltr'><strong>XXVII.</strong></span> <span class='ocrx_word' id='word_1_8' title='bbox 295 500 483 564; x_wconf 76' lang='lat' dir='ltr'>«Diffusum</span> <span class='ocrx_word' id='word_1_9' title='bbox 503 522 563 588; x_wconf 89' lang='lat' dir='ltr'><strong>per</strong></span> <span class='ocrx_word' id='word_1_10' title='bbox 585 502 694 565; x_wconf 87' lang='lat' dir='ltr'><strong>omnia</strong></span> <span class='ocrx_word' id='word_1_11' title='bbox 715 500 835 581; x_wconf 89' lang='lat' dir='ltr'><strong>maria,</strong></span> <span class='ocrx_word' id='word_1_12' title='bbox 853 521 913 588; x_wconf 88' lang='lat' dir='ltr'><strong>per</strong></span> <span class='ocrx_word' id='word_1_13' title='bbox 929 522 1044 564; x_wconf 89' lang='lat' dir='ltr'><strong>omnes</strong></span> <span class='ocrx_word' id='word_1_14' title='bbox 1062 524 1165 589; x_wconf 85' lang='lat' dir='ltr'>prope</span> 
     </span>
     <span class='ocr_line' id='line_1_3' title="bbox 92 600 1165 692; baseline 0.001 -27"><span class='ocrx_word' id='word_1_15' title='bbox 92 617 216 665; x_wconf 68' lang='lat' dir='ltr'><strong>«terras</strong></span> <span class='ocrx_word' id='word_1_16' title='bbox 239 602 381 683; x_wconf 87' lang='lat' dir='ltr'><strong>bellum,</strong></span> <span class='ocrx_word' id='word_1_17' title='bbox 399 602 441 665; x_wconf 91' lang='lat' dir='ltr'><strong>ab</strong></span> <span class='ocrx_word' id='word_1_18' title='bbox 462 624 532 666; x_wconf 90' lang='lat' dir='ltr'><strong>uno</strong></span> <span class='ocrx_word' id='word_1_19' title='bbox 553 604 620 692; x_wconf 85' lang='lat' dir='ltr'><strong>regi</strong></span> <span class='ocrx_word' id='word_1_20' title='bbox 641 601 796 667; x_wconf 89' lang='lat' dir='ltr'><strong>omnibus</strong></span> <span class='ocrx_word' id='word_1_21' title='bbox 818 601 898 665; x_wconf 86' lang='lat' dir='ltr'><strong>locis</strong></span> <span class='ocrx_word' id='word_1_22' title='bbox 919 602 1063 689; x_wconf 81' lang='lat' dir='ltr'><strong>poterit?</strong></span> <span class='ocrx_word' id='word_1_23' title='bbox 1076 600 1165 666; x_wconf 88' lang='lat' dir='ltr'><strong>idem</strong></span> 
     </span>
     <span class='ocr_line' id='line_1_4' title="bbox 92 700 1197 793; baseline 0.001 -29"><span class='ocrx_word' id='word_1_24' title='bbox 92 700 215 765; x_wconf 75' lang='lat' dir='ltr'><strong>«Italiae</strong></span> <span class='ocrx_word' id='word_1_25' title='bbox 229 701 323 765; x_wconf 84' lang='lat' dir='ltr'><strong>litora</strong></span> <span class='ocrx_word' id='word_1_26' title='bbox 332 702 515 767; x_wconf 80' lang='lat' dir='ltr'><strong>tutabitur?</strong></span> <span class='ocrx_word' id='word_1_27' title='bbox 532 701 686 767; x_wconf 84' lang='lat' dir='ltr'><strong>defendet</strong></span> <span class='ocrx_word' id='word_1_28' title='bbox 699 702 856 767; x_wconf 85' lang='lat' dir='ltr'><strong>Graeciam</strong></span> <span class='ocrx_word' id='word_1_29' title='bbox 868 702 882 766; x_wconf 76' lang='lat' dir='ltr'><strong>l</strong></span> <span class='ocrx_word' id='word_1_30' title='bbox 895 702 928 765; x_wconf 91' lang='lat' dir='ltr'><strong>in</strong></span> <span class='ocrx_word' id='word_1_31' title='bbox 939 702 1047 789; x_wconf 76' lang='lat' dir='ltr'><strong>Syria,</strong></span> <span class='ocrx_word' id='word_1_32' title='bbox 1062 724 1165 790; x_wconf 86' lang='lat' dir='ltr'><strong>quum</strong></span> <span class='ocrx_word' id='word_1_33' title='bbox 1187 778 1197 793; x_wconf 34' lang='grc' dir='ltr'><strong><em>ο</em></strong></span> 
     </span>
    </p>
   </div>
   <div class='ocr_carea' id='block_1_3' title="bbox 61 802 1229 3926">
    <p class='ocr_par' dir='ltr' id='par_1_3' title="bbox 93 802 1167 2005">
     <span class='ocr_line' id='line_1_5' title="bbox 93 802 1164 892; baseline 0.002 -27"><span class='ocrx_word' id='word_1_34' title='bbox 93 802 288 889; x_wconf 69' lang='lat' dir='ltr'><strong>«postularit</strong></span> <span class='ocrx_word' id='word_1_35' title='bbox 301 824 399 884; x_wconf 82' lang='lat' dir='ltr'><strong>usus,</strong></span> <span class='ocrx_word' id='word_1_36' title='bbox 415 804 449 866; x_wconf 91' lang='lat' dir='ltr'><strong>in</strong></span> <span class='ocrx_word' id='word_1_37' title='bbox 464 804 637 892; x_wconf 83' lang='lat' dir='ltr'><strong>Hispania,</strong></span> <span class='ocrx_word' id='word_1_38' title='bbox 654 806 689 867; x_wconf 91' lang='lat' dir='ltr'><strong>in</strong></span> <span class='ocrx_word' id='word_1_39' title='bbox 709 804 825 868; x_wconf 83' lang='lat' dir='ltr'><strong>insulis</strong></span> <span class='ocrx_word' id='word_1_40' title='bbox 841 804 903 867; x_wconf 85' lang='lat' dir='ltr'><strong>erit</strong></span> <span class='ocrx_word' id='word_1_41' title='bbox 913 803 927 867; x_wconf 72' lang='grc' dir='ltr'>Ρ</span> <span class='ocrx_word' id='word_1_42' title='bbox 939 803 1027 869; x_wconf 84' lang='lat' dir='ltr'><strong>idern</strong></span> <span class='ocrx_word' id='word_1_43' title='bbox 1047 803 1164 867; x_wconf 88' lang='lat' dir='ltr'><strong>eodem</strong></span> 
     </span>
     <span class='ocr_line' id='line_1_6' title="bbox 93 904 1166 995; baseline 0.002 -29"><span class='ocrx_word' id='word_1_44' title='bbox 93 918 266 993; x_wconf 79' lang='lat' dir='ltr'><strong>«tempore</strong></span> <span class='ocrx_word' id='word_1_45' title='bbox 281 921 370 995; x_wconf 75' lang='lat' dir='ltr'><strong>geret</strong></span> <span class='ocrx_word' id='word_1_46' title='bbox 390 906 424 969; x_wconf 92' lang='lat' dir='ltr'><strong>in</strong></span> <span class='ocrx_word' id='word_1_47' title='bbox 442 904 553 971; x_wconf 86' lang='lat' dir='ltr'><strong>Cilicia</strong></span> <span class='ocrx_word' id='word_1_48' title='bbox 573 905 721 971; x_wconf 81' lang='lat' dir='ltr'><strong>bellum?</strong></span> <span class='ocrx_word' id='word_1_49' title='bbox 736 909 781 969; x_wconf 86' lang='lat' dir='ltr'><strong>At</strong></span> <span class='ocrx_word' id='word_1_50' title='bbox 796 904 929 969; x_wconf 87' lang='lat' dir='ltr'><strong>babebit</strong></span> <span class='ocrx_word' id='word_1_51' title='bbox 946 906 1068 995; x_wconf 80' lang='lat' dir='ltr'><strong>legatos</strong></span> <span class='ocrx_word' id='word_1_52' title='bbox 1083 927 1166 993; x_wconf 71' lang='lat' dir='ltr'><strong>praa·</strong></span> 
     </span>
     <span class='ocr_line' id='line_1_7' title="bbox 93 996 1164 1095; baseline 0.004 -29"><span class='ocrx_word' id='word_1_53' title='bbox 93 1005 305 1092; x_wconf 64' lang='lat' dir='ltr'><strong>«lectosqum</strong></span> <span class='ocrx_word' id='word_1_54' title='bbox 319 1028 379 1069; x_wconf 91' lang='lat' dir='ltr'><strong>cur</strong></span> <span class='ocrx_word' id='word_1_55' title='bbox 394 1022 503 1070; x_wconf 91' lang='lat' dir='ltr'><strong>autem</strong></span> <span class='ocrx_word' id='word_1_56' title='bbox 515 1006 568 1070; x_wconf 87' lang='lat' dir='ltr'><strong>ille</strong></span> <span class='ocrx_word' id='word_1_57' title='bbox 579 1008 706 1094; x_wconf 88' lang='lat' dir='ltr'><strong>potius,</strong></span> <span class='ocrx_word' id='word_1_58' title='bbox 721 1028 818 1094; x_wconf 89' lang='lat' dir='ltr'><strong>quam</strong></span> <span class='ocrx_word' id='word_1_59' title='bbox 827 996 978 1095; x_wconf 85' lang='lat' dir='ltr'><strong>¹populus</strong></span> <span class='ocrx_word' id='word_1_60' title='bbox 991 999 1164 1088; x_wconf 80' lang='lat' dir='ltr'><strong>romanus,</strong></span> 
     </span>
     <span class='ocr_line' id='line_1_8' title="bbox 94 1105 1164 1195; baseline 0.001 -26"><span class='ocrx_word' id='word_1_61' title='bbox 94 1105 259 1170; x_wconf 69' lang='lat' dir='ltr'><strong>«habeatl</strong></span> <span class='ocrx_word' id='word_1_62' title='bbox 273 1128 333 1171; x_wconf 91' lang='lat' dir='ltr'><strong>cnr</strong></span> <span class='ocrx_word' id='word_1_63' title='bbox 351 1122 402 1173; x_wconf 94' lang='lat' dir='ltr'><strong>tot</strong></span> <span class='ocrx_word' id='word_1_64' title='bbox 421 1108 497 1172; x_wconf 87' lang='lat' dir='ltr'><strong>clari</strong></span> <span class='ocrx_word' id='word_1_65' title='bbox 517 1107 578 1171; x_wconf 85' lang='lat' dir='ltr'><strong>viri</strong></span> <span class='ocrx_word' id='word_1_66' title='bbox 600 1130 705 1171; x_wconf 88' lang='lat' dir='ltr'><strong>unum</strong></span> <span class='ocrx_word' id='word_1_67' title='bbox 724 1107 834 1195; x_wconf 89' lang='lat' dir='ltr'><strong>potius</strong></span> <span class='ocrx_word' id='word_1_68' title='bbox 856 1106 1047 1195; x_wconf 80' lang='lat' dir='ltr'><strong>respiciant,</strong></span> <span class='ocrx_word' id='word_1_69' title='bbox 1066 1130 1164 1195; x_wconf 89' lang='lat' dir='ltr'><strong>quam</strong></span> 
     </span>
     <span class='ocr_line' id='line_1_9' title="bbox 94 1207 1165 1296; baseline 0.002 -27"><span class='ocrx_word' id='word_1_70' title='bbox 94 1236 107 1262; x_wconf 82' lang='grc' dir='ltr'>ι</span> <span class='ocrx_word' id='word_1_71' title='bbox 117 1207 377 1295; x_wconf 79' lang='lat' dir='ltr'><strong>rempublicam?</strong></span> <span class='ocrx_word' id='word_1_72' title='bbox 389 1209 422 1273; x_wconf 92' lang='lat' dir='ltr'><strong>Si</strong></span> <span class='ocrx_word' id='word_1_73' title='bbox 436 1207 568 1296; x_wconf 88' lang='lat' dir='ltr'><strong>quidem</strong></span> <span class='ocrx_word' id='word_1_74' title='bbox 583 1231 622 1273; x_wconf 90' lang='lat' dir='ltr'><strong>eo</strong></span> <span class='ocrx_word' id='word_1_75' title='bbox 637 1208 843 1273; x_wconf 85' lang='lat' dir='ltr'><strong>redeundum</strong></span> <span class='ocrx_word' id='word_1_76' title='bbox 858 1224 923 1290; x_wconf 85' lang='lat' dir='ltr'><strong>est,</strong></span> <span class='ocrx_word' id='word_1_77' title='bbox 939 1224 973 1273; x_wconf 83' lang='lat' dir='ltr'><strong>et</strong></span> <span class='ocrx_word' id='word_1_78' title='bbox 984 1210 1165 1272; x_wconf 87' lang='lat' dir='ltr'><strong>multorum</strong></span> 
     </span>
     <span class='ocr_line' id='line_1_10' title="bbox 94 1307 1165 1399; baseline 0.002 -29"><span class='ocrx_word' id='word_1_79' title='bbox 94 1338 107 1363; x_wconf 82' lang='grc' dir='ltr'>ι</span> <span class='ocrx_word' id='word_1_80' title='bbox 117 1307 258 1397; x_wconf 83' lang='lat' dir='ltr'><strong>ingeniis</strong></span> <span class='ocrx_word' id='word_1_81' title='bbox 272 1308 489 1397; x_wconf 85' lang='lat' dir='ltr'><strong>manibusque</strong></span> <span class='ocrx_word' id='word_1_82' title='bbox 503 1332 555 1373; x_wconf 91' lang='lat' dir='ltr'><strong>res</strong></span> <span class='ocrx_word' id='word_1_83' title='bbox 570 1308 846 1390; x_wconf 89' lang='lat' dir='ltr'><strong>administranda,</strong></span> <span class='ocrx_word' id='word_1_84' title='bbox 866 1310 987 1399; x_wconf 83' lang='lat' dir='ltr'><strong>quippe</strong></span> <span class='ocrx_word' id='word_1_85' title='bbox 1001 1310 1035 1372; x_wconf 92' lang='lat' dir='ltr'><strong>ni</strong></span> <span class='ocrx_word' id='word_1_86' title='bbox 1044 1310 1111 1389; x_wconf 85' lang='lat' dir='ltr'><strong>jam</strong></span> <span class='ocrx_word' id='word_1_87' title='bbox 1125 1310 1165 1373; x_wconf 89' lang='lat' dir='ltr'><strong>ab</strong></span> 
     </span>
     <span class='ocr_line' id='line_1_11' title="bbox 95 1409 1165 1501; baseline 0.002 -30"><span class='ocrx_word' id='word_1_88' title='bbox 95 1440 108 1465; x_wconf 85' lang='grc' dir='ltr'>ι</span> <span class='ocrx_word' id='word_1_89' title='bbox 117 1409 214 1473; x_wconf 89' lang='lat' dir='ltr'><strong>initio</strong></span> <span class='ocrx_word' id='word_1_90' title='bbox 222 1412 331 1501; x_wconf 88' lang='lat' dir='ltr'><strong>plures</strong></span> <span class='ocrx_word' id='word_1_91' title='bbox 342 1428 509 1491; x_wconf 88' lang='lat' dir='ltr'><strong>creentur,</strong></span> <span class='ocrx_word' id='word_1_92' title='bbox 523 1410 581 1498; x_wconf 89' lang='lat' dir='ltr'><strong>qui</strong></span> <span class='ocrx_word' id='word_1_93' title='bbox 592 1411 713 1475; x_wconf 90' lang='lat' dir='ltr'><strong>nullius</strong></span> <span class='ocrx_word' id='word_1_94' title='bbox 723 1411 855 1474; x_wconf 87' lang='lat' dir='ltr'><strong>alterius</strong></span> <span class='ocrx_word' id='word_1_95' title='bbox 866 1410 1003 1498; x_wconf 87' lang='lat' dir='ltr'><strong>imperio</strong></span> <span class='ocrx_word' id='word_1_96' title='bbox 1013 1411 1165 1492; x_wconf 81' lang='lat' dir='ltr'><strong>obnoxii,</strong></span> 
     </span>
     <span class='ocr_line' id='line_1_12' title="bbox 94 1508 1164 1600; baseline -0.002 -25"><span class='ocrx_word' id='word_1_97' title='bbox 94 1532 222 1598; x_wconf 75' lang='lat' dir='ltr'><strong>«quum</strong></span> <span class='ocrx_word' id='word_1_98' title='bbox 238 1534 298 1599; x_wconf 90' lang='lat' dir='ltr'><strong>pro</strong></span> <span class='ocrx_word' id='word_1_99' title='bbox 315 1512 474 1599; x_wconf 84' lang='lat' dir='ltr'><strong>cujusque</strong></span> <span class='ocrx_word' id='word_1_100' title='bbox 486 1512 602 1576; x_wconf 88' lang='lat' dir='ltr'><strong>merito</strong></span> <span class='ocrx_word' id='word_1_101' title='bbox 616 1511 780 1599; x_wconf 84' lang='lat' dir='ltr'><strong>propriam</strong></span> <span class='ocrx_word' id='word_1_102' title='bbox 800 1510 862 1573; x_wconf 89' lang='lat' dir='ltr'><strong>sibi</strong></span> <span class='ocrx_word' id='word_1_103' title='bbox 875 1508 1010 1599; x_wconf 84' lang='lat' dir='ltr'><strong>gloriam</strong></span> <span class='ocrx_word' id='word_1_104' title='bbox 1023 1512 1164 1600; x_wconf 82' lang='lat' dir='ltr'><strong>ignomi-</strong></span> 
     </span>
     <span class='ocr_line' id='line_1_13' title="bbox 95 1609 1165 1701; baseline 0.002 -27"><span class='ocrx_word' id='word_1_105' title='bbox 95 1613 273 1699; x_wconf 82' lang='lat' dir='ltr'><strong>«niamque</strong></span> <span class='ocrx_word' id='word_1_106' title='bbox 288 1612 431 1677; x_wconf 81' lang='lat' dir='ltr'><strong>suturam</strong></span> <span class='ocrx_word' id='word_1_107' title='bbox 448 1634 517 1677; x_wconf 89' lang='lat' dir='ltr'><strong>esse</strong></span> <span class='ocrx_word' id='word_1_108' title='bbox 536 1612 755 1701; x_wconf 85' lang='lat' dir='ltr'><strong>reputabunt,</strong></span> <span class='ocrx_word' id='word_1_109' title='bbox 769 1612 880 1675; x_wconf 90' lang='lat' dir='ltr'><strong>omnia</strong></span> <span class='ocrx_word' id='word_1_110' title='bbox 890 1609 1078 1701; x_wconf 84' lang='lat' dir='ltr'><strong>diligentius</strong></span> <span class='ocrx_word' id='word_1_111' title='bbox 1091 1634 1165 1676; x_wconf 91' lang='lat' dir='ltr'><strong>cor-</strong></span> 
     </span>
     <span class='ocr_line' id='line_1_14' title="bbox 95 1704 1167 1803; baseline 0.001 -27"><span class='ocrx_word' id='word_1_112' title='bbox 95 1712 293 1802; x_wconf 83' lang='lat' dir='ltr'><strong>·datiusque</strong></span> <span class='ocrx_word' id='word_1_113' title='bbox 308 1714 445 1803; x_wconf 83' lang='lat' dir='ltr'>gerent?</span> <span class='ocrx_word' id='word_1_114' title='bbox 459 1713 592 1800; x_wconf 88' lang='lat' dir='ltr'><strong>quando</strong></span> <span class='ocrx_word' id='word_1_115' title='bbox 613 1728 729 1777; x_wconf 81' lang='lat' dir='ltr'><strong>natum</strong></span> <span class='ocrx_word' id='word_1_116' title='bbox 744 1714 787 1777; x_wconf 86' lang='lat' dir='ltr'><strong>ita</strong></span> <span class='ocrx_word' id='word_1_117' title='bbox 806 1704 1029 1800; x_wconf 87' lang='lat' dir='ltr'><strong>comparatum</strong></span> <span class='ocrx_word' id='word_1_118' title='bbox 1046 1732 1109 1796; x_wconf 86' lang='lat' dir='ltr'><strong>est,</strong></span> <span class='ocrx_word' id='word_1_119' title='bbox 1127 1729 1167 1777; x_wconf 90' lang='lat' dir='ltr'><strong>ut</strong></span> 
     </span>
     <span class='ocr_line' id='line_1_15' title="bbox 96 1811 1166 1905; baseline 0 -28"><span class='ocrx_word' id='word_1_120' title='bbox 96 1811 290 1881; x_wconf 78' lang='lat' dir='ltr'><strong>«lubentius</strong></span> <span class='ocrx_word' id='word_1_121' title='bbox 304 1838 365 1905; x_wconf 91' lang='lat' dir='ltr'><strong>pro</strong></span> <span class='ocrx_word' id='word_1_122' title='bbox 385 1816 455 1879; x_wconf 86' lang='lat' dir='ltr'><strong>suis</strong></span> <span class='ocrx_word' id='word_1_123' title='bbox 468 1812 649 1878; x_wconf 86' lang='lat' dir='ltr'><strong>commodis</strong></span> <span class='ocrx_word' id='word_1_124' title='bbox 664 1814 832 1894; x_wconf 88' lang='lat' dir='ltr'><strong>homines,</strong></span> <span class='ocrx_word' id='word_1_125' title='bbox 846 1834 943 1901; x_wconf 90' lang='lat' dir='ltr'><strong>quam</strong></span> <span class='ocrx_word' id='word_1_126' title='bbox 962 1833 1021 1902; x_wconf 88' lang='lat' dir='ltr'><strong>pro</strong></span> <span class='ocrx_word' id='word_1_127' title='bbox 1039 1814 1166 1894; x_wconf 88' lang='lat' dir='ltr'><strong>alienis,</strong></span> 
     </span>
     <span class='ocr_line' id='line_1_16' title="bbox 99 1915 679 2005; baseline 0.002 -26"><span class='ocrx_word' id='word_1_128' title='bbox 99 1915 269 1980; x_wconf 80' lang='lat' dir='ltr'><strong>-uborem</strong></span> <span class='ocrx_word' id='word_1_129' title='bbox 288 1938 326 1981; x_wconf 89' lang='lat' dir='ltr'><strong>ac</strong></span> <span class='ocrx_word' id='word_1_130' title='bbox 342 1917 485 2005; x_wconf 86' lang='lat' dir='ltr'><strong>pericula</strong></span> <span class='ocrx_word' id='word_1_131' title='bbox 502 1931 679 2004; x_wconf 81' lang='lat' dir='ltr'><strong>capessant.</strong></span> 
     </span>
    </p>

    <p class='ocr_par' dir='ltr' id='par_1_4' title="bbox 61 2015 1229 3196">
     <span class='ocr_line' id='line_1_17' title="bbox 140 2015 1229 2104; baseline 0 -25"><span class='ocrx_word' id='word_1_132' title='bbox 140 2016 296 2083; x_wconf 85' lang='lat' dir='ltr'><strong>XXVIH.</strong></span> <span class='ocrx_word' id='word_1_133' title='bbox 313 2047 326 2072; x_wconf 78' lang='grc' dir='ltr'>ι</span> <span class='ocrx_word' id='word_1_134' title='bbox 338 2019 420 2101; x_wconf 76' lang='lat' dir='ltr'><strong>Quae</strong></span> <span class='ocrx_word' id='word_1_135' title='bbox 436 2016 545 2081; x_wconf 91' lang='lat' dir='ltr'><strong>omnia</strong></span> <span class='ocrx_word' id='word_1_136' title='bbox 559 2017 587 2080; x_wconf 91' lang='lat' dir='ltr'><strong>si</strong></span> <span class='ocrx_word' id='word_1_137' title='bbox 601 2017 710 2080; x_wconf 88' lang='lat' dir='ltr'><strong>minus</strong></span> <span class='ocrx_word' id='word_1_138' title='bbox 726 2015 815 2103; x_wconf 89' lang='lat' dir='ltr'><strong>apud</strong></span> <span class='ocrx_word' id='word_1_139' title='bbox 827 2036 885 2079; x_wconf 84' lang='lat' dir='ltr'><strong>vos</strong></span> <span class='ocrx_word' id='word_1_140' title='bbox 899 2016 1070 2080; x_wconf 88' lang='lat' dir='ltr'><strong>habebunt</strong></span> <span class='ocrx_word' id='word_1_141' title='bbox 1084 2038 1168 2104; x_wconf 89' lang='lat' dir='ltr'><strong>pon·</strong></span> <span class='ocrx_word' id='word_1_142' title='bbox 1227 2093 1229 2104; x_wconf 37' lang='grc' dir='ltr'>Ι</span> 
     </span>
     <span class='ocr_line' id='line_1_18' title="bbox 96 2115 1168 2207; baseline -0.002 -28"><span class='ocrx_word' id='word_1_143' title='bbox 96 2115 231 2199; x_wconf 77' lang='lat' dir='ltr'><strong>«deris,</strong></span> <span class='ocrx_word' id='word_1_144' title='bbox 255 2140 353 2207; x_wconf 89' lang='lat' dir='ltr'><strong>quam</strong></span> <span class='ocrx_word' id='word_1_145' title='bbox 376 2118 495 2183; x_wconf 88' lang='lat' dir='ltr'><strong>habere</strong></span> <span class='ocrx_word' id='word_1_146' title='bbox 521 2117 700 2198; x_wconf 85' lang='lat' dir='ltr'><strong>debebant,</strong></span> <span class='ocrx_word' id='word_1_147' title='bbox 724 2134 758 2181; x_wconf 91' lang='lat' dir='ltr'><strong>at</strong></span> <span class='ocrx_word' id='word_1_148' title='bbox 781 2117 842 2205; x_wconf 88' lang='lat' dir='ltr'><strong>ipsi</strong></span> <span class='ocrx_word' id='word_1_149' title='bbox 861 2115 992 2180; x_wconf 87' lang='lat' dir='ltr'><strong>tandem</strong></span> <span class='ocrx_word' id='word_1_150' title='bbox 1011 2116 1168 2203; x_wconf 86' lang='lat' dir='ltr'><strong>Pompeio</strong></span> 
     </span>
     <span class='ocr_line' id='line_1_19' title="bbox 95 2218 1169 2308; baseline -0.001 -28"><span class='ocrx_word' id='word_1_151' title='bbox 95 2244 109 2272; x_wconf 79' lang='grc' dir='ltr'>ι</span> <span class='ocrx_word' id='word_1_152' title='bbox 119 2219 301 2302; x_wconf 74' lang='lat' dir='ltr'><strong>consulite,</strong></span> <span class='ocrx_word' id='word_1_153' title='bbox 321 2220 414 2299; x_wconf 87' lang='lat' dir='ltr'><strong>cujus</strong></span> <span class='ocrx_word' id='word_1_154' title='bbox 426 2219 525 2308; x_wconf 92' lang='lat' dir='ltr'><strong>paulo</strong></span> <span class='ocrx_word' id='word_1_155' title='bbox 539 2234 614 2283; x_wconf 89' lang='lat' dir='ltr'><strong>ante</strong></span> <span class='ocrx_word' id='word_1_156' title='bbox 627 2220 808 2283; x_wconf 86' lang='lat' dir='ltr'><strong>orationem</strong></span> <span class='ocrx_word' id='word_1_157' title='bbox 821 2218 998 2284; x_wconf 81' lang='lat' dir='ltr'><strong>audivistis.</strong></span> <span class='ocrx_word' id='word_1_158' title='bbox 1014 2220 1079 2283; x_wconf 89' lang='lat' dir='ltr'><strong>Tot</strong></span> <span class='ocrx_word' id='word_1_159' title='bbox 1092 2239 1169 2306; x_wconf 89' lang='lat' dir='ltr'><strong>pro-</strong></span> 
     </span>
     <span class='ocr_line' id='line_1_20' title="bbox 95 2316 1169 2408; baseline 0.002 -28"><span class='ocrx_word' id='word_1_160' title='bbox 95 2346 108 2369; x_wconf 82' lang='grc' dir='ltr'>ι</span> <span class='ocrx_word' id='word_1_161' title='bbox 117 2316 207 2382; x_wconf 85' lang='lat' dir='ltr'><strong>fecto</strong></span> <span class='ocrx_word' id='word_1_162' title='bbox 217 2320 384 2387; x_wconf 85' lang='lat' dir='ltr'><strong>laboribus</strong></span> <span class='ocrx_word' id='word_1_163' title='bbox 397 2320 533 2397; x_wconf 85' lang='lat' dir='ltr'><strong>meruit,</strong></span> <span class='ocrx_word' id='word_1_164' title='bbox 544 2337 582 2383; x_wconf 92' lang='lat' dir='ltr'><strong>ut</strong></span> <span class='ocrx_word' id='word_1_165' title='bbox 593 2319 768 2407; x_wconf 88' lang='lat' dir='ltr'><strong>aliquando</strong></span> <span class='ocrx_word' id='word_1_166' title='bbox 779 2321 919 2408; x_wconf 87' lang='lat' dir='ltr'><strong>tempori</strong></span> <span class='ocrx_word' id='word_1_167' title='bbox 928 2320 997 2400; x_wconf 89' lang='lat' dir='ltr'><strong>ejus</strong></span> <span class='ocrx_word' id='word_1_168' title='bbox 1008 2320 1169 2407; x_wconf 84' lang='lat' dir='ltr'><strong>salutique</strong></span> 
     </span>
     <span class='ocr_line' id='line_1_21' title="bbox 96 2420 1170 2510; baseline 0.002 -26"><span class='ocrx_word' id='word_1_169' title='bbox 96 2421 278 2506; x_wconf 71' lang='lat' dir='ltr'><strong>nparmtis:</strong></span> <span class='ocrx_word' id='word_1_170' title='bbox 294 2442 369 2485; x_wconf 88' lang='lat' dir='ltr'><strong>nam</strong></span> <span class='ocrx_word' id='word_1_171' title='bbox 391 2436 477 2487; x_wconf 88' lang='lat' dir='ltr'><strong>certe</strong></span> <span class='ocrx_word' id='word_1_172' title='bbox 489 2420 623 2504; x_wconf 89' lang='lat' dir='ltr'><strong>iisdem,</strong></span> <span class='ocrx_word' id='word_1_173' title='bbox 644 2422 764 2509; x_wconf 89' lang='lat' dir='ltr'><strong>quibus</strong></span> <span class='ocrx_word' id='word_1_174' title='bbox 781 2423 886 2488; x_wconf 81' lang='lat' dir='ltr'><strong>caeteri</strong></span> <span class='ocrx_word' id='word_1_175' title='bbox 901 2422 1071 2504; x_wconf 89' lang='lat' dir='ltr'><strong>homines,</strong></span> <span class='ocrx_word' id='word_1_176' title='bbox 1091 2422 1170 2510; x_wconf 78' lang='lat' dir='ltr'><strong>legi-</strong></span> 
     </span>
     <span class='ocr_line' id='line_1_22' title="bbox 96 2521 1171 2614; baseline 0.001 -29"><span class='ocrx_word' id='word_1_177' title='bbox 96 2550 109 2574; x_wconf 85' lang='lat'><strong>«</strong></span> <span class='ocrx_word' id='word_1_178' title='bbox 119 2521 184 2586; x_wconf 88' lang='lat' dir='ltr'><strong>bus</strong></span> <span class='ocrx_word' id='word_1_179' title='bbox 198 2524 293 2606; x_wconf 78' lang='lat' dir='ltr'><strong>virit5</strong></span> <span class='ocrx_word' id='word_1_180' title='bbox 311 2547 372 2589; x_wconf 88' lang='lat' dir='ltr'><strong>nec</strong></span> <span class='ocrx_word' id='word_1_181' title='bbox 392 2525 626 2589; x_wconf 85' lang='lat' dir='ltr'><strong>invulnerabile</strong></span> <span class='ocrx_word' id='word_1_182' title='bbox 643 2526 730 2588; x_wconf 78' lang='lat' dir='ltr'><strong>ferro</strong></span> <span class='ocrx_word' id='word_1_183' title='bbox 748 2546 885 2614; x_wconf 86' lang='lat' dir='ltr'><strong>corpus,</strong></span> <span class='ocrx_word' id='word_1_184' title='bbox 898 2543 960 2588; x_wconf 90' lang='lat' dir='ltr'><strong>nec</strong></span> <span class='ocrx_word' id='word_1_185' title='bbox 972 2524 1171 2613; x_wconf 82' lang='lat' dir='ltr'><strong>inexpugna-</strong></span> 
     </span>
     <span class='ocr_line' id='line_1_23' title="bbox 96 2623 1170 2716; baseline 0.001 -30"><span class='ocrx_word' id='word_1_186' title='bbox 96 2653 109 2675; x_wconf 83' lang='grc' dir='ltr'>ι</span> <span class='ocrx_word' id='word_1_187' title='bbox 119 2623 219 2688; x_wconf 91' lang='lat' dir='ltr'><strong>bilem</strong></span> <span class='ocrx_word' id='word_1_188' title='bbox 232 2626 356 2691; x_wconf 85' lang='lat' dir='ltr'><strong>morbis</strong></span> <span class='ocrx_word' id='word_1_189' title='bbox 364 2625 583 2691; x_wconf 85' lang='lat' dir='ltr'><strong>valetudinem</strong></span> <span class='ocrx_word' id='word_1_190' title='bbox 594 2627 686 2716; x_wconf 83' lang='lat' dir='ltr'><strong>gerit.</strong></span> <span class='ocrx_word' id='word_1_191' title='bbox 700 2627 787 2690; x_wconf 86' lang='lat' dir='ltr'><strong>Huic</strong></span> <span class='ocrx_word' id='word_1_192' title='bbox 794 2648 895 2713; x_wconf 85' lang='lat' dir='ltr'><strong>porro</strong></span> <span class='ocrx_word' id='word_1_193' title='bbox 905 2627 933 2689; x_wconf 92' lang='lat' dir='ltr'><strong>si</strong></span> <span class='ocrx_word' id='word_1_194' title='bbox 946 2624 1026 2714; x_wconf 90' lang='lat' dir='ltr'><strong>quid</strong></span> <span class='ocrx_word' id='word_1_195' title='bbox 1034 2625 1170 2688; x_wconf 90' lang='lat' dir='ltr'><strong>humani</strong></span> 
     </span>
     <span class='ocr_line' id='line_1_24' title="bbox 96 2725 1170 2815; baseline 0 -27"><span class='ocrx_word' id='word_1_196' title='bbox 96 2753 110 2777; x_wconf 77' lang='grc' dir='ltr'><strong>«ι</strong></span> <span class='ocrx_word' id='word_1_197' title='bbox 120 2727 285 2809; x_wconf 82' lang='lat' dir='ltr'><strong>evenerit,</strong></span> <span class='ocrx_word' id='word_1_198' title='bbox 298 2727 332 2792; x_wconf 92' lang='lat' dir='ltr'><strong>in</strong></span> <span class='ocrx_word' id='word_1_199' title='bbox 345 2749 412 2815; x_wconf 92' lang='lat' dir='ltr'><strong>quo</strong></span> <span class='ocrx_word' id='word_1_200' title='bbox 426 2725 543 2791; x_wconf 88' lang='lat' dir='ltr'><strong>deinde</strong></span> <span class='ocrx_word' id='word_1_201' title='bbox 554 2749 645 2815; x_wconf 86' lang='lat' dir='ltr'><strong>spem</strong></span> <span class='ocrx_word' id='word_1_202' title='bbox 659 2728 735 2792; x_wconf 85' lang='lat' dir='ltr'><strong>estis</strong></span> <span class='ocrx_word' id='word_1_203' title='bbox 747 2727 889 2790; x_wconf 86' lang='lat' dir='ltr'><strong>habituri</strong></span> <span class='ocrx_word' id='word_1_204' title='bbox 900 2727 936 2790; x_wconf 69' lang='lat' dir='ltr'><strong>i»</strong></span> <span class='ocrx_word' id='word_1_205' title='bbox 954 2729 1031 2790; x_wconf 87' lang='lat' dir='ltr'><strong>Haec</strong></span> <span class='ocrx_word' id='word_1_206' title='bbox 1042 2725 1170 2790; x_wconf 87' lang='lat' dir='ltr'><strong>dicente</strong></span> 
     </span>
     <span class='ocr_line' id='line_1_25' title="bbox 98 2825 1168 2911; baseline -0.002 -21"><span class='ocrx_word' id='word_1_207' title='bbox 98 2825 241 2908; x_wconf 88' lang='lat' dir='ltr'><strong>Catulo,</strong></span> <span class='ocrx_word' id='word_1_208' title='bbox 263 2828 413 2893; x_wconf 84' lang='lat' dir='ltr'><strong>universa</strong></span> <span class='ocrx_word' id='word_1_209' title='bbox 429 2829 545 2893; x_wconf 90' lang='lat' dir='ltr'><strong>concio</strong></span> <span class='ocrx_word' id='word_1_210' title='bbox 568 2828 794 2909; x_wconf 81' lang='lat' dir='ltr'><strong>succlamavit,</strong></span> <span class='ocrx_word' id='word_1_211' title='bbox 811 2857 824 2882; x_wconf 73' lang='grc' dir='ltr'>ι</span> <span class='ocrx_word' id='word_1_212' title='bbox 837 2831 877 2891; x_wconf 93' lang='lat' dir='ltr'><strong>ln</strong></span> <span class='ocrx_word' id='word_1_213' title='bbox 894 2841 943 2907; x_wconf 78' lang='lat' dir='ltr'><strong>te,</strong></span> <span class='ocrx_word' id='word_1_214' title='bbox 966 2829 1008 2911; x_wconf 89' lang='lat' dir='ltr'><strong>Q.</strong></span> <span class='ocrx_word' id='word_1_215' title='bbox 1022 2826 1168 2890; x_wconf 77' lang='lat' dir='ltr'><strong>Catule».</strong></span> 
     </span>
     <span class='ocr_line' id='line_1_26' title="bbox 99 2925 1172 3010; baseline -0.007 -16"><span class='ocrx_word' id='word_1_216' title='bbox 99 2929 180 3010; x_wconf 88' lang='lat' dir='ltr'><strong>Quo</strong></span> <span class='ocrx_word' id='word_1_217' title='bbox 199 2929 252 2992; x_wconf 86' lang='lat' dir='ltr'><strong>ille</strong></span> <span class='ocrx_word' id='word_1_218' title='bbox 270 2945 335 2993; x_wconf 90' lang='lat' dir='ltr'><strong>tam</strong></span> <span class='ocrx_word' id='word_1_219' title='bbox 351 2929 532 2994; x_wconf 87' lang='lat' dir='ltr'><strong>honorifico</strong></span> <span class='ocrx_word' id='word_1_220' title='bbox 555 2929 744 2993; x_wconf 86' lang='lat' dir='ltr'><strong>testimonio</strong></span> <span class='ocrx_word' id='word_1_221' title='bbox 763 2926 936 3006; x_wconf 87' lang='lat' dir='ltr'><strong>delinitus,</strong></span> <span class='ocrx_word' id='word_1_222' title='bbox 959 2925 1054 2988; x_wconf 90' lang='lat' dir='ltr'><strong>simul</strong></span> <span class='ocrx_word' id='word_1_223' title='bbox 1072 2925 1172 2988; x_wconf 88' lang='lat' dir='ltr'><strong>obsti·</strong></span> 
     </span>
     <span class='ocr_line' id='line_1_27' title="bbox 98 3026 1172 3118; baseline -0.005 -26"><span class='ocrx_word' id='word_1_224' title='bbox 98 3045 196 3093; x_wconf 88' lang='lat' dir='ltr'><strong>natos</strong></span> <span class='ocrx_word' id='word_1_225' title='bbox 212 3029 386 3094; x_wconf 87' lang='lat' dir='ltr'><strong>hominum</strong></span> <span class='ocrx_word' id='word_1_226' title='bbox 404 3031 531 3095; x_wconf 88' lang='lat' dir='ltr'><strong>animos</strong></span> <span class='ocrx_word' id='word_1_227' title='bbox 548 3027 633 3095; x_wconf 86' lang='lat' dir='ltr'><strong>ilecti</strong></span> <span class='ocrx_word' id='word_1_228' title='bbox 650 3051 745 3118; x_wconf 87' lang='lat' dir='ltr'><strong>posse</strong></span> <span class='ocrx_word' id='word_1_229' title='bbox 762 3028 954 3114; x_wconf 85' lang='lat' dir='ltr'><strong>desperans,</strong></span> <span class='ocrx_word' id='word_1_230' title='bbox 975 3049 994 3089; x_wconf 90' lang='lat' dir='ltr'><strong>e</strong></span> <span class='ocrx_word' id='word_1_231' title='bbox 1015 3026 1172 3089; x_wconf 89' lang='lat' dir='ltr'><strong>concione</strong></span> 
     </span>
     <span class='ocr_line' id='line_1_28' title="bbox 61 3131 261 3196; baseline 0 0"><span class='ocrx_word' id='word_1_232' title='bbox 61 3171 66 3178; x_wconf 93' lang='lat'><strong>·</strong></span> <span class='ocrx_word' id='word_1_233' title='bbox 98 3131 261 3196; x_wconf 83' lang='lat' dir='ltr'><strong>discessit.</strong></span> 
     </span>
    </p>

    <p class='ocr_par' dir='ltr' id='par_1_5' title="bbox 98 3229 1194 3926">
     <span class='ocr_line' id='line_1_29' title="bbox 145 3229 1172 3320; baseline -0.007 -24"><span class='ocrx_word' id='word_1_234' title='bbox 145 3231 272 3296; x_wconf 84' lang='lat' dir='ltr'><strong>XXIX.</strong></span> <span class='ocrx_word' id='word_1_235' title='bbox 294 3233 398 3298; x_wconf 84' lang='lat' dir='ltr'><strong>Multa</strong></span> <span class='ocrx_word' id='word_1_236' title='bbox 422 3254 557 3320; x_wconf 81' lang='lat' dir='ltr'><strong>quoque</strong></span> <span class='ocrx_word' id='word_1_237' title='bbox 580 3232 622 3314; x_wconf 91' lang='lat' dir='ltr'><strong>Q.</strong></span> <span class='ocrx_word' id='word_1_238' title='bbox 644 3230 838 3294; x_wconf 86' lang='lat' dir='ltr'><strong>Hortensius</strong></span> <span class='ocrx_word' id='word_1_239' title='bbox 865 3229 898 3291; x_wconf 92' lang='lat' dir='ltr'><strong>in</strong></span> <span class='ocrx_word' id='word_1_240' title='bbox 924 3243 1037 3291; x_wconf 88' lang='lat' dir='ltr'><strong>senatu</strong></span> <span class='ocrx_word' id='word_1_241' title='bbox 1059 3241 1172 3290; x_wconf 85' lang='lat' dir='ltr'><strong>contra</strong></span> 
     </span>
     <span class='ocr_line' id='line_1_30' title="bbox 98 3332 1173 3423; baseline -0.009 -23"><span class='ocrx_word' id='word_1_242' title='bbox 98 3333 298 3416; x_wconf 87' lang='lat' dir='ltr'><strong>Gabinium,</strong></span> <span class='ocrx_word' id='word_1_243' title='bbox 312 3335 414 3400; x_wconf 89' lang='lat' dir='ltr'><strong>multa</strong></span> <span class='ocrx_word' id='word_1_244' title='bbox 427 3355 488 3423; x_wconf 84' lang='lat' dir='ltr'><strong>pro</strong></span> <span class='ocrx_word' id='word_1_245' title='bbox 497 3333 622 3398; x_wconf 84' lang='lat' dir='ltr'><strong>Rostris</strong></span> <span class='ocrx_word' id='word_1_246' title='bbox 634 3348 749 3395; x_wconf 86' lang='lat' dir='ltr'><strong>contra</strong></span> <span class='ocrx_word' id='word_1_247' title='bbox 761 3332 864 3420; x_wconf 83' lang='lat' dir='ltr'><strong>legem</strong></span> <span class='ocrx_word' id='word_1_248' title='bbox 877 3379 886 3412; x_wconf 95' lang='lat'><strong>,</strong></span> <span class='ocrx_word' id='word_1_249' title='bbox 901 3351 962 3419; x_wconf 89' lang='lat' dir='ltr'><strong>pro</strong></span> <span class='ocrx_word' id='word_1_250' title='bbox 974 3348 1102 3392; x_wconf 85' lang='lat' dir='ltr'><strong>summa</strong></span> <span class='ocrx_word' id='word_1_251' title='bbox 1115 3349 1173 3391; x_wconf 88' lang='lat' dir='ltr'><strong>sua</strong></span> 
     </span>
     <span class='ocr_line' id='line_1_31' title="bbox 98 3428 1173 3526; baseline -0.009 -24"><span class='ocrx_word' id='word_1_252' title='bbox 98 3437 274 3519; x_wconf 78' lang='lat' dir='ltr'><strong>famtltate,</strong></span> <span class='ocrx_word' id='word_1_253' title='bbox 292 3437 429 3526; x_wconf 83' lang='lat' dir='ltr'><strong>graviter</strong></span> <span class='ocrx_word' id='word_1_254' title='bbox 452 3452 630 3523; x_wconf 89' lang='lat' dir='ltr'><strong>ornateque</strong></span> <span class='ocrx_word' id='word_1_255' title='bbox 652 3433 794 3514; x_wconf 79' lang='lat' dir='ltr'><strong>dixerat3</strong></span> <span class='ocrx_word' id='word_1_256' title='bbox 815 3431 871 3496; x_wconf 89' lang='lat' dir='ltr'><strong>sed</strong></span> <span class='ocrx_word' id='word_1_257' title='bbox 888 3453 970 3495; x_wconf 85' lang='lat' dir='ltr'><strong>vana</strong></span> <span class='ocrx_word' id='word_1_258' title='bbox 987 3430 1095 3494; x_wconf 89' lang='lat' dir='ltr'><strong>omnis</strong></span> <span class='ocrx_word' id='word_1_259' title='bbox 1115 3428 1173 3493; x_wconf 90' lang='lat' dir='ltr'><strong>ad·</strong></span> 
     </span>
     <span class='ocr_line' id='line_1_32' title="bbox 98 3531 1194 3625; baseline -0.007 -24"><span class='ocrx_word' id='word_1_260' title='bbox 98 3559 216 3602; x_wconf 80' lang='lat' dir='ltr'><strong>versus</strong></span> <span class='ocrx_word' id='word_1_261' title='bbox 230 3537 343 3625; x_wconf 91' lang='lat' dir='ltr'><strong>populi</strong></span> <span class='ocrx_word' id='word_1_262' title='bbox 363 3539 506 3602; x_wconf 75' lang='lat' dir='ltr'><strong>latorem</strong></span> <span class='ocrx_word' id='word_1_263' title='bbox 526 3536 694 3600; x_wconf 90' lang='lat' dir='ltr'><strong>contentio</strong></span> <span class='ocrx_word' id='word_1_264' title='bbox 715 3535 786 3598; x_wconf 83' lang='lat' dir='ltr'><strong>luit.</strong></span> <span class='ocrx_word' id='word_1_265' title='bbox 805 3535 879 3615; x_wconf 89' lang='lat' dir='ltr'><strong>Qua</strong></span> <span class='ocrx_word' id='word_1_266' title='bbox 893 3534 946 3597; x_wconf 88' lang='lat' dir='ltr'><strong>die</strong></span> <span class='ocrx_word' id='word_1_267' title='bbox 964 3531 1116 3622; x_wconf 79' lang='lat' dir='ltr'><strong>suffragia</strong></span> <span class='ocrx_word' id='word_1_268' title='bbox 1128 3531 1194 3600; x_wconf 70' lang='lat' dir='ltr'><strong>la-‚</strong></span> 
     </span>
     <span class='ocr_line' id='line_1_33' title="bbox 100 3633 1174 3725; baseline -0.007 -23"><span class='ocrx_word' id='word_1_269' title='bbox 100 3655 185 3702; x_wconf 81' lang='lat' dir='ltr'><strong>turae</strong></span> <span class='ocrx_word' id='word_1_270' title='bbox 199 3638 304 3702; x_wconf 87' lang='lat' dir='ltr'><strong>tribus</strong></span> <span class='ocrx_word' id='word_1_271' title='bbox 318 3655 426 3719; x_wconf 90' lang='lat' dir='ltr'><strong>erant,</strong></span> <span class='ocrx_word' id='word_1_272' title='bbox 440 3637 614 3725; x_wconf 87' lang='lat' dir='ltr'><strong>Pompeius</strong></span> <span class='ocrx_word' id='word_1_273' title='bbox 626 3637 707 3700; x_wconf 87' lang='lat' dir='ltr'><strong>clam</strong></span> <span class='ocrx_word' id='word_1_274' title='bbox 718 3636 753 3697; x_wconf 92' lang='lat' dir='ltr'><strong>in</strong></span> <span class='ocrx_word' id='word_1_275' title='bbox 765 3635 924 3723; x_wconf 71' lang='lat' dir='ltr'><strong>predium</strong></span> <span class='ocrx_word' id='word_1_276' title='bbox 934 3633 1068 3721; x_wconf 86' lang='lat' dir='ltr'><strong>aliquod</strong></span> <span class='ocrx_word' id='word_1_277' title='bbox 1079 3653 1174 3696; x_wconf 90' lang='lat' dir='ltr'><strong>suum</strong></span> 
     </span>
     <span class='ocr_line' id='line_1_34' title="bbox 100 3733 1176 3826; baseline -0.007 -24"><span class='ocrx_word' id='word_1_278' title='bbox 100 3753 153 3801; x_wconf 85' lang='lat' dir='ltr'><strong>est</strong></span> <span class='ocrx_word' id='word_1_279' title='bbox 165 3738 351 3826; x_wconf 80' lang='lat' dir='ltr'><strong>profectus:</strong></span> <span class='ocrx_word' id='word_1_280' title='bbox 361 3738 483 3802; x_wconf 89' lang='lat' dir='ltr'><strong>Audito</strong></span> <span class='ocrx_word' id='word_1_281' title='bbox 506 3737 643 3818; x_wconf 88' lang='lat' dir='ltr'><strong>deinde,</strong></span> <span class='ocrx_word' id='word_1_282' title='bbox 656 3737 810 3826; x_wconf 87' lang='lat' dir='ltr'><strong>perlatam</strong></span> <span class='ocrx_word' id='word_1_283' title='bbox 828 3735 1015 3823; x_wconf 86' lang='lat' dir='ltr'><strong>jussamque</strong></span> <span class='ocrx_word' id='word_1_284' title='bbox 1033 3733 1176 3822; x_wconf 84' lang='lat' dir='ltr'><strong>rogatio·</strong></span> 
     </span>
     <span class='ocr_line' id='line_1_35' title="bbox 102 3838 1177 3926; baseline -0.006 -24"><span class='ocrx_word' id='word_1_285' title='bbox 102 3861 183 3903; x_wconf 89' lang='lat' dir='ltr'><strong>nem</strong></span> <span class='ocrx_word' id='word_1_286' title='bbox 197 3859 287 3922; x_wconf 84' lang='lat' dir='ltr'><strong>esse,</strong></span> <span class='ocrx_word' id='word_1_287' title='bbox 305 3855 407 3904; x_wconf 87' lang='lat' dir='ltr'><strong>noctu</strong></span> <span class='ocrx_word' id='word_1_288' title='bbox 421 3840 547 3904; x_wconf 87' lang='lat' dir='ltr'><strong>introiit</strong></span> <span class='ocrx_word' id='word_1_289' title='bbox 561 3838 702 3922; x_wconf 88' lang='lat' dir='ltr'><strong>Urbem,</strong></span> <span class='ocrx_word' id='word_1_290' title='bbox 718 3855 757 3902; x_wconf 90' lang='lat' dir='ltr'><strong>ut</strong></span> <span class='ocrx_word' id='word_1_291' title='bbox 769 3839 1001 3926; x_wconf 83' lang='lat' dir='ltr'><strong>gratulantium</strong></span> <span class='ocrx_word' id='word_1_292' title='bbox 1012 3851 1131 3915; x_wconf 84' lang='lat' dir='ltr'><strong>coetus,</strong></span> <span class='ocrx_word' id='word_1_293' title='bbox 1145 3850 1177 3897; x_wconf 90' lang='lat' dir='ltr'><strong>et</strong></span> 
     </span>
    </p>
   </div>
   <div class='ocr_carea' id='block_1_4' title="bbox 106 4047 1178 4202">
    <p class='ocr_par' dir='ltr' id='par_1_6' title="bbox 106 4047 1178 4202">
     <span class='ocr_line' id='line_1_36' title="bbox 139 4047 1178 4119; baseline -0.011 -15"><span class='ocrx_word' id='word_1_294' title='bbox 139 4054 157 4119; x_wconf 69' lang='lat'><em>2</em></span> <span class='ocrx_word' id='word_1_295' title='bbox 180 4055 304 4104; x_wconf 79' lang='lat' dir='ltr'><strong>xxvm.</strong></span> <span class='ocrx_word' id='word_1_296' title='bbox 320 4055 418 4106; x_wconf 72' lang='lat' dir='ltr'><strong>solue.</strong></span> <span class='ocrx_word' id='word_1_297' title='bbox 432 4055 496 4104; x_wconf 72' lang='lat' dir='ltr'><strong>Hirr.</strong></span> <span class='ocrx_word' id='word_1_298' title='bbox 508 4055 539 4113; x_wconf 82' lang='lat' dir='ltr'><strong>V,</strong></span> <span class='ocrx_word' id='word_1_299' title='bbox 554 4071 583 4112; x_wconf 85' lang='lat' dir='ltr'><strong>a,</strong></span> <span class='ocrx_word' id='word_1_300' title='bbox 602 4069 629 4119; x_wconf 88' lang='lat' dir='ltr'><strong>p.</strong></span> <span class='ocrx_word' id='word_1_301' title='bbox 644 4062 696 4116; x_wconf 66' lang='lat'><strong>419</strong></span> <span class='ocrx_word' id='word_1_302' title='bbox 709 4053 776 4102; x_wconf 75' lang='lat' dir='ltr'><strong>Edit.</strong></span> <span class='ocrx_word' id='word_1_303' title='bbox 786 4065 886 4101; x_wconf 63' lang='lat' dir='ltr'><strong>nosne.</strong></span> <span class='ocrx_word' id='word_1_304' title='bbox 900 4054 946 4099; x_wconf 85' lang='lat' dir='ltr'><strong>Eo.</strong></span> <span class='ocrx_word' id='word_1_305' title='bbox 957 4077 991 4087; x_wconf 89' lang='lat'><strong>·-</strong></span> <span class='ocrx_word' id='word_1_306' title='bbox 1001 4049 1054 4097; x_wconf 78' lang='lat' dir='ltr'><strong>Cic.</strong></span> <span class='ocrx_word' id='word_1_307' title='bbox 1068 4047 1178 4112; x_wconf 72' lang='lat' dir='ltr'><strong>prolege</strong></span> 
     </span>
     <span class='ocr_line' id='line_1_37' title="bbox 106 4133 1141 4202; baseline -0.009 -15"><span class='ocrx_word' id='word_1_308' title='bbox 106 4140 194 4190; x_wconf 80' lang='lat' dir='ltr'><strong>Manil.</strong></span> <span class='ocrx_word' id='word_1_309' title='bbox 207 4156 230 4188; x_wconf 91' lang='lat' dir='ltr'><strong>c.</strong></span> <span class='ocrx_word' id='word_1_310' title='bbox 246 4155 288 4187; x_wconf 81' lang='lat' dir='ltr'><strong>ao.</strong></span> <span class='ocrx_word' id='word_1_311' title='bbox 301 4139 404 4188; x_wconf 74' lang='lat' dir='ltr'><strong>-Velt</strong></span> <span class='ocrx_word' id='word_1_312' title='bbox 416 4140 455 4198; x_wconf 85' lang='lat'><strong>11,</strong></span> <span class='ocrx_word' id='word_1_313' title='bbox 470 4141 511 4187; x_wconf 78' lang='lat'><strong>32.</strong></span> <span class='ocrx_word' id='word_1_314' title='bbox 527 4165 560 4176; x_wconf 89' lang='lat'><em>-</em></span> <span class='ocrx_word' id='word_1_315' title='bbox 574 4135 637 4187; x_wconf 78' lang='lat' dir='ltr'><strong>l’lnt.</strong></span> <span class='ocrx_word' id='word_1_316' title='bbox 651 4139 677 4186; x_wconf 91' lang='lat' dir='ltr'><strong>in</strong></span> <span class='ocrx_word' id='word_1_317' title='bbox 690 4139 776 4202; x_wconf 80' lang='lat' dir='ltr'><strong>Pomp.</strong></span> <span class='ocrx_word' id='word_1_318' title='bbox 789 4163 823 4174; x_wconf 91' lang='lat'><strong>--</strong></span> <span class='ocrx_word' id='word_1_319' title='bbox 832 4135 887 4184; x_wconf 74' lang='lat' dir='ltr'><strong>vat.</strong></span> <span class='ocrx_word' id='word_1_320' title='bbox 900 4135 1050 4192; x_wconf 67' lang='lat' dir='ltr'><strong>imvm,</strong></span> <span class='ocrx_word' id='word_1_321' title='bbox 1064 4133 1104 4193; x_wconf 80' lang='lat'><strong>15,</strong></span> <span class='ocrx_word' id='word_1_322' title='bbox 1117 4147 1141 4195; x_wconf 85' lang='lat'><strong>9.</strong></span> 
     </span>
    </p>
   </div>
   <div class='ocr_carea' id='block_1_5' title="bbox 0 0 1455 4900">
    <p class='ocr_par' dir='ltr' id='par_1_7' title="bbox 0 0 1455 4900">
     <span class='ocr_line' id='line_1_38' title="bbox 0 0 1455 4900; baseline 0 0"><span class='ocrx_word' id='word_1_323' title='bbox 0 0 1455 4900; x_wconf 95' lang='lat' dir='ltr'><strong> </strong></span> 
     </span>
    </p>
   </div>
  </div>
 </body>
</html>
