2875 4900
297 392 366 489 196
450 396 520 463 JO.
548 396 908 464 FREINSHEMII
941 398 1198 467 SUPPLEM.

336 521 393 583 Vl.
411 518 614 583 Mamertinis
629 533 754 598 umen,
777 518 919 581 tribunal
935 518 1004 597 ejus
1023 520 1262 608 praescriptione
1275 521 1353 599 juris

291 622 412 686 vetusti
428 620 686 701 declinantibus,
703 619 802 706 paulo
816 619 1016 684 acerbiorem
1037 643 1072 685 se
1092 622 1254 702 exhibuit,
1272 622 1353 710 gravi

291 724 389 787 etiam
406 745 487 787 voce
505 720 608 802 edita,
634 721 842 809 «Quousque
861 721 947 810 leges
970 722 1116 787 accincto
1142 723 1354 787 recitabitisl»

291 826 404 915 Longe
415 822 614 887 moderatior
624 821 687 885 fuit
699 823 733 885 in
747 822 1035 887 Thermitanorum
1053 846 1164 905 musa,
1179 825 1238 911 qni
1251 824 1356 888 Hime-

291 949 362 990 ram
379 924 539 989 colebant.
555 924 625 988 Hos
643 924 686 988 ob
703 924 849 988 studium
872 924 1079 989 adversarum
1098 926 1353 1015 partinm'quum

289 1027 407 1117 punire
419 1024 626 1106 decrevisset,
640 1024 795 1090 Sthenius
808 1025 944 1090 civitatis
957 1026 1124 1115 princeps,
1140 1026 1357 1117 impressistis»

289 1151 361 1192 rtem
376 1127 577 1208 exclamarit,
594 1129 623 1189 si
634 1127 674 1191 ob
686 1126 815 1215 culpem
833 1128 926 1191 urrisu
941 1128 1164 1192 condemnaret
1179 1152 1285 1191 omum
1299 1152 1311 1191 .·
1327 1144 1356 1191 et

290 1246 456 1319 querente
467 1229 640 1317 Pompeio,
658 1252 782 1317 ecquem
801 1229 900 1315 igitur
917 1250 1014 1291 unum
1030 1228 1122 1293 illum
1138 1252 1201 1293 esse
1217 1230 1359 1293 diceret?

288 1355 321 1394 se
338 1334 437 1417 ipsum
453 1353 515 1393 esse
532 1328 718 1417 respondit,
733 1332 791 1418 qui
796 1345 928 1419 propter
945 1329 979 1395 C.
990 1330 1091 1393 Marii
1091 1328 1357 1417 familiaritatem

288 1445 321 1497 et
334 1433 519 1521 hospitium,
537 1437 617 1496 rives
628 1454 725 1512 suos,
749 1433 859 1494 amuis
873 1430 1114 1519 persuadendO,
1139 1432 1284 1519 cogendo
1298 1432 1358 1495 iui-

288 1538 399 1614 micos,
417 1536 464 1597 ed
479 1532 621 1597 mmdem
636 1556 769 1597 causam
784 1532 980 1596 adduxisset.

330 1636 405 1699 Vll.
423 1637 610 1700 Delectatus
631 1634 732 1698 animi
753 1634 903 1723 generosi
925 1633 1112 1698 adolescens
1134 1650 1202 1697 tam
1227 1634 1304 1698 forti
1329 1648 1359 1697 et

287 1737 340 1825 pia
357 1736 579 1816 confessione,
595 1736 702 1823 primo
718 1734 828 1816 illum,
844 1734 963 1799 deinde
977 1735 1139 1798 civitatem
1155 1736 1316 1819 absolvit3
1330 1750 1359 1799 et

288 1838 322 1901 in
349 1860 389 1901 eo
413 1837 485 1924 ipso
506 1836 631 1917 judicio
651 1836 880 1926 dignissimum
901 1824 1030 1917 statuit,
1057 1859 1206 1923 quocum
1229 1836 1358 1927 hospitii

217 1980 220 1985 ·
287 1934 494 2003 contraheret
505 1937 787 2003 necessitudinem.
804 1936 917 2020 Quum
929 1936 1047 2002 deinde
1061 1939 1210 2004 militaris
1223 1940 1362 2005 insolen-

287 2042 330 2105 tia
344 2042 462 2105 multas
481 2040 599 2128 passim
614 2039 748 2120 injurias
765 2039 880 2103 Siculis
898 2040 1019 2102 inferre
1032 2038 1216 2123 diceretur,
1234 2041 1360 2129 excogi-

288 2143 383 2223 tavit,
400 2143 453 2223 ut,
471 2141 600 2229 quoties
616 2141 726 2228 aliquo
741 2140 892 2205 mittendi
910 2141 1027 2204 milites
1042 2158 1166 2225 essent,
1185 2143 1308 2233 gladii,
1323 2164 1362 2205 ne

286 2259 420 2331 possent
433 2242 546 2322 educi,
563 2242 831 2331 obsignarentur,
849 2241 1232 2333 animadvertereturque
1244 2246 1280 2309 in
1294 2268 1362 2323 eos,

288 2367 431 2433 quorum
455 2368 474 2407 a
497 2342 610 2434 gladiis
633 2342 763 2407 revulsa
784 2364 857 2406 cera
880 2359 973 2407 esset.
998 2344 1069 2407 Hoc
1095 2367 1212 2410 rerum
1240 2346 1364 2433 ubique

285 2463 386 2528 statu,
398 2468 501 2534 quum
515 2463 626 2533 parata
636 2444 748 2509 omnia
756 2459 872 2532 praeter
884 2444 1071 2532 Hispaniam
1080 2444 1295 2532 riderentur,
1309 2444 1363 2510 ubi

287 2549 328 2630 Q.
341 2547 504 2611 Sertorius
521 2546 643 2611 bellum
660 2543 839 2626 conllabat,
857 2546 916 2609 Pio
931 2547 1062 2610 Metello
1080 2547 1132 2612 illa
1152 2549 1368 2638 expeditione

285 2650 474 2731 commissa,
488 2647 531 2712 ad
545 2648 779 2736 rempublicam
796 2646 1011 2711 ordinandam
1025 2649 1112 2713 Sulla
1129 2671 1166 2712 se
1181 2652 1364 2730 transtulit,

285 2767 445 2840 potestate
470 2751 566 2838 plane
589 2749 777 2837 tyrannica,
801 2749 858 2812 sed
881 2749 1051 2814 honestius
1075 2751 1216 2837 aliquod
1246 2776 1366 2820 nomen

177 2910 179 2915 .
285 2853 561 2941 circumspiciens.

330 2954 420 3018 VlIl.
447 2954 552 3042 Igitur
575 2953 650 3016 licet
671 2969 741 3016 acta
766 2951 835 3031 ejus
858 2955 967 3017 omnia
992 2969 1123 3040 senatus
1146 2958 1370 3046 populusque

285 3077 440 3120 romanus
458 3070 526 3117 rata
548 3054 733 3134 habuisset,
753 3053 988 3140 habiturusque
1006 3056 1103 3119 etiam
1118 3059 1256 3144 agenda
1277 3059 1368 3124 vide·

287 3174 397 3237 retur,
420 3157 584 3245 paulisper
601 3177 641 3218 ex
656 3155 746 3218 Urbe
767 3154 936 3234 secedens,
962 3156 1092 3218 monuit
1113 3175 1294 3242 senatum,
1320 3175 1370 3239 ut,

285 3260 437 3346 quonium
459 3259 525 3318 siue
547 3256 726 3320 consulibus
748 3268 824 3319 esset
840 3255 1030 3345 respublica,
1056 3260 1196 3322 corneliis
1213 3262 1372 3326 habendis

287 3360 428 3421 interrex
437 3355 634 3444 proderetur.
647 3355 801 3420 Proditus
815 3374 864 3420 est
876 3356 1064 3422 L.Valerius
1078 3358 1222 3427 Flaccus
1235 3381 1374 3429 senatus

285 3460 449 3550 princeps.
466 3457 518 3523 Ad
537 3458 628 3523 hunc
650 3458 777 3546 scripsit
793 3458 897 3539 Sulla,
915 3458 1047 3547 referret
1060 3459 1107 3523 ad
1113 3465 1304 3550 populum,
1322 3467 1373 3530 vi-

284 3561 358 3630 deri
370 3561 432 3624 sibi
448 3559 635 3624 dictatorem
653 3561 827 3624 creandum
843 3583 921 3640 esse,
946 3585 1002 3625 nee
1022 3561 1210 3629 adeersum
1228 3585 1373 3658 tempus,

283 3664 341 3729 sed
353 3662 453 3726 donee
470 3664 640 3725 constitute
659 3661 834 3748 respublica
836 3659 932 3748 foret
949 3685 961 3725 .·
977 3678 1009 3726 et
1028 3663 1064 3729 in
1086 3663 1205 3730 inlima
1231 3670 1377 3758 epistola

284 3767 439 3848 subjecit,
457 3766 486 3827 si
496 3763 634 3851 populus
650 3787 801 3828 romanus
820 3764 880 3826 sibi
895 3765 932 3826 id
946 3787 1025 3828 onus
1041 3769 1206 3853 imponere
1227 3773 1329 3852 velr't,
1348 3795 1378 3832 se

280 3869 396 3960 populi
407 3869 534 3931 romani
546 3889 645 3930 cerua
660 3889 725 3932 nou
737 3881 967 3931 recusaturum.
985 3867 1129 3932 Libertas
1146 3872 1378 3939 comitiorum

319 4079 335 4143 s
348 4080 393 4124 Vt.
406 4077 459 4127 Cle.
473 4076 499 4124 ln
511 4076 583 4123 Vetr.
594 4077 636 4134 11,
655 4078 698 4132 46.
710 4103 746 4114 -
759 4077 824 4126 Plnt.
840 4076 865 4126 in
878 4079 997 4140 Praecept.
1012 4077 1085 4141 lleip.
1099 4078 1240 4142 gerendae,
1262 4099 1324 4149 cap.
1338 4083 1379 4132 So.

284 4189 319 4199 -
333 4162 439 4226 Appian.
453 4187 489 4198 --
500 4161 574 4209 Oros.
585 4160 619 4218 V,
632 4175 674 4208 ar.
