2875 4900
241 404 290 474 IN
324 405 438 473 LOC.
464 405 556 472 LlB.
581 400 753 472 XCVIII
784 401 1000 470 LlVlANI.
1089 399 1152 472 331
1215 403 1220 428 '

106 524 220 588 ursinis
237 523 288 611 (id
297 524 385 590 enim
394 523 539 590 Triarius
550 521 942 612 permittebatlimposuit
953 521 1160 603 triremibus,
1316 505 1325 522 ⁴

106 627 250 715 simulque
263 651 338 692 cum
352 627 392 690 iis
403 625 618 716 abnavigavit.

141 729 205 794 XV.
221 729 287 793 Sub
305 728 394 793 idem
413 746 543 816 tempus
561 726 780 814 Damopheles
801 726 920 814 apertis
942 726 1044 814 portis
1066 721 1159 790 Tria-

105 830 178 892 rium
189 830 310 918 accepit
325 852 333 894 :
349 830 503 894 nonnulli
518 829 654 911 milites,
676 827 744 891 sive
762 825 859 891 taedio
876 849 992 909 morte,
1011 827 1078 891 sive
1093 850 1160 914 quo

105 930 131 991 ri
149 947 232 1018 capta
251 929 362 995 civitas
378 929 562 1011 videretur,
579 951 638 1017 per
655 951 768 993 muros
788 929 1017 994 transcendere
1037 930 1160 995 malue-

105 1046 179 1096 tunt.
193 1033 244 1096 Sic
257 1050 415 1122 occupata
431 1033 603 1126 Heraclea,
617 1029 794 1096 crudeliter
810 1031 845 1093 in
866 1030 1048 1120 oppidanos
1067 1033 1159 1095 saeri·

105 1147 163 1195 tum
179 1135 402 1222 :Romanique
420 1156 596 1214 memores,
614 1155 687 1220 quae
702 1133 835 1220 longam
850 1131 938 1196 inter
953 1131 1158 1198 obsidionem

104 1231 231 1315 fastidia,
245 1257 330 1324 quos
346 1235 474 1299 labores
491 1236 701 1314 tolerassent,
719 1233 771 1297 vel
785 1233 825 1296 ab
845 1233 907 1298 aris
928 1250 962 1297 et
980 1233 1160 1298 simulacris

103 1331 263 1399 abstractos
279 1336 474 1426 jugulabant
494 1358 503 1400 t
523 1333 591 1424 quo
611 1350 702 1398 metu
727 1325 844 1423 magna
866 1357 940 1422 pars
960 1357 1020 1423 per
1042 1325 1160 1400 moenia

102 1431 255 1519 desiliens,
269 1460 329 1525 per
341 1438 527 1501 universam
538 1437 724 1526 regionem,
738 1436 928 1524 utquisque
940 1437 1078 1502 latebras
1095 1461 1169 1526 spe·

102 1553 228 1618 laverat,
252 1537 407 1627 dissipata
429 1555 493 1620 est,
513 1553 573 1602 aut
593 1535 635 1602 ad
654 1529 757 1602 Cottae
780 1553 883 1600 castra
907 1540 1060 1630 perfugit.
1084 1541 1165 1621 llle,

103 1635 246 1703 hactenus
260 1642 394 1730 ignarus
410 1641 479 1722 rei,
494 1663 599 1728 quum
612 1656 739 1728 captam
755 1641 872 1704 urbem
887 1639 1112 1730 direptamque
1125 1667 1162 1707 ex

103 1735 147 1800 his
162 1738 342 1822 didicisset,
364 1742 412 1806 ira
433 1739 574 1806 fremens
596 1741 715 1806 excivit
735 1741 929 1824 exercitum,
947 1744 1165 1831 protinusque
1249 1799 1260 1810 ,

103 1841 259 1907 contendit
279 1841 322 1907 ad
344 1842 479 1924 urbem,
495 1865 625 1931 poenam
648 1856 839 1931 sumpturus
859 1865 877 1906 a
896 1843 1041 1924 Triario,
1061 1865 1163 1931 aquo

104 1957 178 2004 esset
190 1959 223 2008 et
236 1944 399 2008 Heracleae
415 1943 580 2032 capiendae
596 1943 713 2031 gloria,
732 1958 765 2006 et
783 1943 1011 2007 manubiarum
1026 1945 1163 2008 utilitate

102 2045 263 2130 spoliatam,
274 2068 541 2133 concursumque
551 2045 700 2109 civilibus
711 2044 810 2110 armis
822 2045 923 2126 foret,
936 2045 998 2110 nisi
1008 2046 1163 2128 Triarius,

103 2145 187 2210 Cotta
206 2149 419 2236 exercituque
441 2147 551 2212 multis
573 2146 768 2234 lenibusque
787 2147 895 2211 verbis
915 2148 1058 2237 placato,
1081 2171 1163 2236 prm-

102 2245 167 2310 dam
183 2272 394 2315 communem
410 2249 567 2314 omnibus
581 2251 652 2312 fore
665 2248 906 2340 spopondisset.

140 2349 223 2416 xvl.
243 2353 299 2418 Sic
314 2350 531 2441 redintegrata
551 2351 710 2431 amicitia,
729 2372 832 2439 quum
852 2351 936 2416 Tion
953 2367 987 2416 et
1003 2352 1162 2418 Amastrin

102 2450 137 2513 ab
149 2454 368 2543 Connacon'ge
383 2455 487 2518 teneri
499 2452 706 2536 didicissent,
723 2453 868 2517 Triarius
882 2454 916 2517 in
931 2456 1024 2519 istam
1038 2455 1167 2544 expedi·

103 2551 214 2618 tionem
229 2554 414 2644 profectus,
432 2572 611 2643 utrumque
625 2554 806 2643 oppidum,
824 2572 918 2643 pacto
932 2578 1084 2622 securum
1097 2558 1166 2621 abi-

103 2668 165 2719 tum
182 2658 425 2748 Connacorige,
443 2658 535 2722 nullo
556 2658 690 2747 negotio
712 2658 846 2746 recepit.
868 2659 959 2723 Inter
979 2660 1049 2724 hec
1070 2662 1165 2724 Cotta

103 2759 233 2846 captivos
251 2760 536 2842 Heracleotarum,
555 2778 588 2823 et
607 2760 664 2847 qui
687 2782 803 2823 eorum
820 2757 861 2824 ad
881 2783 915 2825 se
937 2762 1164 2851 perfugerant,

103 2858 248 2944 retinens,
262 2860 439 2926 crudeliter
448 2877 482 2925 et
492 2884 586 2926 avare
600 2862 812 2951 presentibus
825 2863 997 2945 utebatur,
1012 2862 1166 2927 omnihus

103 2957 232 3051 abreptis
246 2963 448 3051 templorum
469 2961 631 3045 donariis,
653 2964 898 3052 simulacrisque
915 2965 1107 3045 numinum,
1129 2981 1168 3029 ut

104 3080 157 3124 uec
167 3064 298 3134 Herculi
309 3081 514 3154 parceretur,
530 3064 584 3129 cui
595 3086 718 3129 sacram
732 3065 848 3129 urbem
863 3088 972 3149 suam,
987 3083 1020 3131 et
1035 3066 1069 3131 in
1081 3066 1166 3131 illius

104 3157 252 3230 honorem
280 3167 404 3230 oraculi
428 3166 522 3246 jussu
546 3164 731 3247 conditam,
761 3167 990 3231 Heracleenses
1008 3167 1166 3234 ferebant.

105 3262 173 3341 Ejus
184 3266 326 3358 effigiem
341 3268 522 3356 antiquitus
542 3268 639 3332 talem
655 3284 849 3357 posuerant,
868 3284 907 3351 ut
920 3268 1003 3333 nihil
1017 3266 1059 3333 ad
1077 3292 1167 3335 sum-

104 3385 180 3431 mam
199 3366 472 3460 magnificentiam
495 3370 703 3459 pretiumque
726 3393 764 3434 ac
787 3370 1066 3459 pulchritudinem
1093 3374 1168 3438 reli·

103 3486 197 3553 quum
211 3470 389 3536 videretur.
403 3471 533 3536 Claram
555 3469 749 3536 addiderant
771 3494 851 3537 auro
873 3472 986 3538 obrizo
1010 3472 1167 3558 solidam;

104 3584 178 3635 etex
189 3572 305 3637 eodem
321 3575 452 3637 metallo
466 3574 632 3638 leoninam
648 3572 815 3663 ingentem
833 3573 1009 3657 finxerant,
1026 3576 1168 3665 plenam-

104 3690 161 3754 que
177 3674 300 3763 sagittis
314 3675 510 3764 pharetram.

141 3772 242 3840 xvlt.
255 3776 332 3841 Hoeo
344 3793 377 3840 et
385 3777 445 3841 alia
456 3800 560 3865 quum
568 3775 611 3841 ad
621 3800 719 3841 naves
734 3776 954 3865 deportasset,
969 3777 1057 3857 injici
1074 3781 1167 3843 tectis

103 3870 202 3959 iguem
216 3877 332 3961 jussit3
353 3900 421 3966 quo
442 3880 605 3969 pleraeque
627 3879 719 3944 urbis
742 3880 890 3967 regiones
912 3878 1163 3968 conflagrarunt.

132 4100 147 4163 S
168 4105 224 4155 XV.
241 4108 349 4174 Appian.
367 4108 480 4171 Mithrid.
500 4136 536 4146 ·-
555 4109 684 4157 Memnon.
703 4134 738 4145 -—
760 4106 864 4172 §dlvl
883 4108 976 4156 trotio.
993 4108 1066 4165 xvi,
1084 4108 1107 4156 3.
1131 4136 1167 4147 -

104 4182 220 4237 Μωυσῆ.
