2875 4900
289 371 333 442 50
460 372 1175 442 JO.FREINSHEMHSUPPLEM.
1267 415 1271 422 ‹

286 495 327 557 ab
345 494 437 558 initio
454 494 602 558 facillime
623 509 767 558 evertere
789 494 964 581 potuisset,
983 493 1066 555 vires
1084 491 1194 571 daret,
1211 513 1271 554 nec
1290 492 1349 556 nisi

285 593 459 684 prolligatae
472 595 538 675 jam
552 596 758 682 optimatium
776 618 879 660 causae
894 610 1108 658 succurreret.

329 697 449 778 XXVI.
467 695 620 760 Adunato
638 697 738 784 igitur
753 697 913 776 exercitu,
930 717 1034 782 quum
1047 711 1123 758 ante
1138 710 1266 781 portam
1279 695 1350 758 Col·

284 797 382 860 linam
405 813 506 860 castra
526 797 703 884 posuissem
722 796 839 861 eodem
860 813 893 860 ct
912 796 1017 860 Cinna
1033 816 1110 858 cum
1129 795 1274 857 Sertorio
1295 816 1349 858 su·

284 898 448 985 pervenit,
466 919 574 984 neque
589 898 693 960 multo
709 897 828 962 abinde
840 897 1008 961 intervallo
1023 910 1125 959 castra
1139 908 1279 958 metatus
1291 910 1347 956 est.

283 998 399 1086 Pugna
426 995 545 1060 deinde
574 999 660 1062 inter
683 999 865 1063 Sertorium
887 1015 921 1060 et
944 996 1139 1084 Pompeium
1163 996 1349 1073 commissa,

285 1121 390 1184 quum
405 1097 446 1160 ad
462 1114 631 1162 sexcentos
646 1098 855 1179 cecidissent,
871 1099 1057 1161 interventu
1071 1097 1176 1160 noctis
1191 1095 1351 1181 dirempta

284 1216 344 1262 est.
369 1201 418 1262 Eo
445 1215 592 1287 tempore
613 1200 731 1264 accidit
752 1223 803 1264 res
827 1221 908 1263 saeva
934 1215 968 1262 et
991 1197 1174 1276 horribilis,
1197 1213 1235 1259 ut
1255 1218 1349 1282 pom·

282 1299 418 1386 pelanus
435 1301 527 1362 miles
544 1301 675 1364 fratrem
692 1323 733 1364 ex
747 1300 878 1364 adversa
892 1300 961 1363 acie
976 1300 1131 1388 ignoraus
1146 1298 1349 1386 ignorantem

283 1398 488 1464 interficeret.
506 1401 590 1464 Eum
612 1401 749 1482 deinde,
767 1424 870 1488 quum
896 1401 1015 1465 ruomui
1038 1422 1157 1486 corpus
1181 1397 1350 1487 spoliando

284 1503 419 1565 fratrem
433 1503 631 1591 agnovisset,
651 1504 776 1591 ingenti
794 1502 1027 1566 lamentatione
1041 1500 1142 1580 edita,
1158 1522 1276 1587 rugum
1294 1521 1350 1562 ex·

283 1605 437 1668 struxisse
455 1622 655 1686 memorant;
677 1621 729 1685 et,
745 1625 926 1693 conscenso
946 1623 1045 1689 rogo,
1063 1622 1166 1687 quum
1183 1598 1299 1663 eodem
1317 1623 1351 1662 se

282 1702 389 1790 gladio
405 1703 628 1788 transfixisset,
643 1728 711 1791 quo
730 1706 862 1767 fratrem
878 1702 1057 1782 occiderat,
1077 1723 1254 1765 commune
1274 1723 1350 1764 cum

282 1802 338 1866 illo
355 1804 490 1867 bustum
500 1805 664 1868 habuisse.
675 1804 858 1868 Miserabile
870 1804 935 1867 hoc
946 1803 1073 1866 facinus
1083 1819 1117 1866 et
1125 1818 1211 1882 erat,
1223 1817 1257 1865 et
1266 1801 1354 1866 vide·

282 1903 397 1984 batur;
420 1905 477 1968 scd
496 1921 545 1969 tot
560 1907 734 1970 hominum
752 1906 908 1993 utrinque
926 1904 1042 1984 millia,
1061 1925 1164 1990 quum
1184 1904 1243 1967 ista
1260 1903 1351 1968 dete·

282 2021 463 2087 starentur,
477 2005 565 2069 haud
580 2006 698 2070 leviora
714 2005 971 2070 committebant.

325 2107 463 2170 xxvlt.
483 2109 521 2170 ln
543 2107 607 2170 hoc
625 2109 762 2171 articulo
779 2130 892 2171 rerum
914 2108 952 2171 C.
964 2106 1104 2186 Marius,
1126 2106 1299 2193 caeterique
1312 2128 1352 2170 ex

281 2207 388 2270 Africa
414 2206 454 2272 ad
473 2207 683 2272 Telamonem
703 2209 842 2272 Enuaae
863 2225 998 2295 portum
1021 2209 1228 2295 appulerunt.
1249 2210 1352 2272 Erant

282 2329 358 2370 cum
375 2306 425 2370 his
442 2307 567 2394 equites
585 2309 706 2390 mauri,
726 2308 905 2395 etquidem
920 2309 1096 2390 Italorum,
1114 2332 1198 2395 quos
1216 2309 1251 2371 in
1265 2310 1352 2372 Afri-

282 2431 351 2471 cam
374 2423 469 2471 aestus
492 2408 671 2491 bettomm,
695 2427 754 2475 aut
775 2411 845 2475 aliae
865 2431 971 2474 causa
991 2411 1198 2497 expulerant,
1220 2409 1254 2473 in
1277 2409 1352 2472 uni·

281 2531 410 2571 versum
427 2508 516 2573 haud
534 2512 672 2599 amplius
692 2514 790 2576 mille.
808 2512 873 2577 Sed
893 2512 934 2576 ad
954 2536 1075 2576 nomen
1096 2512 1190 2577 Marii
1212 2534 1352 2575 concur-

281 2610 429 2673 rentibus
446 2610 573 2691 multis,
595 2634 699 2699 quum
717 2630 750 2676 et
769 2613 929 2701 ergastula
947 2628 1103 2692 armaret,
1126 2628 1160 2675 et
1180 2634 1222 2675 ex
1241 2611 1352 2674 liberis

281 2710 473 2775 hominibus
488 2713 701 2800 agricolarum
719 2732 953 2801 pastorumque
968 2712 1211 2777 robustissimos
1232 2726 1352 2775 centu·

282 2812 394 2887 riaret,
411 2811 502 2873 brevi
515 2811 556 2875 ad
571 2834 626 2876 sex
640 2813 812 2876 hominum
829 2814 926 2877 millia
942 2830 1054 2877 coacta
1071 2828 1150 2877 sunt
1161 2837 1169 2876 :
1182 2813 1305 2899 quibus
1317 2813 1352 2875 in

282 2935 379 2976 naves
405 2912 618 3002 quadraginta
639 2914 817 3002 impositis,
843 2930 946 3001 quum
969 2916 1030 2978 Cu.
1048 2914 1219 2978 Octavium
1242 2916 1352 2977 virum

280 3014 443 3103 optimum
464 3036 533 3079 esse
554 3032 681 3097 nosset,
696 3016 809 3078 Cinna·
824 3038 858 3079 se
873 3016 986 3080 statuit
1000 3015 1192 3105 adjungere,
1209 3017 1355 3101 praemis-

280 3116 342 3195 sis,
364 3116 422 3202 qui
437 3116 548 3179 venire
565 3116 724 3196 Marium,
741 3118 933 3203 consulique
949 3116 1039 3181 dicto
1059 3115 1246 3181 audimtem
1262 3116 1353 3196 fore,

281 3230 482 3279 nuntiarent.

328 3316 480 3381 XXVIII.
500 3319 546 3379 Ea
563 3316 603 3380 de
620 3340 655 3381 re
675 3341 779 3405 quum
799 3317 841 3381 ad
861 3321 1033 3383 consilium
1050 3320 1152 3383 Cinna
1168 3318 1352 3397 retulisset,

279 3418 386 3480 ceteri
402 3434 517 3504 praeter
536 3418 716 3481 Sertorium
735 3442 849 3483 omnes
865 3421 984 3509 cupide
999 3419 1223 3508 recipiendum
1238 3440 1355 3483 cense-

280 3516 376 3598 bant;
397 3550 410 3573 ι
421 3540 581 3581 summam
598 3520 631 3581 in
645 3520 715 3583 viro
731 3520 885 3584 virtutem
901 3544 978 3585 cum
992 3523 1058 3609 pari
1076 3520 1191 3608 peritia
1204 3522 1252 3583 rei
1270 3521 1356 3583 mili·

281 3618 400 3697 utaris,
421 3618 661 3707 propemodum
684 3638 804 3685 certam
832 3624 995 3709 spondere
1017 3624 1204 3701 victoriam,
1226 3622 1354 3709 quibus

281 3720 497 3795 successisset.
514 3722 551 3783 ln
564 3721 669 3803 Urbe,
687 3722 719 3784 in
732 3723 838 3805 Italia,
855 3724 888 3786 in
902 3725 1076 3811 provinciis
1092 3724 1217 3811 ubique
1231 3739 1354 3785 notum

312 3949 328 4013 s
345 3950 441 3998 xxvi.
451 3952 524 3999 Oros.
531 3952 563 4008 V,
574 3968 612 4014 ¹9·
624 3980 656 3989 -
668 3954 720 4000 Liv.
731 3955 796 4018 Epir.
806 3956 912 4003 -vett
922 3984 958 3991 -
967 3957 1075 4021 Appiam
1086 3984 1118 3993 -
1131 3955 1265 4020 §xxm
1274 3956 1353 4003 Oros.

278 4062 312 4071 -
325 4036 377 4082 Liv.
388 4036 454 4098 Epit.
472 4063 506 4071 -
519 4036 642 4084 Plutarch.
655 4038 682 4085 in
694 4038 758 4085 Mar.
770 4056 824 4101 cap.
839 4040 889 4100 69,
904 4051 928 4087 et
942 4042 1032 4087 Sertor.
1043 4057 1098 4104 cap.
1108 4042 1133 4086 6.
1145 4067 1180 4076 -
1192 4040 1301 4102 Appiam
1316 4066 1355 4076 -

280 4118 344 4165 l'lor.
360 4120 412 4171 ΙΙΙ,
429 4134 451 4167 a.
464 4146 499 4155 --
514 4120 613 4167 Sisenna
628 4122 693 4184 apud
705 4124 763 4167 Tac.
774 4123 838 4169 llist.
851 4124 903 4177 111,
915 4124 958 4170 51.
