2875 4900
321 414 387 484 188
490 418 557 484 ro.
584 415 926 501 runrnsnnnn
955 412 1201 483 sonatan.

315 537 423 600 divina
439 536 596 624 corripuit
614 536 714 616 ultio,
733 558 873 622 narnque
894 536 973 599 dum
990 532 1127 622 legendo
1149 532 1365 621 carpendoque

314 638 457 726 singulos
480 638 603 724 pergit,
627 658 726 700 suum
752 637 784 699 in
811 638 875 699 ima
901 636 1008 699 tabula
1031 634 1228 724 adscriptum
1255 659 1364 705 nomm

312 738 400 802 ridet
415 761 423 801 :
440 761 539 825 quare
558 754 648 800 metu
664 737 908 813 obmutescens,
926 758 1030 823 quum
1046 758 1080 799 se
1098 737 1201 824 capite
1220 735 1365 823 adoperto

313 840 529 920 subduceret,
545 839 691 927 agnitus,
707 854 739 902 et
755 860 773 900 e
789 838 941 928 vestigio,
957 838 1154 916 letantibus,
1175 839 1230 925 qui
1248 836 1366 899 adstite-

311 957 402 1022 runt,
420 928 591 1019 omnibus,
609 940 779 1005 confossus
794 957 853 1003 est.
871 939 952 1004 Inde
966 938 1061 1001 latior
1078 938 1111 1002 in
1129 960 1242 1003 omnes
1257 958 1364 1025 paror,

313 1064 373 1105 nec
388 1041 467 1128 quid
475 1034 537 1105 ⁴aut
550 1028 709 1118 facerent,
723 1057 778 1105 aut
790 1042 995 1127 omitterent,
1012 1062 1078 1125 quo
1091 1039 1153 1103 tuti
1163 1040 1284 1118 forent,
1297 1034 1364 1099 satis

253 1220 257 1227 Ι
313 1142 467 1207 sciebant.

356 1242 478 1306 XXVI.
493 1243 670 1306 Accederes
686 1242 727 1306 ad
738 1243 899 1323 tabulam,
916 1264 976 1330 pro
992 1242 1121 1305 curioso
1132 1238 1364 1329 periclitareris;

313 1363 380 1403 non
401 1341 586 1423 accederes,
607 1366 667 1431 pro
688 1342 896 1433 indignante3
921 1365 1096 1429 quaereres,
1121 1342 1199 1429 quid
1216 1341 1363 1428 scriptum

312 1457 412 1521 esset,
431 1465 491 1529 pro
513 1458 545 1506 te
565 1460 621 1507 aut
642 1444 706 1506 tuis
730 1444 926 1509 conscientia
949 1443 1103 1509 sollicitus
1122 1442 1293 1523 videreris,
1313 1438 1365 1503 ad·

312 1559 410 1606 stares
433 1545 568 1625 tacitus,
593 1544 675 1609 odiis
701 1546 866 1609 latronum
892 1544 1086 1625 objicerere,
1114 1562 1268 1631 tanquam
1290 1539 1364 1605 tristi

310 1643 437 1707 silentio
453 1647 621 1733 praesentia
637 1646 793 1711 damnans
810 1670 817 1710 :
836 1658 957 1709 namet
973 1644 1081 1726 multi,
1098 1642 1188 1731 quod
1202 1644 1255 1707 vel
1270 1641 1366 1706 subri-

310 1762 418 1809 serant
435 1746 476 1809 ad
491 1748 582 1828 talia,
597 1738 648 1812 rel
663 1748 803 1811 fr'ontem
817 1762 1060 1827 contraxerant,
1075 1744 1281 1809 cedebantur
1295 1765 1302 1807 :
1318 1762 1365 1803 ne·

311 1866 375 1931 que
389 1863 445 1911 aut
456 1847 550 1911 amici
567 1870 642 1911 casu
660 1849 888 1937 ingemiscere,
904 1863 961 1911 aut
976 1844 1145 1911 adversarii
1162 1846 1260 1909 exitio
1275 1841 1365 1907 laetari

310 1946 444 2034 impune
454 1965 531 2043 erat.
542 1949 699 2012 Praeterea
707 1949 819 2013 multis
830 1947 1029 2036 perniciosus
1040 1946 1273 2035 cognominum
1283 1964 1366 2006 error

310 2059 393 2125 erat,
410 2068 482 2131 quae
497 2068 719 2133 percussores,
741 2047 798 2112 ubi
821 2048 1018 2135 proscriptos
1040 2068 1106 2109 non
1130 2060 1281 2124 nossent,
1304 2042 1366 2106 aliis

309 2142 523 2233 affingebant;
537 2148 768 2233 oriebaturque
782 2158 865 2235 saepe
877 2145 1115 2233 imponentium
1132 2144 1325 2233 cognomina
1337 2157 1366 2204 et

308 2246 522 2325 rejicientium
537 2248 713 2312 vehemens
730 2250 909 2313 contentio.
995 2290 997 2295 ·
1077 2274 1082 2291 ¹

351 2348 486 2413 XXVII.
502 2350 553 2414 Ne
570 2349 721 2413 mulieres
738 2347 871 2436 quidem
891 2364 1047 2437 exemptae
1070 2348 1199 2436 penitus
1224 2344 1364 2436 periculo

200 2467 203 2472 ·
309 2464 417 2529 erant,
440 2451 520 2537 quin
544 2450 641 2514 etiam
661 2450 789 2514 illarum
811 2450 976 2515 nonnullae
998 2450 1109 2540 gladiis
1132 2449 1364 2539 homicidarum

308 2548 535 2627 objicerentur.
553 2554 643 2615 Inter
662 2552 719 2615 bas
739 2553 881 2616 miserias
903 2551 1221 2616 minusvidebantur
1239 2552 1365 2614 misera·

309 2648 405 2729 biles,
422 2672 505 2738 quos
518 2653 649 2740 ignaros
660 2653 756 2716 sortis
770 2675 852 2734 sun,
868 2669 924 2716 aut
936 2652 1016 2716 dum
1033 2653 1120 2716 illam
1134 2653 1283 2733 discunt,
1297 2671 1366 2740 per·

308 2771 422 2814 cussor
436 2752 615 2839 occupabat
630 2776 637 2818 ε
653 2777 786 2835 eorum,
805 2755 862 2842 qui
874 2755 1007 2842 praeviso
1023 2756 1168 2843 periculo
1182 2777 1217 2818 se
1233 2755 1365 2818 abscon·

310 2850 476 2933 diderant,
497 2853 633 2917 sollicita
656 2871 689 2918 et
708 2871 813 2919 morte
834 2856 953 2918 tristior
969 2855 1033 2917 vita
1056 2871 1140 2935 erat,
1164 2855 1241 2942 quia
1266 2871 1367 2938 neque

309 2951 497 3041 profugere,
513 2976 556 3016 ne
572 2953 908 3043 deprehenderentur,
925 2954 1101 3036 audebant,
1116 2976 1224 3042 neque
1236 2956 1270 3018 in
1282 2965 1366 3016 tanto

309 3051 458 3115 omniurn
480 3070 589 3135 metu,
612 3076 716 3142 quum
735 3055 827 3119 multi
847 3056 888 3120 ab
911 3055 1110 3120 amicissimis
1133 3053 1366 3145 proderentur,

309 3151 473 3216 confidere
487 3154 615 3218 latebris
629 3165 790 3243 poterant.

349 3253 500 3317 XXVIII.
527 3255 641 3343 Neque
668 3257 847 3322 securiores
873 3273 982 3338 erant,
1007 3279 1148 3345 quorum
1176 3255 1366 3320 nominibus

305 3350 445 3417 crudelis
463 3353 567 3441 stylus
579 3374 787 3442 pepercerat:
804 3379 864 3422 nec
880 3359 966 3421 enirn
987 3357 1087 3421 modo
1104 3358 1304 3444 proscriptos
1318 3355 1366 3435 ju-

305 3453 424 3539 gulari,
446 3453 503 3516 sed
525 3446 620 3518 etiam
637 3456 801 3546 jugulatos
820 3459 994 3547 proscribi,
1016 3458 1212 3522 obtinuerat.
1230 3457 1268 3521 L.
1282 3456 1366 3520 Cati·

305 3551 387 3633 lina,
408 3549 688 3644 magnam'postea
706 3560 824 3624 samam
845 3560 1019 3624 sceleribus
1034 3575 1164 3639 nactus,
1186 3580 1292 3645 quum
1306 3555 1368 3620 lra-

304 3666 386 3715 trem
412 3655 559 3720 nondum
582 3659 801 3749 proscriptum
821 3661 1018 3743 sustulisset,
1042 3661 1146 3724 orarit
1169 3659 1310 3739 Sullam,
1334 3671 1369 3719 ut

303 3767 459 3841 tanquam
473 3757 655 3844 superstitis
671 3783 792 3826 nomen
804 3763 838 3826 in
852 3763 995 3827 tabulam
1012 3763 1203 3840 referretur,
1220 3777 1255 3824 et
1269 3761 1369 3846 impe·

305 3855 410 3919 travit
424 3855 512 3946 Ergo
523 3874 560 3920 ut
573 3880 633 3945 pro
648 3875 713 3923 tam
731 3862 869 3949 pulchro
880 3865 997 3928 merito
1010 3862 1141 3953 dignam
1156 3861 1291 3924 referret
1305 3881 1369 3946 gra·

305 3954 401 4036 dam,
424 3955 682 4023 excarnificando
703 3962 749 4026 Μ.
771 3963 875 4029 Mario
898 3965 1065 4052 praetorio,
1088 3963 1186 4028 fratre
1209 3959 1369 4036 consulis,

338 4148 450 4211 mv.
463 4153 535 4201 om
549 4181 582 4191 -
598 4152 656 4202 uto.
668 4183 703 4193 -
721 4157 736 4221 s
753 4160 860 4207 xxvn.
871 4160 925 4205 vn.
938 4159 1005 4206 naz.
1020 4159 1070 4214 nr,
1083 4173 1106 4203 ι,
1119 4181 1153 4194 -·
1167 4154 1222 4202 nto.
