2875 4900
289 368 356 439 rso
459 371 529 438 to.
557 336 897 441 rasnsmm'r
926 374 1172 445 sormunt.

284 514 339 557 cos
352 512 428 555 suos
442 491 581 556 maxime
593 491 768 571 tollebant,
782 490 916 572 deinde,
929 514 1070 579 quorum
1082 510 1139 557 ant
1149 492 1286 582 dignitas
1299 498 1347 560 in·

282 591 420 672 vidium,
433 608 492 655 out
507 614 559 658 res
570 591 735 657 familiaris
751 592 891 681 predam
909 594 1107 659 luculentam
1120 597 1312 661 ostentabat.

327 695 420 759 xlx.
438 692 560 757 Eadem
573 693 650 774 ista,
663 695 754 757 relut
766 694 859 782 signo
875 694 916 757 ab
930 694 1017 757 Urbe
1033 693 1130 775 dato,
1145 718 1347 782 peromnem

283 795 408 859 Italiam
424 794 563 874 fiebant,
581 810 614 858 et
629 794 752 882 ubique
768 818 826 883 per
843 796 985 859 colonias
999 818 1036 859 ao
1049 796 1244 886 municipia,
1262 820 1347 885 quos

284 896 468 961 adversatos
477 896 595 977 Sullae,
612 912 670 960 aut
686 897 862 961 satellitum
881 895 950 977 ejus
964 898 1059 963 alicui
1075 893 1259 981 constabat,
1276 917 1347 965 tru-

284 996 484 1065 cidabantur.
509 996 645 1061 Plurimi
671 999 837 1089 sanguinis
845 1046 859 1080 „
881 1000 934 1063 alii
952 1001 1132 1088 spoliorum
1152 1001 1349 1089 cupiditate,

284 1096 386 1161 codes
397 1098 641 1185 perpetrabant3
655 1116 747 1163 erant
762 1100 865 1186 etqui
878 1102 1060 1188 periculum
1070 1102 1130 1167 sibi
1143 1104 1347 1186 metuebant,

284 1199 317 1261 ni
340 1199 477 1271 aliorum
495 1199 594 1263 exitio
615 1199 761 1266 studium
782 1201 924 1287 partium
943 1200 1184 1289 significassent.
1201 1202 1349 1269 Tandem

285 1301 323 1363 C.
336 1300 484 1363 Metellus
496 1299 625 1378 juvenis
637 1321 736 1367 ausus
753 1319 801 1365 ost
813 1294 848 1365 in
862 1314 977 1367 senatu
992 1303 1190 1393 interrogare
1206 1306 1348 1385 Sullam,

284 1421 409 1487 ecquem
422 1422 497 1486 ergo
514 1399 847 1489 supplict'orumfioom
863 1406 1048 1469 statuisset?
1060 1434 1072 1459 α
1084 1404 1159 1468 Νοιι
1173 1406 1281 1486 enim,
1298 1407 1349 1469 in·
1404 1436 1405 1441 ¹

283 1530 297 1558 ι
306 1501 397 1587 quit,
412 1502 477 1565 hoc
492 1501 720 1589 deprecamur,
734 1521 789 1585 ut,
804 1528 886 1591 quos
900 1504 1068 1573 decrevisti
1083 1506 1207 1588 tollere,
1221 1507 1348 1589 vivaut3

286 1601 366 1666 «sed
379 1626 442 1684 ne,
461 1624 543 1690 quos
560 1620 765 1669 conservatos
783 1606 894 1693 cupis,
914 1606 1129 1669 moriantur.··
1182 1650 1186 1661 .

328 1705 401 1769 XX.
425 1707 526 1769 Aiunt
540 1720 575 1768 et
593 1706 635 1786 Q.
653 1705 811 1776 Catulum¹
827 1706 932 1791 palem
949 1704 1086 1786 dixisse,
1103 1707 1207 1787 ,cum
1227 1705 1349 1792 quibus

283 1806 437 1869 «tandem
453 1806 568 1871 victuri
584 1829 715 1886 sumus,
734 1806 760 1869 si
781 1807 815 1868 in
834 1806 920 1869 bello
939 1822 1097 1886 armatos,
1113 1806 1147 1869 in
1166 1828 1243 1893 pace
1261 1806 1349 1869 incr·

181 1899 184 1909 ’
285 1928 375 1971 «met
395 1905 618 1976 occidimust=
642 1907 729 1969 Tum
751 1922 888 1995 negante
906 1906 1012 1986 Sulla,
1029 1908 1228 1981 eomtrftutum
1243 1906 1351 1969 adhuc

285 2006 343 2069 sibi
353 2029 429 2086 esse,
444 2007 555 2094 quibus
571 2004 651 2070 velis
655 2029 788 2094 parcere
792 2032 805 2088 ,·
821 2006 960 2087 subjecit
972 2006 1134 2071 Furfidius
1145 2006 1350 2103 primipilaris

285 2108 380 2171 Sullae
391 2106 621 2223 ,turpissimus
638 2124 835 2189 assentator,
853 2108 912 2195 qui
931 2130 1007 2179 mox
1025 2108 1059 2171 in
1080 2107 1235 2196 petitione
1251 2107 1353 2193 magi-

286 2226 446 2273 stratuum
472 2209 607 2299 egregiis
631 2208 821 2273 homiuibus
845 2209 994 2297 praelatus
1022 2224 1123 2289 est,«
1111 2207 1259 2290 «Quin
1250 2208 1352 2339 igitur

284 2310 395 2390 edis,
410 2332 494 2397 quos
511 2310 570 2377 tibi
583 2311 701 2409 punire
716 2327 841 2375 certum
862 2310 959 2378 est?

327 2412 420 2476 XXI
442 2410 483 2476 Id
500 2433 534 2474 se
552 2402 714 2478 facturum
728 2412 866 2500 recepit:
887 2434 994 2499 neque
1011 2412 1114 2476 multo
1129 2427 1223 2500 post,
1239 2432 1275 2476 re
1291 2434 1352 2476 nc-

284 2534 350 2598 que
365 2534 442 2576 oum
458 2527 594 2590 senous,
616 2536 725 2600 neque
742 2515 809 2578 ullo
826 2515 1074 2602 magistratuum
1091 2498 1350 2592 communicata,

285 2612 528 2700 proscriptionis
550 2615 723 2702 proposuit
745 2614 908 2695 tabulam,
935 2637 999 2702 qua
1026 2614 1159 2679 nomina
1184 2613 1353 2702 octoginta

286 2714 554 2794 continebantur3
569 2716 655 2779 inter
673 2739 746 2802 quse
764 2716 947 2780 consularia
966 2731 1126 2802 quatuor,
1142 2715 1266 2795 Carbo,
1283 2715 1354 2780 Ma·

285 2816 374 2895 rius,
389 2816 564 2880 Norbanus
584 2832 619 2880 et
636 2817 763 2904 Scipi05
780 2815 899 2884 deinde
921 2816 1103 2900 Sertorius,
1123 2830 1156 2882 et
1175 2815 1249 2894 alii,
1268 2837 1354 2902 quos

283 2917 373 2982 Sulla
386 2939 451 3004 pre
467 2918 588 2982 caetcns
605 2917 739 2985 oderat:
754 2919 902 2982 omnium
919 2917 961 2985 ad
979 2917 1131 2985 inaudite
1151 2932 1245 2982 antea
1262 2916 1353 2982 saevi·

287 3016 339 3081 tie
356 3017 579 3105 tyrantticique
590 3017 717 3106 imperii
732 3021 917 3107 exemplum
932 3018 1155 3108 indignatione
1170 3033 1353 3096 commotu,

268 3128 416 3183 'mutum
430 3141 499 3184 uno
518 3117 570 3184 die
588 3120 801 3208 interposito,
821 3119 978 3184 ducentos
998 3118 1129 3208 viginti,
1144 3116 1220 3182 dein
1240 3117 1355 3204 postri-

110 3191 118 3202 ⁸
180 3250 194 3272 ν
285 3217 340 3293 die
352 3221 473 3284 iterum
485 3219 575 3284 haud
587 3222 755 3308 pauciores
767 3220 946 3310 adscripsit.

330 3321 438 3386 xxfl.
454 3320 581 3399 Adiecit
588 3343 649 3408 pro
656 3323 831 3404 concione,
843 3345 911 3402 eos,
923 3343 1056 3410 quorum
1067 3323 1268 3397 menses,
1282 3341 1356 3406 pro·

287 3423 459 3506 semesum
470 3421 637 3486 dacaeurr‘s
648 3421 862 3503 decreturum,
877 3424 975 3488 ubiin
988 3437 1121 3488 tristatam
1134 3422 1281 3486 oemsset.
1297 3421 1356 3484 Re·

286 3521 506 3607 ceptatoribus
528 3523 625 3586 etiam
645 3525 902 3613 proscriptorum
920 3547 1015 3613 poena
1035 3523 1162 3591 mortis
1166 3537 1214 3586 est
1231 3543 1354 3609 propo·

271 3622 365 3702 .sita,
386 3644 455 3686 non
475 3639 632 3711 excepto,
651 3625 810 3714 sangnine
825 3625 978 3706 junctos,
998 3649 1040 3692 an
1060 3639 1209 3690 externos
1228 3645 1354 3688 servare

289 3723 476 3790 voluissent.
498 3725 540 3788 Et
562 3726 646 3789 sicut
664 3726 858 3792 humanitati
880 3728 1097 3816 suppliciunt,
1114 3727 1158 3788 ita
1176 3723 1355 3788 crudelitati

289 3843 321 3890 et
332 3825 474 3918 perfidiae
492 3849 613 3892 merces
632 3827 717 3893 dicta
736 3845 800 3909 cst,
814 3831 848 3893 in
864 3830 988 3918 singula
1007 3829 1109 3916 capita
1127 3829 1247 3890 talenta
1266 3824 1353 3888 duo:

323 4041 339 4105 ς
354 4045 412 4092 XX.
425 4046 457 4092 U.
469 4046 499 4094 C.
509 4046 576 4107 6703
588 4047 620 4094 Α.
632 4049 660 4096 (L
675 4049 717 4094 82.
733 4074 767 4098 -.
781 4047 846 4096 rtur.
859 4073 892 4084 —·
905 4051 1020 4108 Orotr-
1032 4046 1097 4096 Flos.
1107 4049 1158 4106 111,
1169 4061 1211 4092 ιι.
1219 4071 1253 4080 -
1262 4042 1356 4092 Sallust·

290 4123 353 4171 trist.
368 4124 394 4181 1,
405 4124 432 4171 in
444 4137 506 4174 orat.
517 4127 611 4191 Lepidi.
624 4155 656 4166 —-
671 4129 729 4175 Dio.
741 4156 775 4165 —
789 4129 841 4178 bit.
856 4130 921 4193 Epit.
