2875 4900
136 466 1158 488 -ΜΜἈΊΜΜΜΜΜΜΜἊδδΜΜΜΜ

207 685 405 775 'JOAN
416 687 459 775 N
469 684 527 773 IS
571 682 1029 773 FREINSHEMII

67 945 72 959 '
141 929 1125 1070 SUPPLEMENTORUM

314 1226 937 1351 LIVIANORUM

463 1510 638 1590 LIBER
673 1510 794 1587 LXV

307 1752 352 1808 IN
379 1750 533 1809 LOCUM
560 1750 684 1806 LIBRI
711 1749 735 1803 C
762 1750 948 1805 L1v1aN1.

432 2020 827 2053 405-—

511 2259 751 2329 ΕΡΙΤΟΜΕ

414 2423 547 2480 LIBRI
578 2421 853 2478 CENTESIMI.

99 2567 129 2618 G
144 2565 267 2619 Manilius
280 2565 402 2618 tribunus
411 2563 495 2633 plebis
504 2600 512 2624 ,
521 2579 618 2632 magna
630 2559 809 2632 indignatione
820 2561 976 2626 nobilitatis,
990 2563 1076 2636 legem
1089 2567 1167 2632 tulit,

133 2661 161 2700 ut
180 2650 305 2722 Pompeio
326 2645 536 2702 mithridaticum
560 2645 659 2698 bellum
682 2644 864 2698 mandaretur.
886 2647 986 2700 Concio
1007 2653 1064 2722 ejus
1081 2652 1163 2704 hona.

131 2732 166 2797 Q.
177 2732 317 2793 Metellus,
336 2729 491 2802 perdomitis
503 2727 686 2790 Cretensibus,
701 2725 790 2780 libere
803 2727 870 2780 inid
884 2742 987 2802 tempus
995 2731 1086 2786 insulae
1095 2734 1166 2806 leges

131 2814 214 2870 dedit.
234 2817 285 2868 Cn.
306 2815 462 2885 Pompeius,
483 2809 518 2863 ad
540 2809 685 2882 gerendum
709 2809 810 2862 bellum
832 2809 959 2865 adversus
982 2813 1165 2869 Mithridatem

131 2899 281 2968 profectus,
298 2915 359 2950 curn
373 2914 436 2966 rege
450 2894 608 2948 Parthorum
623 2893 735 2946 Phraate
753 2894 898 2947 amicitiam
914 2899 1070 2961 renovavit3
1086 2919 1166 2971 eque-

131 2982 177 3033 stri
189 2981 280 3054 praelio
292 2978 473 3032 Mithridatem
484 2976 559 3030 vicit.
578 2977 704 3030 Praeterea
716 2976 816 3030 bellum
826 2977 895 3029 inter
904 2977 1045 3032 Phraatem
1054 2981 1165 3034 Partho-

130 3085 190 3118 rum
210 3083 320 3136 regem,
344 3075 369 3116 et
381 3061 525 3133 Tigranem
544 3061 748 3123 Armeniorum,
767 3078 799 3112 ac
818 3058 916 3113 deinde
935 3061 1004 3114 iuter
1021 3062 1165 3134 Tigranem

130 3147 214 3202 lilium
228 3159 384 3220 patremque
397 3157 514 3216 gestum,
528 3145 654 3198 continet.

100 3364 122 3424 I.
142 3327 360 3438 posrqnau
380 3381 419 3422 eo
438 3356 657 3422 contentionis
673 3371 808 3420 ventum
825 3355 910 3419 inter
925 3356 1011 3420 viros
1032 3361 1164 3448 amplis·

97 3463 213 3543 simos,
229 3461 321 3524 civile
338 3460 460 3524 bellurn
477 3459 510 3521 in
530 3459 768 3545 exspectatione
787 3475 873 3538 erat,
889 3459 967 3545 quia
988 3460 1164 3550 Pompeius

97 3587 129 3627 se
151 3562 304 3652 parabat,
324 3577 362 3626 ut
377 3561 411 3624 in
430 3562 557 3624 Cretam
574 3559 824 3639 transmitteret,
842 3559 992 3622 Metellus
1008 3562 1038 3624 ei
1057 3567 1165 3629 neuti-

96 3687 194 3751 quam
210 3683 360 3726 cessurus
375 3660 567 3741 videbatur3
585 3682 688 3747 quum
705 3660 879 3747 improvisa
895 3683 947 3724 res
963 3684 982 3724 a
997 3667 1165 3751 proposito

97 3763 292 3851 Pompeium
310 3761 351 3826 ad
373 3761 467 3824 aliam
481 3761 641 3825 uberioris
655 3761 766 3849 gloriae
780 3759 1021 3848 expeditionem
1040 3769 1165 3832 avertit.

96 3867 129 3929 C.
141 3864 314 3944 Manilius,
337 3863 507 3926 tribunatu
528 3861 632 3952 plebis
652 3884 759 3950 nuper
774 3861 874 3943 inito,
893 3861 997 3950 pridie
1017 3863 1168 3932 kalendas

93 3965 274 4048 januarias,
285 3965 404 4053 quibus
414 3962 729 4051 AEmiliushepidus,
743 3966 779 4027 L.
790 3964 956 4028 Volcatius
966 3965 1080 4030 Tullus
1091 3991 1170 4032 con-

95 4068 238 4130 sulatum
255 4067 472 4146 inchoarunt,
490 4064 657 4129 inclinanti
676 4064 729 4128 die
744 4066 850 4152 legem
874 4065 1049 4153 Sulpiciam
1070 4069 1111 4134 de
1131 4074 1170 4136 li·

97 4169 303 4232 bertinorum
328 4167 491 4255 suffragiis
512 4166 681 4248 retulerat,
704 4169 752 4231 uti
762 4169 842 4254 pari
858 4188 928 4231 cum
942 4174 1088 4254 patronis
1108 4178 1170 4239 suri
