2875 4900
282 367 352 466 730
448 373 516 441 JO.
544 373 880 444 FRElettEMll
914 374 1159 444 SUPPLEM.

279 510 312 556 et
334 492 571 557 commilitones
585 494 620 556 in
639 516 756 583 magna
773 494 980 558 veneratione
997 493 1207 577 habuerunt;
1227 511 1260 560 et
1282 497 1342 560 im·

279 610 409 681 perator
426 595 562 682 pecunia
579 593 737 659 donatum
755 595 795 658 ah
812 595 932 661 octaris
949 594 1121 660 ordinibus
1138 595 1181 659 ad
1195 597 1343 686 primipi-

278 696 347 758 lum
363 693 513 776 deduxit,
534 697 728 784 cohortique
743 696 942 784 stipendium
961 697 1098 785 duplex,
1117 696 1341 777 frumentum,

277 811 416 876 vestem,
436 797 571 879 cibaria,
587 797 739 884 donaque
751 797 901 884 militaria
911 799 1041 888 largiter
1054 797 1155 862 dedit.
1172 801 1260 862 Dum
1274 799 1343 862 haec

277 895 318 960 ad
340 898 577 984 Dyrrhachium
599 915 778 988 geruntur,
795 899 831 962 in
850 899 1039 964 Macedonia
1060 917 1094 964 et
1107 901 1233 963 Graem'a
1246 901 1342 988 legati

277 998 407 1061 Gaesaris
427 1000 546 1062 variam
568 998 734 1064 lonunam
751 1000 947 1065 habuerunt.
965 1000 1034 1064 Sub
1049 999 1135 1064 idem
1149 1003 1240 1066 enirn
1257 1017 1343 1066 tem·

276 1119 360 1183 pus,
379 1121 447 1185 quo
467 1099 502 1162 in
520 1100 700 1188 provincias
718 1100 765 1165 illi
781 1118 1017 1190 pervenerant,
1038 1102 1148 1190 Scipio
1169 1102 1341 1182 Metellus,

276 1199 387 1286 generi
413 1199 513 1263 literis
535 1200 677 1283 excitus,
701 1225 779 1267 curn
804 1201 987 1290 legionibus
1012 1204 1130 1268 alluit:
1157 1204 1278 1268 nudata
1308 1207 1340 1268 in

277 1316 368 1364 metu
385 1300 521 1389 parthici
536 1301 619 1380 ‚belli
640 1303 750 1392 Syria,
770 1319 804 1368 et
824 1302 1015 1391 provinciis,
1031 1325 1090 1390 per
1104 1326 1185 1390 quas
1205 1305 1268 1368 iter
1284 1306 1342 1368 ha·

276 1402 406 1482 buerat,
422 1404 580 1491 perraria
596 1405 803 1469 exactionum
824 1403 958 1467 nomina
975 1402 1149 1468 crudeliter
1166 1405 1341 1470 exhaustis.

319 1504 403 1568 XLI.
428 1504 517 1586 Quin
542 1521 575 1571 et
595 1529 634 1570 ex
654 1507 820 1594 Ephesino
839 1507 961 1593 templo
977 1506 1130 1593 pecunias
1149 1508 1341 1587 sustulerat,

277 1604 357 1683 nisi,
376 1604 454 1669 dum
467 1605 502 1670 id
516 1608 602 1696 agit,
620 1608 754 1695 epistola
772 1607 939 1694 Pompeii,
954 1607 1146 1695 posthabitis
1165 1609 1340 1688 omnibus,

275 1704 336 1769 iter
357 1723 517 1772 maturare
532 1709 686 1790 jussisset
713 1709 818 1798 Igitur
839 1731 966 1772 summa
986 1709 1148 1773 celeritate
1166 1732 1267 1792 usus,
1283 1735 1342 1798 per

275 1807 499 1872 Macedoniam
523 1810 557 1874 in
582 1810 752 1874 Thessalos
776 1810 941 1889 cucurrit,
962 1809 1021 1872 uhi
1041 1832 1119 1873 cum
1139 1833 1197 1874 sua
1213 1811 1341 1900 legione

274 1909 419 1974 Cassium
446 1910 631 2001 Longinum
657 1933 753 2000 agere
776 1927 982 1999 cognoverat.
1008 1911 1132 1976 Eodem
1154 1928 1188 1975 et
1211 1914 1340 1977 Sadales

274 2012 405 2100 regulus
421 2033 497 2075 cum
515 2013 639 2076 thracio
658 2014 804 2100 equitatu
820 2013 918 2075 venit.
936 2011 1061 2076 Idcirco
1076 2012 1225 2092 Cassius,
1237 2013 1336 2076 detti·

273 2113 391 2177 mentis
407 2113 601 2200 quibusdam
618 2114 776 2201 acceptis,
794 2113 836 2178 ad
848 2129 1003 2176 montana
1016 2111 1189 2178 dellectens
1203 2117 1340 2179 Ambra·

273 2214 354 2278 ciam
368 2215 507 2302 petebat.
526 2215 623 2279 Hunc
637 2216 746 2303 Scipio
760 2216 979 2302 sequebatur:
1000 2237 1099 2301 quem
1115 2215 1142 2278 si
1156 2231 1240 2280 esset
1257 2241 1339 2281 con·

273 2331 452 2403 sequutus,
484 2315 623 2380 dubium
654 2338 723 2378 non
754 2331 842 2397 erat,
875 2316 955 2403 quin
989 2315 1131 2379 Cassiani
1161 2337 1280 2382 omnes
1306 2341 1339 2380 se

273 2416 446 2499 dederent,
463 2434 520 2483 ant
536 2417 784 2483 trucidarentur.
796 2414 860 2482 Sed
872 2415 1017 2481 avocarit
1027 2415 1212 2503 Scipionem
1223 2417 1272 2483 tl.
1286 2418 1339 2481 Fa·

272 2520 361 2583 vonii
385 2520 586 2608 periculum,
611 2521 687 2607 qui,
711 2520 843 2601 relictus
869 2516 911 2581 ad
937 2517 1181 2581 Haliacmonem
1207 2540 1337 2583 amnem

272 2644 347 2685 cum
373 2622 562 2687 cohortibus
585 2636 660 2685 octo
685 2636 718 2684 et
735 2620 837 2683 totius
854 2618 1013 2684 exercitus
1036 2616 1301 2706 impedimentis,
1320 2643 1336 2682 a

239 2764 241 2769 ·
272 2723 333 2784 Cn.
352 2722 496 2786 Domitio
512 2722 693 2809 petebatur.
713 2722 759 2785 Ea
774 2744 826 2784 res
840 2735 874 2783 et
887 2718 999 2783 Cassio
1014 2718 1151 2783 salutem
1163 2721 1294 2802 attulit,
1307 2738 1338 2784 et

272 2822 432 2905 Favoni03
448 2846 568 2911 quum,
583 2822 636 2887 die
654 2846 692 2887 ac
711 2838 809 2887 nocte
820 2820 1011 2887 continuato
1025 2820 1161 2901 itinere,
1171 2822 1235 2885 sub
1249 2822 1336 2887 idem

271 2924 373 2987 ferme
394 2938 544 3012 tempus,
570 2946 637 3011 qno
663 2923 825 2987 Domitius
848 2921 1060 3002 imminebat,
1088 2922 1197 3009 Scipio
1220 2946 1337 2987 occur·

271 3024 374 3089 risset.

314 3125 415 3189 XLII.
434 3125 594 3208 Domitio,
611 3148 653 3191 ne
668 3125 891 3191 Macedoniam
909 3146 1060 3203 omnem,
1076 3123 1187 3188 multis
1201 3124 1244 3188 ad
1258 3148 1334 3189 eum

270 3223 517 3307 accedentibus,
541 3227 898 3315 occuparet,.Faustus
922 3225 1010 3289 Sulla
1032 3226 1217 3289 restiterat:
1239 3226 1336 3315 igitur

269 3327 441 3414 assumptis
469 3328 606 3409 AEtolis,
637 3345 670 3393 et
699 3330 929 3403 Acarnanum,
957 3341 990 3391 et
1018 3326 1220 3408 Locrorum,
1251 3350 1334 3415 quos

270 3427 500 3515 Amphilochos
524 3446 664 3511 vocant,
691 3429 837 3510 auxiliis,
865 3450 937 3515 quae
962 3444 1075 3516 gentes
1100 3442 1212 3492 recens
1237 3450 1333 3516 opera

160 3580 170 3591 ,
268 3528 367 3593 Cassii
384 3530 540 3619 Longini,
555 3547 613 3595 aut
627 3530 755 3597 Calvisii
775 3529 885 3595 Sabini
901 3544 1037 3617 recepte
1054 3543 1164 3607 erant,
1182 3528 1217 3591 in
1237 3528 1335 3593 Thes·

269 3629 410 3694 salorurn
428 3628 507 3694 fines
529 3648 736 3719 processerat.
755 3633 932 3719 Postquam
950 3629 1084 3710 eodem,
1104 3632 1154 3694 uti
1172 3628 1332 3710 diximus,

268 3732 375 3820 Scipio
397 3732 505 3812 renit3
532 3733 724 3797 Domitianis
753 3756 899 3823 pugnam
916 3732 1124 3820 optantibus,
1151 3732 1218 3796 hoc
1245 3734 1332 3797 refu·

268 3833 394 3920 giente,
412 3848 514 3898 castra
530 3834 639 3898 castris
655 3834 767 3898 collata
781 3850 879 3915 sunt,
897 3848 934 3898 et
948 3856 1044 3922 parva
1061 3856 1102 3897 ex
1116 3833 1242 3898 insidiis
1256 3858 1332 3923 prae·

301 4050 380 4114 §xh
393 4044 541 4100 Sueton.'-
553 4052 616 4101 Plut.
628 4079 662 4090 -
676 4054 764 4100 Lucan.
779 4079 812 4089 —
826 4052 884 4101 Dio.
898 4078 932 4088 -
945 4053 1005 4099 Cres.
1018 4079 1052 4088 -
1062 4052 1116 4102 vat.
1130 4054 1198 4102 Max.
1214 4082 1250 4091 —
1265 4057 1324 4103 tlor.

271 4163 304 4177 ·-
323 4134 338 4197 §
352 4137 415 4183 xtt.
429 4137 484 4185 uio.
498 4162 532 4172 -
544 4140 606 4186 Cas,
