2875 4900
204 404 209 421 “
270 450 324 521 m
352 448 467 519 noc.
494 448 586 515 nte.
613 442 723 513 cvu
751 438 969 523 ttvmnt.
1014 486 1016 489 Α
1077 404 1143 507 6ιί

94 575 192 637 nutius
218 572 355 637 Plancus
379 565 576 648 intercessit,
602 585 644 627 ne
668 561 709 627 ad
738 574 886 625 senatum
910 558 1095 627 referretur⁴
1108 560 1149 625 de

93 662 223 761 patriciis
241 666 477 749 convocandis,
495 667 552 755 qui
570 663 763 753 interregem
780 658 966 751 proderent.
990 660 1080 723 Inter
1095 683 1148 725 eas

93 797 191 839 moras
204 775 301 855 Milo,
323 771 457 836 moleste
478 770 602 849 ferens,
616 787 635 828 a
649 761 805 851 Pompeio
822 784 856 825 se
873 752 1046 850 perfidiose
1063 761 1149 847 ludi,
1178 839 1183 848 „
1229 744 1234 753 ¹

92 875 182 940 simul
201 876 277 964 quia
298 871 451 952 Lanuvii,
476 890 514 931 ex
536 888 604 955 quo
629 864 809 951 municipio
834 877 921 942 erat,
944 860 1106 926 flaminem
1130 886 1151 927 a

91 976 240 1043 dictatore
255 974 351 1066 prodi
366 990 441 1037 ante
464 985 589 1034 certum
612 966 697 1030 diem
717 963 909 1052 oportebat,
927 985 967 1026 eo
985 964 1151 1050 profectus

90 1094 153 1143 est:
167 1078 333 1143 eratenim
349 1091 420 1138 tum
434 1070 574 1135 dictator
586 1065 722 1129 Lanuvii
737 1064 829 1128 Milo.

131 1178 201 1249 XX.
224 1180 323 1244 Forte
346 1196 404 1264 per
428 1170 514 1235 idem
541 1184 670 1257 tempus
687 1165 725 1229 P.
746 1164 880 1229 Clodius
903 1163 1017 1228 Ariciae
1034 1167 1150 1232 fuerat.

91 1278 188 1367 Igitur
199 1276 356 1369 postridie
370 1275 510 1353 factum,
524 1284 563 1333 ut
578 1268 611 1331 in
627 1264 733 1354 Appia
745 1264 795 1328 via
806 1266 905 1354 paulo
918 1265 1003 1329 ultra
1015 1266 1151 1333 Bovillas

90 1378 296 1445 inimicissimi
318 1376 469 1441 homines
496 1370 557 1435 sibi
583 1381 810 1447 occurrerent3
835 1366 1004 1453 exitusque
1025 1361 1080 1431 liic
1105 1370 1153 1433 rei

90 1481 165 1565 fuit,
181 1498 232 1565 ut,
246 1500 357 1570 pugna
371 1477 504 1555 oborta,
520 1490 693 1560 percussus
706 1490 725 1530 a
739 1465 913 1557 gladiatore
926 1468 1059 1534 Milonis
1075 1470 1153 1533 Clo-

90 1582 157 1649 dius
175 1584 208 1648 in
227 1583 395 1648 tabernam
411 1576 590 1667 proximam
607 1570 843 1657 deportaretur.
863 1568 936 1631 Hoc
951 1570 1009 1632 ubi
1024 1571 1155 1636 rescivit
1228 1636 1232 1646 ,

89 1683 183 1769 Milo,
204 1681 413 1749 subeundum
431 1698 522 1765 aeque
539 1671 700 1738 vulnerati
715 1670 859 1734 hominis
875 1684 972 1757 atque
988 1673 1085 1737 occisi
1097 1674 1152 1753 ju·

90 1784 205 1850 dicium
219 1785 383 1875 cogitans,
399 1780 440 1845 ad
453 1780 518 1842 hoc
531 1776 565 1839 in
581 1792 712 1838 omnem
728 1794 838 1835 casum
854 1793 892 1834 ex
909 1770 1031 1835 inimici
1046 1789 1152 1837 morte

90 1890 234 1973 solatium
250 1889 443 1967 habiturus,
462 1880 617 1961 accurrit,
631 1877 767 1965 eruique
783 1874 934 1939 Clodium
948 1890 1045 1963 atque
1056 1873 1152 1967 juga.

89 1989 143 2053 lari
154 1992 259 2071 jussit.
276 1990 346 2053 Hac
358 2008 393 2051 re
407 1999 546 2073 patrata,
559 1980 666 2045 statim
681 1976 871 2041 manumisit
884 1997 1008 2057 servos,
1020 1998 1062 2039 ne
1075 2000 1154 2065 prae-

90 2090 162 2158 bere
178 2090 349 2183 quaestioni
364 2100 551 2176 cogeretur3
565 2082 634 2171 ipse
647 2077 818 2169 praemium
832 2076 916 2140 bene
930 2076 1069 2158 meritis,
1088 2079 1153 2143 vita

90 2194 209 2260 domini
227 2194 379 2273 defensa,
402 2187 534 2251 inimico
552 2182 698 2263 sublato,
725 2178 836 2243 datum
856 2178 1064 2243 asseverabat.
1088 2178 1151 2243 Sed

90 2297 218 2362 cadaver
228 2292 408 2373 interfecti,
419 2288 567 2353 relictum
579 2284 616 2376 in
623 2282 694 2363 riu,
708 2283 780 2345 Sex.
794 2278 914 2343 Tedius
925 2296 1054 2343 senator
1068 2282 1152 2346 forte

89 2422 160 2466 ture
176 2399 324 2479 rediens,
343 2392 464 2460 lecticae
480 2410 546 2455 suae
561 2385 736 2477 imposuit,
756 2382 958 2469 Romamque
977 2381 1152 2472 deportan.

89 2500 163 2568 dum
180 2500 313 2568 curavit.
561 2492 564 2501 '

129 2603 219 2668 XXI.
243 2603 328 2665 Ante
350 2595 488 2686 primam
505 2593 609 2658 noctis
624 2591 740 2654 horam
758 2573 917 2679 perlatum
933 2587 967 2650 in
988 2587 1071 2652 atrio
1091 2586 1152 2652 do·
1235 2580 1239 2590 ⁴

89 2725 176 2786 mus,
195 2725 294 2792 quam
312 2699 422 2788 paucis
445 2711 519 2760 ante
544 2691 709 2756 mensibus
737 2686 777 2752 de
800 2690 846 2753 Μ.
867 2690 986 2752 Scauro
1005 2688 1097 2752 sitam
1116 2689 1150 2752 in
1212 2716 1217 2722 ·

87 2803 204 2870 Palatio
224 2816 367 2882 emerat,
384 2821 467 2862 uxor
482 2793 592 2860 Fulvia
608 2789 765 2857 constitui
780 2789 892 2870 jussit3
911 2786 1084 2874 statimque
1101 2788 1152 2850 in·

89 2903 173 2970 finita
192 2900 390 2984 multitudo,
412 2918 579 2963 servorum
598 2881 761 2983 praecipue
777 2906 810 2953 et
824 2888 942 2952 infime
958 2888 1081 2976 plebis,
1098 2890 1152 2952 cui

88 3008 193 3093 generi
211 3021 346 3096 propter
370 3021 512 3064 amorem
535 2994 731 3060 seditionum
754 2990 935 3054 carissimus
955 2988 1009 3053 ille
1029 2989 1152 3070 fuerat,

88 3129 222 3174 moerens
245 3109 427 3196 lugensque
445 3094 667 3164 circumstetit.
693 3091 757 3156 Sed
778 3107 810 3155 et
832 3088 948 3177 integri
967 3089 1152 3153 aiactioni-
1233 3156 1236 3162 .

86 3209 163 3291 bus,
180 3229 369 3300 quanquam
387 3201 533 3266 odissent
548 3196 718 3278 Clodium,
734 3190 943 3256 humanitatis
960 3191 1102 3275 intuitu,
1119 3207 1153 3256 et

87 3311 185 3376 effusa
205 3306 437 3376 lamentatione
457 3299 594 3380 Fulvian,
613 3296 748 3361 vulnera
766 3291 923 3356 invidiose
940 3293 1152 3375 ostentantis,

87 3414 326 3478 movebantur:
350 3423 384 3470 et
411 3419 521 3483 erant,
545 3399 602 3489 qui
623 3421 681 3487 per
708 3396 793 3459 hanc
817 3415 967 3472 causam,
991 3393 1152 3459 Milonem

86 3536 234 3603 quoque,
251 3509 340 3576 haud
359 3507 468 3572 minus
491 3501 716 3567 turbulentum
739 3496 859 3577 civem,
876 3492 1039 3557 exturbari
1055 3515 1153 3582 posse

86 3633 259 3702 sperarent.
1188 3668 1194 3700 ἱ

126 3719 235 3783 XXII.
260 3711 420 3780 Postridie
448 3728 551 3797 quum
572 3705 625 3768 vix
650 3701 730 3765 dum
754 3700 892 3778 luceret,
914 3696 1017 3776 major
1034 3696 1150 3761 eodem
1260 3698 1263 3706 '

85 3841 265 3885 concursus
286 3817 368 3896 fuit,
389 3828 426 3878 ut
441 3811 513 3874 noti
530 3806 697 3884 homines,
714 3816 746 3864 et
761 3800 846 3863 inter
861 3798 922 3861 hos
939 3799 977 3861 C.
992 3796 1148 3860 Vibienus

118 4029 224 4093 §XIX
246 4031 336 4076 Asson.
350 4053 380 4061 -
399 4019 522 4071 Plutarch.
546 4018 573 4064 in
592 4017 678 4079 Pomp.
702 3975 809 4059 -'ctc.
827 4023 874 4074 pro
887 4008 942 4056 Mil.
963 4023 994 4056 ro
1011 4018 1035 4055 et
1053 4023 1092 4072 ι’.
1115 4035 1149 4044 -

84 4110 172 4171 §XL
188 4111 298 4178 Appian.
317 4135 352 4146 -
372 4107 428 4155 Dm.
448 4129 484 4141 -
502 4105 595 4151 Asson.
613 4127 648 4136 -
664 4099 778 4159 clupeo
797 4094 853 4141 Mil.
865 4108 896 4139 ar
909 4103 933 4138 et
945 4107 987 4140 22.
1001 4119 1034 4128 -
1047 4091 1063 4156 s
1075 4093 1149 4139 m,

85 4198 176 4247 Ascon.
191 4224 227 4235 -
239 4195 346 4262 Appiam
357 4219 392 4230 -
403 4187 460 4239 nio.

913 4268 974 4362 39.

879 4438 887 4468 l
