2875 4900
300 366 370 455 4ιὸ
474 369 543 435 JO.
570 365 911 434 FREINSIIEMII
943 367 1193 438 SUPPLEM.

299 507 481 569 aratorum,
494 487 552 575 qui
571 486 615 549 ob
634 508 771 567 nemos,
789 507 935 572 quorum
951 488 1046 575 copia
1057 511 1142 577 opus
1152 490 1192 555 ad
1202 491 1346 555 machinis

298 611 383 675 erat,
399 596 586 679 frequentes
603 587 847 653 occidebantur.

342 698 431 759 XXI.
457 693 510 757 Ob
529 693 617 771 hec,
636 707 669 754 et
686 691 763 779 quia
784 691 984 755 tenuissimis
1004 694 1101 757 etiarn
1121 695 1274 759 trihutttm
1290 712 1346 757 erat

297 798 503 886 impositum,
525 795 663 857 invisum
689 815 758 856 csse
777 793 878 881 vulgo
897 794 1094 859 Mithridatis
1114 797 1281 885 imperium
1295 818 1346 859 co·

295 901 360 989 pit3
375 914 406 961 et
417 898 639 961 ministrorum
652 894 747 983 culpa
757 893 948 959 crescebant
957 896 1111 976 offense,
1125 898 1233 986 quod,
1245 899 1347 961 latente

293 1017 429 1091 propter
446 997 599 1063 morbum
618 1019 711 1084 rege,
730 1020 789 1084 per
798 996 984 1083 superbiam
996 1014 1031 1061 et
1041 1001 1206 1064 avaritiam
1216 1003 1249 1064 in
1260 1022 1346 1088 popu·

294 1105 376 1167 lares
388 1101 489 1165 multa
501 1098 744 1185 delinquebant.
760 1096 965 1162 Mithridates
974 1100 1082 1175 enim,
1099 1103 1275 1167 ulcerosam
1291 1102 1347 1165 abs·

295 1204 439 1269 condens
453 1202 617 1279 faciem,n
638 1201 769 1264 nemine
779 1199 961 1287 patiebatur
977 1200 1118 1291 adspici,
1139 1222 1227 1268 extra
1244 1204 1345 1294 spado·

294 1328 372 1385 nes,
396 1304 453 1391 qui
477 1320 510 1366 et
535 1301 790 1365 meditabantur.
823 1303 937 1385 Quum
961 1320 1153 1390 peccoratus
1176 1323 1274 1385 esset,
1292 1306 1345 1384 jin

293 1408 456 1495 sexaginta
467 1404 618 1469 cobortes
633 1402 825 1467 sexcenariae
835 1404 899 1467 sub
910 1404 1011 1492 signis
1025 1422 1133 1487 erant,
1150 1407 1232 1472 lecta
1245 1407 1344 1487 juten-

292 1527 362 1589 tus,
381 1504 707 1595 praeterinconditam
720 1503 980 1587 multitudinem
1000 1529 1096 1571 nares
1117 1509 1233 1589 etiam,
1248 1509 1344 1572 etloct

292 1624 497 1698 opportuna,
509 1606 638 1670 interim
650 1629 668 1668 a
681 1604 822 1668 ducibus
832 1624 1076 1695 praeoccupata,
1088 1625 1207 1697 prosto
1216 1627 1310 1675 erant.

337 1710 443 1774 XXII.
469 1709 540 1771 Hoc
559 1706 738 1770 animosior
754 1706 796 1770 ad
810 1724 940 1789 cetera,
959 1724 1086 1796 partem
1105 1712 1270 1799 copiarum
1281 1712 1346 1775 Pht·

293 1832 465 1901 nagoream
478 1810 620 1890 trajecit,
637 1832 675 1871 ex
689 1807 826 1872 adverso
840 1809 1033 1899 Panticaproi
1047 1812 1145 1877 situm
1163 1816 1343 1903 emporium,

292 1914 423 1979 duobus
448 1913 499 1975 his
525 1911 673 1975 claustris
692 1934 730 1973 os
750 1910 849 1975 Ponti
871 1911 905 1973 in
925 1928 1084 1999 potestate
1101 1914 1280 1979 habiturus.
1294 1910 1344 1977 set

292 2040 358 2081 non
382 2014 440 2079 diu
461 2012 672 2100 perstiterunt
688 2012 721 2074 in
743 2010 806 2073 fide
822 2012 1105 2100 Phanagorenses,
1125 2016 1260 2079 Castore
1275 2036 1345 2102 quo·

291 2116 365 2181 dam
385 2114 569 2179 rebellionis
585 2129 735 2191 auctore,
753 2114 809 2199 qui
828 2129 934 2177 tortus
949 2115 1124 2202 aliquando
1137 2140 1156 2181 a
1168 2119 1344 2207 Tryphone,

290 2220 379 2307 regio
396 2216 567 2297 eunucho,
585 2216 767 2302 ingressum
780 2214 1024 2304 Phanagoream
1041 2217 1211 2283 hominem
1228 2216 1343 2293 occidit,

289 2320 514 2408 populumque
527 2315 569 2380 ad
580 2314 807 2380 vindicandam
819 2318 914 2379 armis
926 2318 1107 2383 libertatem
1123 2322 1279 2385 excitarit.
1291 2321 1344 2382 ile·

289 2420 372 2510 giam
384 2419 477 2483 liberi
487 2416 682 2482 Mithridatis
693 2416 887 2482 obtinebant
899 2440 908 2482 τ
921 2442 977 2484 eos
989 2422 1119 2503 Castor,
1131 2439 1284 2513 congesta
1294 2420 1344 2484 cir·

290 2543 365 2588 cum
380 2541 485 2584 arcem
503 2519 699 2605 incensaque
718 2520 868 2601 materia,
885 2522 1043 2608 compulit
1057 2521 1099 2586 ad
1115 2523 1318 2590 deditionem.

333 2621 455 2684 XXIII.
479 2621 517 2683 In
535 2618 584 2682 his
601 2619 819 2706 Artaphemes
842 2623 946 2684 ferme
973 2623 1248 2714 quadragenarius
1270 2641 1342 2688 erat:

288 2721 429 2800 Xerxes,
446 2719 622 2798 Oxathres,
641 2737 673 2782 et
689 2719 830 2808 Eupatra
847 2721 881 2784 in
898 2723 1000 2786 aetatis
1016 2723 1106 2788 flore.
1123 2726 1190 2790 Sed
1206 2729 1299 2791 altera
1312 2723 1344 2786 fi·

289 2823 403 2886 liarum
428 2820 624 2886 Mithridatis
647 2821 835 2908 Cleopatra,
855 2845 959 2911 quum
984 2826 1090 2913 perire
1111 2827 1239 2912 mallet,
1260 2849 1343 2915 quant

288 2947 322 2988 se
345 2923 482 3003 dedere,
507 2937 571 2985 tam
595 2943 755 3010 generoso
773 2925 942 3010 proposito
965 2927 1082 2990 fortius
1107 2927 1283 2994 stimulavit
1296 2949 1343 3016 pa·

288 3040 389 3104 trem,
405 3039 443 3086 ut
458 3021 619 3110 quidlibet
636 3045 696 3110 pro
720 3024 789 3104 ejus
811 3024 915 3089 salute
937 3045 1119 3093 conaretur.
1142 3031 1256 3119 Itaque
1275 3029 1342 3095 suh·

288 3127 393 3190 missis
413 3125 453 3188 ab
473 3146 514 3187 eo
531 3125 678 3212 plurimis
694 3124 828 3189 dicrotis
847 3142 974 3213 erepta,
992 3145 1026 3192 et
1044 3130 1281 3220 Panticapaeum
1298 3151 1342 3193 re·

286 3243 377 3290 recta
391 3243 449 3290 est.
463 3228 603 3290 Caeteros
615 3225 879 3315 Phanagorenses
889 3227 931 3290 ad
945 3229 1092 3315 presidia
1107 3252 1242 3296 romana
1255 3250 1342 3298 trans

286 3329 456 3392 miserunt.
470 3326 616 3390 Subinde
626 3329 767 3392 Castoris
777 3346 970 3393 successuet
977 3331 1045 3394 alite
1054 3332 1199 3398 civitates
1209 3335 1342 3397 animno

285 3451 303 3491 a
321 3451 395 3518 rege
412 3427 616 3507 defecerunt3
632 3427 893 3510 Chersonnesos,
904 3431 1104 3513 Theodosia,
1121 3435 1340 3524 Nymphaeum,

286 3551 362 3593 cum
378 3528 447 3592 aliis
465 3530 548 3592 circa
565 3527 709 3592 Pontum
723 3534 916 3620 opportunis
932 3535 1018 3598 hello
1035 3536 1179 3623 gerendo
1195 3535 1323 3626 oppidis.

329 3633 449 3696 XXIV.
474 3631 598 3695 Idcirco
622 3631 845 3714 Mithridates,
866 3635 988 3699 crebris
1003 3635 1242 3702 defectionibus
1255 3635 1338 3701 terri·

284 3749 353 3814 tus,
373 3755 477 3822 quum
501 3733 750 3820 exercitui,·qui
768 3757 917 3825 magnam
938 3755 1064 3825 partem
1087 3762 1126 3804 ex
1146 3741 1255 3804 inritis
1269 3760 1338 3803 con·

284 3837 405 3916 stabnt,
427 3857 541 3924 parum
565 3832 695 3914 fideret,
720 3833 818 3917 filias,
843 3837 995 3925 scythicis
1014 3841 1135 3928 regulis
1156 3840 1336 3930 desponsat,

319 4049 538 4114 trinomen,
552 4049 576 4096 s.
585 4075 620 4085 -
629 4049 834 4114 nio-Appon.
843 4051 1002 4100 ntoru-
1011 4051 1028 4118 s
1037 4055 1110 4104 m
1119 4049 1334 4117 omn-Appia

283 4159 319 4170 -
330 4131 445 4198 prr-ru.
461 4131 525 4180 nat.
544 4159 580 4170 -
596 4131 613 4196 s
630 4133 897 4184 xm11.smm.-
909 4136 967 4184 oro.
978 4138 1090 4188 ..rue
1101 4138 1129 4188 u
1140 4140 1245 4194 ooo,
1256 4133 1322 4184 ear.
