<?xml version="1.0" encoding="UTF-8"?>
<!DOCTYPE html PUBLIC "-//W3C//DTD XHTML 1.0 Transitional//EN"
    "http://www.w3.org/TR/xhtml1/DTD/xhtml1-transitional.dtd">
<html xmlns="http://www.w3.org/1999/xhtml" xml:lang="en" lang="en">
 <head>
  <title>
</title>
<meta http-equiv="Content-Type" content="text/html;charset=utf-8" />
  <meta name='ocr-system' content='tesseract 3.04.00' />
  <meta name='ocr-capabilities' content='ocr_page ocr_carea ocr_par ocr_line ocrx_word'/>
</head>
<body>
  <div class='ocr_page' id='page_1' title='image "bibliothecaclas116lemagoog_0485.png"; bbox 0 0 2875 4900; ppageno 0'>
   <div class='ocr_carea' id='block_1_1' title="bbox 310 398 1193 498">
    <p class='ocr_par' dir='ltr' id='par_1_1' title="bbox 310 398 1193 498">
     <span class='ocr_line' id='line_1_1' title="bbox 310 398 1193 498; baseline 0.008 -31"><span class='ocrx_word' id='word_1_1' title='bbox 310 401 364 469; x_wconf 84' lang='lat' dir='ltr'><strong>IN</strong></span> <span class='ocrx_word' id='word_1_2' title='bbox 396 398 509 469; x_wconf 89' lang='lat' dir='ltr'><strong>LOC.</strong></span> <span class='ocrx_word' id='word_1_3' title='bbox 537 400 631 469; x_wconf 89' lang='lat' dir='ltr'><strong>LIB.</strong></span> <span class='ocrx_word' id='word_1_4' title='bbox 660 402 755 469; x_wconf 90' lang='lat' dir='ltr'>CIII</span> <span class='ocrx_word' id='word_1_5' title='bbox 788 402 1001 472; x_wconf 86' lang='lat' dir='ltr'><strong>LlVlANl.</strong></span> <span class='ocrx_word' id='word_1_6' title='bbox 1122 400 1193 498; x_wconf 74' lang='lat'><strong>475</strong></span> 
     </span>
    </p>
   </div>
   <div class='ocr_carea' id='block_1_2' title="bbox 108 521 1244 3866">
    <p class='ocr_par' dir='ltr' id='par_1_2' title="bbox 114 521 1206 1298">
     <span class='ocr_line' id='line_1_2' title="bbox 117 521 1206 611; baseline 0.003 -24"><span class='ocrx_word' id='word_1_7' title='bbox 117 538 230 587; x_wconf 89' lang='lat' dir='ltr'><strong>tamen</strong></span> <span class='ocrx_word' id='word_1_8' title='bbox 244 521 411 610; x_wconf 78' lang='lat' dir='ltr'><strong>provincia</strong></span> <span class='ocrx_word' id='word_1_9' title='bbox 428 522 567 604; x_wconf 86' lang='lat' dir='ltr'><strong>mansit,</strong></span> <span class='ocrx_word' id='word_1_10' title='bbox 587 544 691 611; x_wconf 90' lang='lat' dir='ltr'><strong>quum</strong></span> <span class='ocrx_word' id='word_1_11' title='bbox 704 522 839 586; x_wconf 86' lang='lat' dir='ltr'><strong>victoria</strong></span> <span class='ocrx_word' id='word_1_12' title='bbox 857 523 895 587; x_wconf 91' lang='lat' dir='ltr'><strong>C.</strong></span> <span class='ocrx_word' id='word_1_13' title='bbox 908 522 1054 587; x_wconf 88' lang='lat' dir='ltr'><strong>Pontinii</strong></span> <span class='ocrx_word' id='word_1_14' title='bbox 1068 523 1206 603; x_wconf 47' lang='lat' dir='ltr'><strong>facilem,</strong></span> 
     </span>
     <span class='ocr_line' id='line_1_3' title="bbox 116 622 1194 713; baseline 0.001 -25"><span class='ocrx_word' id='word_1_15' title='bbox 116 625 160 688; x_wconf 89' lang='lat' dir='ltr'><strong>ad</strong></span> <span class='ocrx_word' id='word_1_16' title='bbox 172 623 326 712; x_wconf 81' lang='lat' dir='ltr'><strong>reliquias</strong></span> <span class='ocrx_word' id='word_1_17' title='bbox 337 622 498 713; x_wconf 86' lang='lat' dir='ltr'><strong>pacandas</strong></span> <span class='ocrx_word' id='word_1_18' title='bbox 511 623 595 687; x_wconf 84' lang='lat' dir='ltr'><strong>viam</strong></span> <span class='ocrx_word' id='word_1_19' title='bbox 608 623 801 711; x_wconf 79' lang='lat' dir='ltr'><strong>paravisset3</strong></span> <span class='ocrx_word' id='word_1_20' title='bbox 818 639 917 710; x_wconf 90' lang='lat' dir='ltr'><strong>atque</strong></span> <span class='ocrx_word' id='word_1_21' title='bbox 933 623 1002 704; x_wconf 91' lang='lat' dir='ltr'><strong>ille,</strong></span> <span class='ocrx_word' id='word_1_22' title='bbox 1020 640 1194 689; x_wconf 86' lang='lat' dir='ltr'><strong>contentus</strong></span> 
     </span>
     <span class='ocr_line' id='line_1_4' title="bbox 116 724 1194 816; baseline 0 -26"><span class='ocrx_word' id='word_1_23' title='bbox 116 726 303 805; x_wconf 83' lang='lat' dir='ltr'>domuisse,</span> <span class='ocrx_word' id='word_1_24' title='bbox 322 725 380 812; x_wconf 93' lang='lat' dir='ltr'><strong>qui</strong></span> <span class='ocrx_word' id='word_1_25' title='bbox 400 724 652 808; x_wconf 82' lang='lat' dir='ltr'><strong>rebellaverant,</strong></span> <span class='ocrx_word' id='word_1_26' title='bbox 668 747 737 788; x_wconf 92' lang='lat' dir='ltr'><strong>non</strong></span> <span class='ocrx_word' id='word_1_27' title='bbox 754 724 913 789; x_wconf 75' lang='lat' dir='ltr'>lacessivit</span> <span class='ocrx_word' id='word_1_28' title='bbox 934 726 1072 814; x_wconf 88' lang='lat' dir='ltr'><strong>quietos.</strong></span> <span class='ocrx_word' id='word_1_29' title='bbox 1091 726 1194 816; x_wconf 84' lang='lat' dir='ltr'><strong>Igitur</strong></span> 
     </span>
     <span class='ocr_line' id='line_1_5' title="bbox 117 826 1193 916; baseline -0.001 -25"><span class='ocrx_word' id='word_1_30' title='bbox 117 848 224 916; x_wconf 88' lang='lat' dir='ltr'><strong>quum</strong></span> <span class='ocrx_word' id='word_1_31' title='bbox 246 841 398 906; x_wconf 89' lang='lat' dir='ltr'><strong>motuum</strong></span> <span class='ocrx_word' id='word_1_32' title='bbox 421 826 613 915; x_wconf 81' lang='lat' dir='ltr'><strong>gallicorum</strong></span> <span class='ocrx_word' id='word_1_33' title='bbox 627 848 731 890; x_wconf 87' lang='lat' dir='ltr'><strong>vanus</strong></span> <span class='ocrx_word' id='word_1_34' title='bbox 747 849 863 889; x_wconf 90' lang='lat' dir='ltr'><strong>rumor</strong></span> <span class='ocrx_word' id='word_1_35' title='bbox 879 826 1012 909; x_wconf 82' lang='lat' dir='ltr'><strong>fuisset,</strong></span> <span class='ocrx_word' id='word_1_36' title='bbox 1037 844 1069 892; x_wconf 90' lang='lat' dir='ltr'><strong>et</strong></span> <span class='ocrx_word' id='word_1_37' title='bbox 1087 827 1193 891; x_wconf 91' lang='lat' dir='ltr'><strong>otium</strong></span> 
     </span>
     <span class='ocr_line' id='line_1_6' title="bbox 116 924 1193 1012; baseline -0.002 -19"><span class='ocrx_word' id='word_1_38' title='bbox 116 952 136 993; x_wconf 89' lang='lat' dir='ltr'><strong>e</strong></span> <span class='ocrx_word' id='word_1_39' title='bbox 146 928 251 994; x_wconf 87' lang='lat' dir='ltr'><strong>Gallia</strong></span> <span class='ocrx_word' id='word_1_40' title='bbox 263 924 479 1012; x_wconf 70' lang='lat' dir='ltr'>nuntiaretur,</span> <span class='ocrx_word' id='word_1_41' title='bbox 492 926 534 991; x_wconf 85' lang='lat' dir='ltr'><strong>ad</strong></span> <span class='ocrx_word' id='word_1_42' title='bbox 551 929 659 992; x_wconf 79' lang='lat' dir='ltr'><strong>civiles</strong></span> <span class='ocrx_word' id='word_1_43' title='bbox 674 929 900 993; x_wconf 80' lang='lat' dir='ltr'><strong>contentiones</strong></span> <span class='ocrx_word' id='word_1_44' title='bbox 914 928 1019 993; x_wconf 85' lang='lat' dir='ltr'><strong>acrius</strong></span> <span class='ocrx_word' id='word_1_45' title='bbox 1033 928 1193 1012; x_wconf 92' lang='lat' dir='ltr'><strong>reditum,</strong></span> 
     </span>
     <span class='ocr_line' id='line_1_7' title="bbox 115 1030 1195 1119; baseline -0.002 -23"><span class='ocrx_word' id='word_1_46' title='bbox 115 1048 185 1096; x_wconf 83' lang='lat' dir='ltr'><strong>tam</strong></span> <span class='ocrx_word' id='word_1_47' title='bbox 202 1030 388 1095; x_wconf 84' lang='lat' dir='ltr'><strong>vehementi</strong></span> <span class='ocrx_word' id='word_1_48' title='bbox 411 1031 675 1112; x_wconf 83' lang='lat' dir='ltr'><strong>concertatione,</strong></span> <span class='ocrx_word' id='word_1_49' title='bbox 689 1046 728 1094; x_wconf 94' lang='lat' dir='ltr'><strong>ut</strong></span> <span class='ocrx_word' id='word_1_50' title='bbox 749 1031 790 1113; x_wconf 90' lang='lat' dir='ltr'><strong>Q.</strong></span> <span class='ocrx_word' id='word_1_51' title='bbox 807 1032 958 1096; x_wconf 85' lang='lat' dir='ltr'><strong>Metellus</strong></span> <span class='ocrx_word' id='word_1_52' title='bbox 973 1032 1103 1112; x_wconf 86' lang='lat' dir='ltr'><strong>consul,</strong></span> <span class='ocrx_word' id='word_1_53' title='bbox 1116 1032 1195 1119; x_wconf 92' lang='lat' dir='ltr'><strong>lapi·</strong></span> 
     </span>
     <span class='ocr_line' id='line_1_8' title="bbox 114 1131 1192 1220; baseline 0 -25"><span class='ocrx_word' id='word_1_54' title='bbox 114 1131 216 1207; x_wconf 81' lang='lat' dir='ltr'><strong>dibus</strong></span> <span class='ocrx_word' id='word_1_55' title='bbox 231 1131 412 1220; x_wconf 90' lang='lat' dir='ltr'><strong>appetitus,</strong></span> <span class='ocrx_word' id='word_1_56' title='bbox 428 1147 685 1220; x_wconf 86' lang='lat' dir='ltr'><strong>percuteretura</strong></span> <span class='ocrx_word' id='word_1_57' title='bbox 701 1131 880 1214; x_wconf 84' lang='lat' dir='ltr'><strong>seditiosis,</strong></span> <span class='ocrx_word' id='word_1_58' title='bbox 894 1132 1042 1197; x_wconf 88' lang='lat' dir='ltr'><strong>deindea</strong></span> <span class='ocrx_word' id='word_1_59' title='bbox 1058 1132 1192 1196; x_wconf 89' lang='lat' dir='ltr'><strong>tribuno</strong></span> 
     </span>
     <span class='ocr_line' id='line_1_9' title="bbox 114 1232 523 1298; baseline 0 -2"><span class='ocrx_word' id='word_1_60' title='bbox 114 1234 151 1296; x_wconf 91' lang='lat' dir='ltr'><strong>iu</strong></span> <span class='ocrx_word' id='word_1_61' title='bbox 161 1254 324 1297; x_wconf 89' lang='lat' dir='ltr'><strong>carcerem</strong></span> <span class='ocrx_word' id='word_1_62' title='bbox 336 1232 523 1298; x_wconf 85' lang='lat' dir='ltr'><strong>duceretur.</strong></span> 
     </span>
    </p>

    <p class='ocr_par' dir='ltr' id='par_1_3' title="bbox 112 1332 1194 2824">
     <span class='ocr_line' id='line_1_10' title="bbox 160 1332 1193 1425; baseline 0.004 -28"><span class='ocrx_word' id='word_1_63' title='bbox 160 1334 231 1399; x_wconf 82' lang='lat' dir='ltr'><strong>Lx.</strong></span> <span class='ocrx_word' id='word_1_64' title='bbox 254 1332 319 1397; x_wconf 88' lang='lat' dir='ltr'><strong>Sed</strong></span> <span class='ocrx_word' id='word_1_65' title='bbox 344 1356 452 1421; x_wconf 89' lang='lat' dir='ltr'><strong>neque</strong></span> <span class='ocrx_word' id='word_1_66' title='bbox 474 1334 592 1398; x_wconf 91' lang='lat' dir='ltr'><strong>consul</strong></span> <span class='ocrx_word' id='word_1_67' title='bbox 615 1356 654 1397; x_wconf 85' lang='lat' dir='ltr'><strong>eo</strong></span> <span class='ocrx_word' id='word_1_68' title='bbox 680 1350 805 1399; x_wconf 89' lang='lat' dir='ltr'><strong>terrore</strong></span> <span class='ocrx_word' id='word_1_69' title='bbox 830 1334 915 1400; x_wconf 88' lang='lat' dir='ltr'><strong>flecti</strong></span> <span class='ocrx_word' id='word_1_70' title='bbox 938 1336 1065 1425; x_wconf 81' lang='lat' dir='ltr'><strong>potuit3</strong></span> <span class='ocrx_word' id='word_1_71' title='bbox 1084 1358 1193 1423; x_wconf 90' lang='lat' dir='ltr'><strong>neque</strong></span> 
     </span>
     <span class='ocr_line' id='line_1_11' title="bbox 115 1434 1192 1525; baseline 0.002 -26"><span class='ocrx_word' id='word_1_72' title='bbox 115 1435 199 1499; x_wconf 90' lang='lat' dir='ltr'><strong>tanti</strong></span> <span class='ocrx_word' id='word_1_73' title='bbox 215 1435 276 1499; x_wconf 86' lang='lat' dir='ltr'><strong>viri</strong></span> <span class='ocrx_word' id='word_1_74' title='bbox 293 1457 422 1499; x_wconf 87' lang='lat' dir='ltr'><strong>causam</strong></span> <span class='ocrx_word' id='word_1_75' title='bbox 438 1434 583 1499; x_wconf 86' lang='lat' dir='ltr'><strong>deseruit</strong></span> <span class='ocrx_word' id='word_1_76' title='bbox 595 1451 747 1516; x_wconf 87' lang='lat' dir='ltr'><strong>senatus,</strong></span> <span class='ocrx_word' id='word_1_77' title='bbox 766 1436 846 1523; x_wconf 89' lang='lat' dir='ltr'><strong>quin</strong></span> <span class='ocrx_word' id='word_1_78' title='bbox 861 1437 950 1525; x_wconf 89' lang='lat' dir='ltr'><strong>apud</strong></span> <span class='ocrx_word' id='word_1_79' title='bbox 964 1437 1056 1502; x_wconf 91' lang='lat' dir='ltr'><strong>illum</strong></span> <span class='ocrx_word' id='word_1_80' title='bbox 1072 1438 1106 1499; x_wconf 94' lang='lat' dir='ltr'><strong>in</strong></span> <span class='ocrx_word' id='word_1_81' title='bbox 1122 1460 1192 1501; x_wconf 89' lang='lat' dir='ltr'><strong>car·</strong></span> 
     </span>
     <span class='ocr_line' id='line_1_12' title="bbox 114 1532 1192 1623; baseline 0.004 -23"><span class='ocrx_word' id='word_1_82' title='bbox 114 1558 191 1600; x_wconf 85' lang='lat' dir='ltr'><strong>cere</strong></span> <span class='ocrx_word' id='word_1_83' title='bbox 207 1538 382 1601; x_wconf 85' lang='lat' dir='ltr'><strong>convenire</strong></span> <span class='ocrx_word' id='word_1_84' title='bbox 394 1552 540 1623; x_wconf 86' lang='lat' dir='ltr'><strong>cuperet.</strong></span> <span class='ocrx_word' id='word_1_85' title='bbox 557 1535 608 1600; x_wconf 94' lang='lat' dir='ltr'><strong>lbi</strong></span> <span class='ocrx_word' id='word_1_86' title='bbox 621 1536 766 1619; x_wconf 85' lang='lat' dir='ltr'><strong>Flavius,</strong></span> <span class='ocrx_word' id='word_1_87' title='bbox 781 1532 858 1601; x_wconf 89' lang='lat' dir='ltr'><strong>sella</strong></span> <span class='ocrx_word' id='word_1_88' title='bbox 869 1539 1038 1603; x_wconf 88' lang='lat' dir='ltr'><strong>tribunitia</strong></span> <span class='ocrx_word' id='word_1_89' title='bbox 1050 1539 1092 1604; x_wconf 89' lang='lat' dir='ltr'><strong>ad</strong></span> <span class='ocrx_word' id='word_1_90' title='bbox 1105 1540 1192 1604; x_wconf 83' lang='lat' dir='ltr'><strong>fores</strong></span> 
     </span>
     <span class='ocr_line' id='line_1_13' title="bbox 115 1637 1194 1755; baseline 0.003 -54"><span class='ocrx_word' id='word_1_91' title='bbox 115 1637 324 1720; x_wconf 78' lang='lat' dir='ltr'><strong>collocata,</strong></span> <span class='ocrx_word' id='word_1_92' title='bbox 313 1660 388 1721; x_wconf 70' lang='lat' dir='ltr'><strong>Jure</strong></span> <span class='ocrx_word' id='word_1_93' title='bbox 411 1637 607 1701; x_wconf 83' lang='lat' dir='ltr'><strong>inviolabilis</strong></span> <span class='ocrx_word' id='word_1_94' title='bbox 632 1638 798 1727; x_wconf 86' lang='lat' dir='ltr'><strong>potestatis</strong></span> <span class='ocrx_word' id='word_1_95' title='bbox 826 1639 941 1703; x_wconf 89' lang='lat' dir='ltr'><strong>clausit</strong></span> <span class='ocrx_word' id='word_1_96' title='bbox 965 1638 1109 1723; x_wconf 89' lang='lat' dir='ltr'><strong>aditum,</strong></span> <span class='ocrx_word' id='word_1_97' title='bbox 1133 1663 1194 1755; x_wconf 89' lang='lat' dir='ltr'><strong>per</strong></span> 
     </span>
     <span class='ocr_line' id='line_1_14' title="bbox 115 1740 1193 1830; baseline 0.002 -27"><span class='ocrx_word' id='word_1_98' title='bbox 115 1762 251 1804; x_wconf 90' lang='lat' dir='ltr'><strong>murum</strong></span> <span class='ocrx_word' id='word_1_99' title='bbox 267 1741 388 1805; x_wconf 89' lang='lat' dir='ltr'><strong>intrare</strong></span> <span class='ocrx_word' id='word_1_100' title='bbox 402 1740 521 1821; x_wconf 87' lang='lat' dir='ltr'><strong>jubens</strong></span> <span class='ocrx_word' id='word_1_101' title='bbox 538 1754 707 1822; x_wconf 89' lang='lat' dir='ltr'><strong>senatum,</strong></span> <span class='ocrx_word' id='word_1_102' title='bbox 726 1763 752 1804; x_wconf 81' lang='lat' dir='ltr'><strong>si</strong></span> <span class='ocrx_word' id='word_1_103' title='bbox 743 1740 882 1821; x_wconf 86' lang='lat' dir='ltr'><strong>&#39;vellet,</strong></span> <span class='ocrx_word' id='word_1_104' title='bbox 902 1756 967 1805; x_wconf 91' lang='lat' dir='ltr'><strong>tam</strong></span> <span class='ocrx_word' id='word_1_105' title='bbox 985 1742 1193 1830; x_wconf 86' lang='lat' dir='ltr'><strong>pertinaciter</strong></span> 
     </span>
     <span class='ocr_line' id='line_1_15' title="bbox 115 1824 1191 1957; baseline 0 -52"><span class='ocrx_word' id='word_1_106' title='bbox 115 1824 307 1924; x_wconf 89' lang='lat' dir='ltr'><strong>obluctans,</strong></span> <span class='ocrx_word' id='word_1_107' title='bbox 331 1858 370 1906; x_wconf 92' lang='lat' dir='ltr'><strong>ut</strong></span> <span class='ocrx_word' id='word_1_108' title='bbox 389 1839 506 1906; x_wconf 91' lang='lat' dir='ltr'><strong>eodem</strong></span> <span class='ocrx_word' id='word_1_109' title='bbox 531 1842 605 1905; x_wconf 86' lang='lat' dir='ltr'><strong>loco</strong></span> <span class='ocrx_word' id='word_1_110' title='bbox 629 1856 881 1957; x_wconf 81' lang='lat' dir='ltr'><strong>pernoctaturus</strong></span> <span class='ocrx_word' id='word_1_111' title='bbox 906 1839 1081 1906; x_wconf 86' lang='lat' dir='ltr'><strong>videretur.</strong></span> <span class='ocrx_word' id='word_1_112' title='bbox 1104 1842 1191 1905; x_wconf 91' lang='lat' dir='ltr'><strong>Tum</strong></span> 
     </span>
     <span class='ocr_line' id='line_1_16' title="bbox 114 1943 1191 2033; baseline 0 -26"><span class='ocrx_word' id='word_1_113' title='bbox 114 1967 194 2008; x_wconf 85' lang='lat' dir='ltr'><strong>vero</strong></span> <span class='ocrx_word' id='word_1_114' title='bbox 215 1945 393 2033; x_wconf 90' lang='lat' dir='ltr'><strong>Pompeius</strong></span> <span class='ocrx_word' id='word_1_115' title='bbox 411 1943 539 2032; x_wconf 86' lang='lat' dir='ltr'><strong>pudore</strong></span> <span class='ocrx_word' id='word_1_116' title='bbox 563 1943 700 2025; x_wconf 87' lang='lat' dir='ltr'><strong>ductus,</strong></span> <span class='ocrx_word' id='word_1_117' title='bbox 719 1960 752 2007; x_wconf 93' lang='lat' dir='ltr'><strong>et</strong></span> <span class='ocrx_word' id='word_1_118' title='bbox 769 1944 846 2031; x_wconf 90' lang='lat' dir='ltr'><strong>quia</strong></span> <span class='ocrx_word' id='word_1_119' title='bbox 863 1966 914 2008; x_wconf 90' lang='lat' dir='ltr'><strong>res</strong></span> <span class='ocrx_word' id='word_1_120' title='bbox 930 1966 1087 2032; x_wconf 87' lang='lat' dir='ltr'><strong>perquam</strong></span> <span class='ocrx_word' id='word_1_121' title='bbox 1106 1944 1191 2007; x_wconf 85' lang='lat' dir='ltr'><strong>invi·</strong></span> 
     </span>
     <span class='ocr_line' id='line_1_17' title="bbox 114 1991 1191 2134; baseline -0.002 -25"><span class='ocrx_word' id='word_1_122' title='bbox 114 2044 207 2110; x_wconf 89' lang='lat' dir='ltr'><strong>diosa</strong></span> <span class='ocrx_word' id='word_1_123' title='bbox 225 2046 322 2111; x_wconf 88' lang='lat' dir='ltr'><strong>etiam</strong></span> <span class='ocrx_word' id='word_1_124' title='bbox 337 2046 379 2111; x_wconf 90' lang='lat' dir='ltr'><strong>ad</strong></span> <span class='ocrx_word' id='word_1_125' title='bbox 394 2046 556 2134; x_wconf 89' lang='lat' dir='ltr'><strong>populum</strong></span> <span class='ocrx_word' id='word_1_126' title='bbox 574 2060 661 2127; x_wconf 88' lang='lat' dir='ltr'><strong>erat,</strong></span> <span class='ocrx_word' id='word_1_127' title='bbox 679 1991 845 2110; x_wconf 88' lang='lat' dir='ltr'><strong>discedere</strong></span> <span class='ocrx_word' id='word_1_128' title='bbox 864 2045 1010 2109; x_wconf 80' lang='lat' dir='ltr'><strong>Flavium</strong></span> <span class='ocrx_word' id='word_1_129' title='bbox 1025 2044 1137 2125; x_wconf 87' lang='lat' dir='ltr'><strong>jussit,</strong></span> <span class='ocrx_word' id='word_1_130' title='bbox 1157 2042 1191 2107; x_wconf 94' lang='lat' dir='ltr'><strong>id</strong></span> 
     </span>
     <span class='ocr_line' id='line_1_18' title="bbox 113 2145 1190 2236; baseline -0.005 -25"><span class='ocrx_word' id='word_1_131' title='bbox 113 2170 134 2211; x_wconf 92' lang='lat' dir='ltr'><strong>a</strong></span> <span class='ocrx_word' id='word_1_132' title='bbox 151 2170 186 2211; x_wconf 90' lang='lat' dir='ltr'><strong>se</strong></span> <span class='ocrx_word' id='word_1_133' title='bbox 201 2148 333 2236; x_wconf 90' lang='lat' dir='ltr'><strong>petiisse</strong></span> <span class='ocrx_word' id='word_1_134' title='bbox 354 2147 524 2211; x_wconf 87' lang='lat' dir='ltr'><strong>Metellum</strong></span> <span class='ocrx_word' id='word_1_135' title='bbox 550 2146 717 2211; x_wconf 87' lang='lat' dir='ltr'><strong>mentitus.</strong></span> <span class='ocrx_word' id='word_1_136' title='bbox 735 2145 800 2211; x_wconf 90' lang='lat' dir='ltr'><strong>Sed</strong></span> <span class='ocrx_word' id='word_1_137' title='bbox 817 2163 930 2211; x_wconf 91' lang='lat' dir='ltr'><strong>notam</strong></span> <span class='ocrx_word' id='word_1_138' title='bbox 949 2145 1047 2209; x_wconf 88' lang='lat' dir='ltr'><strong>animi</strong></span> <span class='ocrx_word' id='word_1_139' title='bbox 1062 2145 1190 2235; x_wconf 84' lang='lat' dir='ltr'><strong>magni·</strong></span> 
     </span>
     <span class='ocr_line' id='line_1_19' title="bbox 114 2246 1191 2336; baseline -0.004 -23"><span class='ocrx_word' id='word_1_140' title='bbox 114 2248 265 2314; x_wconf 87' lang='lat' dir='ltr'><strong>tudinem</strong></span> <span class='ocrx_word' id='word_1_141' title='bbox 282 2250 433 2315; x_wconf 88' lang='lat' dir='ltr'><strong>Metellus</strong></span> <span class='ocrx_word' id='word_1_142' title='bbox 449 2247 618 2329; x_wconf 81' lang='lat' dir='ltr'><strong>effecerat,</strong></span> <span class='ocrx_word' id='word_1_143' title='bbox 637 2271 742 2336; x_wconf 89' lang='lat' dir='ltr'><strong>quum</strong></span> <span class='ocrx_word' id='word_1_144' title='bbox 760 2270 837 2312; x_wconf 89' lang='lat' dir='ltr'><strong>eum</strong></span> <span class='ocrx_word' id='word_1_145' title='bbox 854 2247 972 2336; x_wconf 89' lang='lat' dir='ltr'><strong>reliqui</strong></span> <span class='ocrx_word' id='word_1_146' title='bbox 989 2246 1112 2311; x_wconf 84' lang='lat' dir='ltr'><strong>tribuni</strong></span> <span class='ocrx_word' id='word_1_147' title='bbox 1126 2247 1191 2310; x_wconf 88' lang='lat' dir='ltr'><strong>exi-</strong></span> 
     </span>
     <span class='ocr_line' id='line_1_20' title="bbox 113 2348 1190 2437; baseline -0.004 -21"><span class='ocrx_word' id='word_1_148' title='bbox 113 2374 205 2416; x_wconf 88' lang='lat' dir='ltr'><strong>mere</strong></span> <span class='ocrx_word' id='word_1_149' title='bbox 226 2352 346 2416; x_wconf 86' lang='lat' dir='ltr'><strong>rellent</strong></span> <span class='ocrx_word' id='word_1_150' title='bbox 368 2375 386 2415; x_wconf 94' lang='lat' dir='ltr'><strong>e</strong></span> <span class='ocrx_word' id='word_1_151' title='bbox 408 2373 551 2432; x_wconf 87' lang='lat' dir='ltr'><strong>carcere,</strong></span> <span class='ocrx_word' id='word_1_152' title='bbox 577 2348 611 2413; x_wconf 90' lang='lat' dir='ltr'><strong>id</strong></span> <span class='ocrx_word' id='word_1_153' title='bbox 633 2348 830 2414; x_wconf 86' lang='lat' dir='ltr'><strong>beneficium</strong></span> <span class='ocrx_word' id='word_1_154' title='bbox 855 2349 1058 2414; x_wconf 87' lang='lat' dir='ltr'><strong>recusando:</strong></span> <span class='ocrx_word' id='word_1_155' title='bbox 1077 2364 1190 2437; x_wconf 88' lang='lat' dir='ltr'><strong>postea</strong></span> 
     </span>
     <span class='ocr_line' id='line_1_21' title="bbox 113 2452 1188 2569; baseline -0.005 -50"><span class='ocrx_word' id='word_1_156' title='bbox 113 2477 268 2569; x_wconf 74' lang='lat' dir='ltr'><strong>quoque,</strong></span> <span class='ocrx_word' id='word_1_157' title='bbox 283 2476 388 2543; x_wconf 89' lang='lat' dir='ltr'><strong>quum</strong></span> <span class='ocrx_word' id='word_1_158' title='bbox 402 2453 531 2518; x_wconf 83' lang='lat' dir='ltr'><strong>Flavius</strong></span> <span class='ocrx_word' id='word_1_159' title='bbox 548 2452 787 2529; x_wconf 83' lang='lat' dir='ltr'><strong>denuntiasset,</strong></span> <span class='ocrx_word' id='word_1_160' title='bbox 803 2474 871 2517; x_wconf 88' lang='lat' dir='ltr'><strong>nou</strong></span> <span class='ocrx_word' id='word_1_161' title='bbox 887 2474 1079 2540; x_wconf 89' lang='lat' dir='ltr'><strong>passurum,</strong></span> <span class='ocrx_word' id='word_1_162' title='bbox 1098 2467 1136 2515; x_wconf 92' lang='lat' dir='ltr'><strong>ut</strong></span> <span class='ocrx_word' id='word_1_163' title='bbox 1153 2453 1188 2515; x_wconf 92' lang='lat' dir='ltr'><strong>in</strong></span> 
     </span>
     <span class='ocr_line' id='line_1_22' title="bbox 112 2551 1190 2644; baseline -0.003 -25"><span class='ocrx_word' id='word_1_164' title='bbox 112 2555 315 2644; x_wconf 83' lang='lat' dir='ltr'><strong>provinciam</strong></span> <span class='ocrx_word' id='word_1_165' title='bbox 335 2555 415 2636; x_wconf 89' lang='lat' dir='ltr'><strong>iret,</strong></span> <span class='ocrx_word' id='word_1_166' title='bbox 431 2553 493 2617; x_wconf 83' lang='lat' dir='ltr'><strong>nisi</strong></span> <span class='ocrx_word' id='word_1_167' title='bbox 483 2554 570 2644; x_wconf 83' lang='lat' dir='ltr'><strong>legi</strong></span> <span class='ocrx_word' id='word_1_168' title='bbox 585 2553 801 2618; x_wconf 88' lang='lat' dir='ltr'><strong>consensisset</strong></span> <span class='ocrx_word' id='word_1_169' title='bbox 812 2576 1025 2642; x_wconf 87' lang='lat' dir='ltr'><strong>,quanquam</strong></span> <span class='ocrx_word' id='word_1_170' title='bbox 1039 2551 1190 2642; x_wconf 90' lang='lat' dir='ltr'><strong>cupidior</strong></span> 
     </span>
     <span class='ocr_line' id='line_1_23' title="bbox 114 2654 1191 2772; baseline -0.002 -52"><span class='ocrx_word' id='word_1_171' title='bbox 114 2657 275 2772; x_wconf 81' lang='lat' dir='ltr'><strong>triumphi</strong></span> <span class='ocrx_word' id='word_1_172' title='bbox 291 2657 484 2738; x_wconf 89' lang='lat' dir='ltr'><strong>haberetur,</strong></span> <span class='ocrx_word' id='word_1_173' title='bbox 503 2677 636 2720; x_wconf 86' lang='lat' dir='ltr'><strong>manere</strong></span> <span class='ocrx_word' id='word_1_174' title='bbox 649 2657 761 2745; x_wconf 85' lang='lat' dir='ltr'><strong>potius</strong></span> <span class='ocrx_word' id='word_1_175' title='bbox 777 2656 811 2719; x_wconf 96' lang='lat' dir='ltr'><strong>in</strong></span> <span class='ocrx_word' id='word_1_176' title='bbox 826 2655 916 2720; x_wconf 88' lang='lat' dir='ltr'><strong>Urbe</strong></span> <span class='ocrx_word' id='word_1_177' title='bbox 923 2679 1046 2745; x_wconf 86' lang='lat' dir='ltr'><strong>,quam</strong></span> <span class='ocrx_word' id='word_1_178' title='bbox 1060 2654 1102 2718; x_wconf 90' lang='lat' dir='ltr'><strong>de</strong></span> <span class='ocrx_word' id='word_1_179' title='bbox 1115 2677 1191 2718; x_wconf 93' lang='lat' dir='ltr'><strong>sen·</strong></span> 
     </span>
     <span class='ocr_line' id='line_1_24' title="bbox 113 2757 992 2840; baseline -0.005 -17"><span class='ocrx_word' id='word_1_180' title='bbox 113 2757 216 2824; x_wconf 82' lang='lat' dir='ltr'><strong>tentia</strong></span> <span class='ocrx_word' id='word_1_181' title='bbox 234 2757 425 2840; x_wconf 84' lang='lat' dir='ltr'><strong>dimoveri,</strong></span> <span class='ocrx_word' id='word_1_182' title='bbox 415 2758 597 2822; x_wconf 89' lang='lat' dir='ltr'><strong>sustinuit</strong></span> <span class='ocrx_word' id='word_1_183' title='bbox 988 2809 992 2820; x_wconf 76' lang='lat'><em>.</em></span> 
     </span>
    </p>

    <p class='ocr_par' dir='ltr' id='par_1_4' title="bbox 108 2859 1244 3866">
     <span class='ocr_line' id='line_1_25' title="bbox 157 2859 1187 2950; baseline -0.005 -25"><span class='ocrx_word' id='word_1_184' title='bbox 157 2859 243 2925; x_wconf 88' lang='lat' dir='ltr'>LXI.</span> <span class='ocrx_word' id='word_1_185' title='bbox 256 2861 450 2949; x_wconf 87' lang='lat' dir='ltr'><strong>Pompeius&#39;</strong></span> <span class='ocrx_word' id='word_1_186' title='bbox 439 2859 558 2950; x_wconf 79' lang='lat' dir='ltr'><strong>igitur,</strong></span> <span class='ocrx_word' id='word_1_187' title='bbox 569 2859 756 2949; x_wconf 90' lang='lat' dir='ltr'><strong>principum</strong></span> <span class='ocrx_word' id='word_1_188' title='bbox 768 2859 888 2924; x_wconf 83' lang='lat' dir='ltr'><strong>invidia</strong></span> <span class='ocrx_word' id='word_1_189' title='bbox 900 2859 1080 2948; x_wconf 90' lang='lat' dir='ltr'><strong>potentiam</strong></span> <span class='ocrx_word' id='word_1_190' title='bbox 1094 2880 1187 2921; x_wconf 88' lang='lat' dir='ltr'><strong>suam</strong></span> 
     </span>
     <span class='ocr_line' id='line_1_26' title="bbox 111 2960 1189 3052; baseline -0.004 -25"><span class='ocrx_word' id='word_1_191' title='bbox 111 2963 225 3052; x_wconf 82' lang='lat' dir='ltr'><strong>urgeri</strong></span> <span class='ocrx_word' id='word_1_192' title='bbox 237 2961 369 3043; x_wconf 79' lang='lat' dir='ltr'><strong>ridens,</strong></span> <span class='ocrx_word' id='word_1_193' title='bbox 387 2961 554 3027; x_wconf 89' lang='lat' dir='ltr'><strong>interdum</strong></span> <span class='ocrx_word' id='word_1_194' title='bbox 566 2961 757 3051; x_wconf 87' lang='lat' dir='ltr'><strong>poeniteutia</strong></span> <span class='ocrx_word' id='word_1_195' title='bbox 772 2960 969 3043; x_wconf 85' lang='lat' dir='ltr'><strong>ducebatur,</strong></span> <span class='ocrx_word' id='word_1_196' title='bbox 989 2960 1080 3050; x_wconf 90' lang='lat' dir='ltr'><strong>quod</strong></span> <span class='ocrx_word' id='word_1_197' title='bbox 1097 2983 1189 3023; x_wconf 86' lang='lat' dir='ltr'><strong>exer·</strong></span> 
     </span>
     <span class='ocr_line' id='line_1_27' title="bbox 111 3062 1187 3153; baseline -0.003 -25"><span class='ocrx_word' id='word_1_198' title='bbox 111 3063 216 3128; x_wconf 89' lang='lat' dir='ltr'><strong>citum</strong></span> <span class='ocrx_word' id='word_1_199' title='bbox 237 3062 430 3145; x_wconf 82' lang='lat' dir='ltr'><strong>dimisisset3</strong></span> <span class='ocrx_word' id='word_1_200' title='bbox 448 3079 635 3153; x_wconf 88' lang='lat' dir='ltr'><strong>postremo,</strong></span> <span class='ocrx_word' id='word_1_201' title='bbox 657 3065 836 3152; x_wconf 89' lang='lat' dir='ltr'><strong>quamlibet</strong></span> <span class='ocrx_word' id='word_1_202' title='bbox 856 3065 1015 3129; x_wconf 90' lang='lat' dir='ltr'><strong>rationem</strong></span> <span class='ocrx_word' id='word_1_203' title='bbox 1037 3063 1187 3126; x_wconf 89' lang='lat' dir='ltr'><strong>inimicos</strong></span> 
     </span>
     <span class='ocr_line' id='line_1_28' title="bbox 110 3165 1188 3256; baseline -0.003 -25"><span class='ocrx_word' id='word_1_204' title='bbox 110 3165 315 3255; x_wconf 89' lang='lat' dir='ltr'><strong>reprimendi</strong></span> <span class='ocrx_word' id='word_1_205' title='bbox 333 3167 513 3232; x_wconf 89' lang='lat' dir='ltr'><strong>honestam·</strong></span> <span class='ocrx_word' id='word_1_206' title='bbox 525 3167 716 3249; x_wconf 84' lang='lat' dir='ltr'><strong>arbitratus,</strong></span> <span class='ocrx_word' id='word_1_207' title='bbox 734 3167 830 3256; x_wconf 89' lang='lat' dir='ltr'><strong>plane</strong></span> <span class='ocrx_word' id='word_1_208' title='bbox 848 3166 982 3232; x_wconf 80' lang='lat' dir='ltr'><strong>descivit</strong></span> <span class='ocrx_word' id='word_1_209' title='bbox 996 3166 1037 3230; x_wconf 92' lang='lat' dir='ltr'><strong>ab</strong></span> <span class='ocrx_word' id='word_1_210' title='bbox 1053 3166 1188 3253; x_wconf 90' lang='lat' dir='ltr'><strong>optima·</strong></span> 
     </span>
     <span class='ocr_line' id='line_1_29' title="bbox 110 3267 1186 3358; baseline -0.003 -25"><span class='ocrx_word' id='word_1_211' title='bbox 110 3269 221 3350; x_wconf 89' lang='lat' dir='ltr'><strong>tibus,</strong></span> <span class='ocrx_word' id='word_1_212' title='bbox 237 3269 338 3333; x_wconf 88' lang='lat' dir='ltr'><strong>stulto</strong></span> <span class='ocrx_word' id='word_1_213' title='bbox 353 3270 507 3351; x_wconf 89' lang='lat' dir='ltr'><strong>consilio,</strong></span> <span class='ocrx_word' id='word_1_214' title='bbox 524 3285 564 3333; x_wconf 93' lang='lat' dir='ltr'><strong>ut</strong></span> <span class='ocrx_word' id='word_1_215' title='bbox 584 3269 774 3358; x_wconf 81' lang='lat' dir='ltr'><strong>dignitatem</strong></span> <span class='ocrx_word' id='word_1_216' title='bbox 790 3285 954 3350; x_wconf 87' lang='lat' dir='ltr'><strong>tueretur,</strong></span> <span class='ocrx_word' id='word_1_217' title='bbox 972 3267 1096 3333; x_wconf 82' lang='lat' dir='ltr'><strong>stolidis</strong></span> <span class='ocrx_word' id='word_1_218' title='bbox 1114 3281 1186 3331; x_wconf 87' lang='lat' dir='ltr'><strong>tur-</strong></span> 
     </span>
     <span class='ocr_line' id='line_1_30' title="bbox 109 3369 1186 3460; baseline 0.001 -28"><span class='ocrx_word' id='word_1_219' title='bbox 109 3369 322 3457; x_wconf 89' lang='lat' dir='ltr'><strong>bulentisque</strong></span> <span class='ocrx_word' id='word_1_220' title='bbox 338 3369 586 3436; x_wconf 86' lang='lat' dir='ltr'><strong>adolescentulis</strong></span> <span class='ocrx_word' id='word_1_221' title='bbox 605 3370 741 3460; x_wconf 80' lang='lat' dir='ltr'><strong>indigne</strong></span> <span class='ocrx_word' id='word_1_222' title='bbox 755 3393 789 3436; x_wconf 86' lang='lat' dir='ltr'><strong>se</strong></span> <span class='ocrx_word' id='word_1_223' title='bbox 802 3370 1016 3452; x_wconf 80' lang='lat' dir='ltr'><strong>submittens3</strong></span> <span class='ocrx_word' id='word_1_224' title='bbox 1034 3393 1106 3458; x_wconf 72' lang='lat' dir='ltr'><strong>quai</strong></span> <span class='ocrx_word' id='word_1_225' title='bbox 1123 3393 1186 3458; x_wconf 90' lang='lat' dir='ltr'><strong>po-</strong></span> 
     </span>
     <span class='ocr_line' id='line_1_31' title="bbox 110 3470 1244 3561; baseline -0.004 -27"><span class='ocrx_word' id='word_1_226' title='bbox 110 3470 236 3534; x_wconf 89' lang='lat' dir='ltr'><strong>tissima</strong></span> <span class='ocrx_word' id='word_1_227' title='bbox 253 3471 316 3559; x_wconf 90' lang='lat' dir='ltr'><strong>ipsi</strong></span> <span class='ocrx_word' id='word_1_228' title='bbox 331 3494 432 3559; x_wconf 88' lang='lat' dir='ltr'><strong>seque</strong></span> <span class='ocrx_word' id='word_1_229' title='bbox 451 3487 486 3536; x_wconf 88' lang='lat' dir='ltr'><strong>et</strong></span> <span class='ocrx_word' id='word_1_230' title='bbox 501 3471 734 3561; x_wconf 85' lang='lat' dir='ltr'><strong>rempublicam</strong></span> <span class='ocrx_word' id='word_1_231' title='bbox 758 3470 917 3559; x_wconf 92' lang='lat' dir='ltr'><strong>perdendi</strong></span> <span class='ocrx_word' id='word_1_232' title='bbox 937 3485 1033 3535; x_wconf 84' lang='lat' dir='ltr'><strong>causa</strong></span> <span class='ocrx_word' id='word_1_233' title='bbox 1053 3471 1184 3535; x_wconf 84' lang='lat' dir='ltr'><strong>exstitit.</strong></span> <span class='ocrx_word' id='word_1_234' title='bbox 1243 3525 1244 3528; x_wconf 74' lang='grc'>,</span> 
     </span>
     <span class='ocr_line' id='line_1_32' title="bbox 108 3570 1188 3662; baseline 0 -27"><span class='ocrx_word' id='word_1_235' title='bbox 108 3570 334 3637; x_wconf 91' lang='lat' dir='ltr'><strong>Commodum</strong></span> <span class='ocrx_word' id='word_1_236' title='bbox 353 3573 417 3638; x_wconf 91' lang='lat' dir='ltr'><strong>sub</strong></span> <span class='ocrx_word' id='word_1_237' title='bbox 439 3597 477 3638; x_wconf 89' lang='lat' dir='ltr'><strong>ea</strong></span> <span class='ocrx_word' id='word_1_238' title='bbox 496 3590 643 3662; x_wconf 90' lang='lat' dir='ltr'><strong>tempora</strong></span> <span class='ocrx_word' id='word_1_239' title='bbox 664 3574 701 3638; x_wconf 91' lang='lat' dir='ltr'><strong>P.</strong></span> <span class='ocrx_word' id='word_1_240' title='bbox 725 3573 858 3638; x_wconf 90' lang='lat' dir='ltr'><strong>Clodius</strong></span> <span class='ocrx_word' id='word_1_241' title='bbox 874 3573 915 3637; x_wconf 90' lang='lat' dir='ltr'><strong>ab</strong></span> <span class='ocrx_word' id='word_1_242' title='bbox 931 3573 1082 3638; x_wconf 85' lang='lat' dir='ltr'><strong>siciliensi</strong></span> <span class='ocrx_word' id='word_1_243' title='bbox 1101 3595 1188 3662; x_wconf 80' lang='lat' dir='ltr'><strong>quae·</strong></span> 
     </span>
     <span class='ocr_line' id='line_1_33' title="bbox 109 3674 1186 3767; baseline 0.001 -31"><span class='ocrx_word' id='word_1_244' title='bbox 109 3685 203 3736; x_wconf 84' lang='lat' dir='ltr'><strong>stura</strong></span> <span class='ocrx_word' id='word_1_245' title='bbox 222 3694 389 3758; x_wconf 83' lang='lat' dir='ltr'><strong>reversus,</strong></span> <span class='ocrx_word' id='word_1_246' title='bbox 413 3691 610 3767; x_wconf 88' lang='lat' dir='ltr'><strong>conceptum</strong></span> <span class='ocrx_word' id='word_1_247' title='bbox 632 3697 672 3740; x_wconf 83' lang='lat' dir='ltr'><strong>ex</strong></span> <span class='ocrx_word' id='word_1_248' title='bbox 690 3674 815 3756; x_wconf 88' lang='lat' dir='ltr'><strong>judicio</strong></span> <span class='ocrx_word' id='word_1_249' title='bbox 839 3697 900 3738; x_wconf 90' lang='lat' dir='ltr'><strong>suo</strong></span> <span class='ocrx_word' id='word_1_250' title='bbox 923 3675 1076 3740; x_wconf 84' lang='lat' dir='ltr'><strong>adversus</strong></span> <span class='ocrx_word' id='word_1_251' title='bbox 1098 3674 1186 3762; x_wconf 93' lang='lat' dir='ltr'><strong>opti·</strong></span> 
     </span>
     <span class='ocr_line' id='line_1_34' title="bbox 109 3772 1185 3866; baseline 0.003 -29"><span class='ocrx_word' id='word_1_252' title='bbox 109 3788 215 3838; x_wconf 88' lang='lat' dir='ltr'><strong>mates</strong></span> <span class='ocrx_word' id='word_1_253' title='bbox 236 3772 368 3859; x_wconf 91' lang='lat' dir='ltr'><strong>odium,</strong></span> <span class='ocrx_word' id='word_1_254' title='bbox 386 3776 570 3842; x_wconf 89' lang='lat' dir='ltr'><strong>tribunatus</strong></span> <span class='ocrx_word' id='word_1_255' title='bbox 591 3777 715 3844; x_wconf 83' lang='lat' dir='ltr'><strong>viribus</strong></span> <span class='ocrx_word' id='word_1_256' title='bbox 738 3777 869 3866; x_wconf 85' lang='lat' dir='ltr'><strong>exsequi</strong></span> <span class='ocrx_word' id='word_1_257' title='bbox 891 3777 1072 3866; x_wconf 84' lang='lat' dir='ltr'><strong>gestiebat:</strong></span> <span class='ocrx_word' id='word_1_258' title='bbox 1092 3791 1124 3840; x_wconf 93' lang='lat' dir='ltr'><strong>et</strong></span> <span class='ocrx_word' id='word_1_259' title='bbox 1144 3797 1185 3840; x_wconf 91' lang='lat' dir='ltr'><strong>ne</strong></span> 
     </span>
    </p>
   </div>
   <div class='ocr_carea' id='block_1_3' title="bbox 109 4007 1185 4247">
    <p class='ocr_par' dir='ltr' id='par_1_5' title="bbox 109 4007 1185 4247">
     <span class='ocr_line' id='line_1_35' title="bbox 147 4007 1185 4079; baseline 0 -21"><span class='ocrx_word' id='word_1_260' title='bbox 147 4007 164 4073; x_wconf 75' lang='lat' dir='ltr'>S</span> <span class='ocrx_word' id='word_1_261' title='bbox 180 4008 246 4058; x_wconf 68' lang='lat' dir='ltr'><strong>ux</strong></span> <span class='ocrx_word' id='word_1_262' title='bbox 256 4009 309 4059; x_wconf 81' lang='lat' dir='ltr'><strong>cte.</strong></span> <span class='ocrx_word' id='word_1_263' title='bbox 320 4010 351 4060; x_wconf 84' lang='lat' dir='ltr'><strong>de</strong></span> <span class='ocrx_word' id='word_1_264' title='bbox 364 4014 437 4061; x_wconf 82' lang='lat' dir='ltr'><strong>Prov.</strong></span> <span class='ocrx_word' id='word_1_265' title='bbox 446 4013 521 4063; x_wconf 83' lang='lat' dir='ltr'><strong>Cous.</strong></span> <span class='ocrx_word' id='word_1_266' title='bbox 535 4013 648 4079; x_wconf 78' lang='lat' dir='ltr'><strong>cap.13;</strong></span> <span class='ocrx_word' id='word_1_267' title='bbox 665 4011 698 4061; x_wconf 77' lang='lat' dir='ltr'><strong>ad</strong></span> <span class='ocrx_word' id='word_1_268' title='bbox 708 4013 783 4062; x_wconf 80' lang='grc' dir='ltr'>Διιίο.</span> <span class='ocrx_word' id='word_1_269' title='bbox 795 4014 819 4071; x_wconf 89' lang='lat'><strong>1,</strong></span> <span class='ocrx_word' id='word_1_270' title='bbox 833 4027 881 4074; x_wconf 85' lang='lat' dir='ltr'><strong>ao,</strong></span> <span class='ocrx_word' id='word_1_271' title='bbox 896 4023 921 4061; x_wconf 81' lang='lat' dir='ltr'><strong>ct</strong></span> <span class='ocrx_word' id='word_1_272' title='bbox 931 4028 977 4078; x_wconf 90' lang='lat' dir='ltr'><strong>pro</strong></span> <span class='ocrx_word' id='word_1_273' title='bbox 991 4012 1080 4071; x_wconf 91' lang='lat' dir='ltr'><strong>domo,</strong></span> <span class='ocrx_word' id='word_1_274' title='bbox 1093 4025 1148 4077; x_wconf 76' lang='lat' dir='ltr'><strong>cap.</strong></span> <span class='ocrx_word' id='word_1_275' title='bbox 1158 4010 1185 4060; x_wconf 79' lang='lat'><strong>5.</strong></span> 
     </span>
     <span class='ocr_line' id='line_1_36' title="bbox 109 4091 1183 4161; baseline 0.006 -23"><span class='ocrx_word' id='word_1_276' title='bbox 109 4117 147 4126; x_wconf 98' lang='lat'><em>-</em></span> <span class='ocrx_word' id='word_1_277' title='bbox 159 4091 219 4139; x_wconf 87' lang='lat' dir='ltr'><strong>nto.</strong></span> <span class='ocrx_word' id='word_1_278' title='bbox 229 4117 266 4130; x_wconf 92' lang='lat'>—</span> <span class='ocrx_word' id='word_1_279' title='bbox 276 4091 293 4158; x_wconf 76' lang='lat' dir='ltr'><strong><em>s</em></strong></span> <span class='ocrx_word' id='word_1_280' title='bbox 305 4095 360 4144; x_wconf 79' lang='lat' dir='ltr'><strong>tx.</strong></span> <span class='ocrx_word' id='word_1_281' title='bbox 375 4095 428 4145; x_wconf 86' lang='lat' dir='ltr'><strong>Cic.</strong></span> <span class='ocrx_word' id='word_1_282' title='bbox 438 4095 470 4144; x_wconf 80' lang='lat' dir='ltr'><strong>ad</strong></span> <span class='ocrx_word' id='word_1_283' title='bbox 478 4096 556 4146; x_wconf 76' lang='lat' dir='ltr'><strong>Attic.</strong></span> <span class='ocrx_word' id='word_1_284' title='bbox 565 4099 590 4156; x_wconf 84' lang='lat'><strong>1,</strong></span> <span class='ocrx_word' id='word_1_285' title='bbox 602 4113 649 4157; x_wconf 84' lang='lat' dir='ltr'><strong>ao,</strong></span> <span class='ocrx_word' id='word_1_286' title='bbox 662 4107 686 4145; x_wconf 84' lang='lat' dir='ltr'><strong>et</strong></span> <span class='ocrx_word' id='word_1_287' title='bbox 699 4111 747 4161; x_wconf 89' lang='lat' dir='ltr'><strong>pro</strong></span> <span class='ocrx_word' id='word_1_288' title='bbox 759 4096 820 4146; x_wconf 87' lang='lat' dir='ltr'><strong>Coel.</strong></span> <span class='ocrx_word' id='word_1_289' title='bbox 830 4111 885 4161; x_wconf 78' lang='lat' dir='ltr'><strong>cap.</strong></span> <span class='ocrx_word' id='word_1_290' title='bbox 897 4104 940 4153; x_wconf 72' lang='lat' dir='ltr'><strong>at.</strong></span> <span class='ocrx_word' id='word_1_291' title='bbox 955 4123 991 4135; x_wconf 93' lang='lat'>-</span> <span class='ocrx_word' id='word_1_292' title='bbox 1002 4096 1059 4146; x_wconf 86' lang='lat' dir='ltr'><strong>Dio.</strong></span> <span class='ocrx_word' id='word_1_293' title='bbox 1074 4121 1108 4132; x_wconf 90' lang='lat'><em>-</em></span> <span class='ocrx_word' id='word_1_294' title='bbox 1117 4092 1183 4145; x_wconf 82' lang='lat' dir='ltr'><strong>Plut.</strong></span> 
     </span>
     <span class='ocr_line' id='line_1_37' title="bbox 110 4174 912 4247; baseline 0.009 -23"><span class='ocrx_word' id='word_1_295' title='bbox 110 4174 139 4224; x_wconf 85' lang='lat' dir='ltr'><strong>iu</strong></span> <span class='ocrx_word' id='word_1_296' title='bbox 152 4177 242 4242; x_wconf 76' lang='lat' dir='ltr'><strong>Pomp.</strong></span> <span class='ocrx_word' id='word_1_297' title='bbox 255 4192 308 4243; x_wconf 70' lang='lat' dir='ltr'><strong>rap.</strong></span> <span class='ocrx_word' id='word_1_298' title='bbox 320 4178 361 4240; x_wconf 79' lang='lat'><strong>75.</strong></span> <span class='ocrx_word' id='word_1_299' title='bbox 370 4207 406 4218; x_wconf 89' lang='lat'>-</span> <span class='ocrx_word' id='word_1_300' title='bbox 417 4181 472 4232; x_wconf 81' lang='lat' dir='ltr'><strong>Lir.</strong></span> <span class='ocrx_word' id='word_1_301' title='bbox 481 4181 548 4247; x_wconf 82' lang='lat' dir='ltr'><strong>Epit.</strong></span> <span class='ocrx_word' id='word_1_302' title='bbox 560 4209 595 4220; x_wconf 91' lang='lat'>-</span> <span class='ocrx_word' id='word_1_303' title='bbox 605 4183 706 4231; x_wconf 86' lang='lat' dir='ltr'><strong>Suetou.</strong></span> <span class='ocrx_word' id='word_1_304' title='bbox 715 4180 805 4230; x_wconf 86' lang='lat' dir='ltr'><strong>iuTib.</strong></span> <span class='ocrx_word' id='word_1_305' title='bbox 819 4195 874 4246; x_wconf 77' lang='lat' dir='ltr'><strong>cap.</strong></span> <span class='ocrx_word' id='word_1_306' title='bbox 887 4197 912 4231; x_wconf 83' lang='lat' dir='ltr'><strong>a.</strong></span> 
     </span>
    </p>
   </div>
   <div class='ocr_carea' id='block_1_4' title="bbox 0 0 1442 4900">
    <p class='ocr_par' dir='ltr' id='par_1_6' title="bbox 0 0 1442 4900">
     <span class='ocr_line' id='line_1_38' title="bbox 0 0 1442 4900; baseline 0 2"><span class='ocrx_word' id='word_1_307' title='bbox 0 0 1442 4900; x_wconf 95' lang='lat' dir='ltr'><strong> </strong></span> 
     </span>
    </p>
   </div>
  </div>
 </body>
</html>
