2875 4900
292 373 362 457 348
449 374 519 441 JO.
546 373 911 443 FREINSHEMII
945 371 1202 441 SUPPLEM.

291 527 304 550 a
314 511 386 558 tum
401 495 472 558 sinc
488 493 674 574 frumento,
695 494 766 558 sine
779 494 924 575 auxiliis,
941 493 1093 575 fortuna,
1111 509 1168 558 aut
1181 494 1293 557 nostris
1308 493 1351 556 ri·

288 595 365 659 «tiis
382 594 492 661 adhuc
512 596 712 660 incolumem
731 619 739 660 ε
760 612 857 685 teque
875 596 930 660 illa
949 596 1035 660 fama
1052 612 1227 684 sequetur,
1244 595 1351 660 auxilio

287 697 498 785 «profectum
512 697 638 786 magnis
656 697 808 786 regibus,
829 699 972 761 latrones
992 697 1140 786 gentium
1156 697 1351 785 oppressisse.

287 799 414 881 «Quod
428 800 477 863 uti
491 799 606 879 facias,
620 821 741 863 moneo
755 799 954 886 hortorque,
973 821 1039 862 neu
1050 799 1141 862 malis
1154 798 1292 886 pernicie
1303 820 1352 861 no·

289 931 302 956 ι
312 917 377 965 stra
387 924 492 964 unum
505 900 679 989 imperium
686 899 867 989 prolatare,
881 923 981 988 quam
991 897 1351 964 societatevictorfieri.=

332 1004 417 1067 LXI.
432 1005 561 1084 Rome,
575 1003 626 1067 his
639 1002 737 1067 rebus
752 1000 871 1068 auditis
885 1051 894 1084 ,
909 1001 1163 1089 haudquaquam
1176 1024 1235 1090 pro
1247 1000 1351 1064 merito

288 1103 416 1167 Luculli
429 1103 530 1191 gratia
545 1103 626 1168 fuit:
640 1104 721 1191 quin
739 1104 886 1191 elapsum
903 1103 1079 1192 Tigranem
1094 1102 1313 1191 imputabant,
1326 1117 1351 1164 et

189 1233 195 1244 ⁷
288 1204 416 1293 imperii
432 1220 519 1268 certe
534 1203 707 1269 dulcedine
725 1205 790 1269 hoc
806 1206 876 1294 agi,
893 1218 931 1268 ut
948 1221 1108 1292 perpetua
1126 1205 1164 1268 iis
1182 1205 1260 1270 locis
1280 1203 1351 1268 bella

289 1319 407 1368 essent.
425 1304 530 1393 Igitur
545 1322 616 1369 tum
629 1305 765 1392 quidem
777 1322 934 1394 praetores
948 1307 1056 1370 sortiri
1064 1305 1350 1388 jusseruntrlsiam;

288 1404 407 1470 deinde
430 1405 665 1489 decreverunt,
683 1422 720 1471 ut
737 1408 822 1472 alter
839 1409 995 1496 sequentis
1015 1411 1096 1472 anni
1109 1409 1275 1474 consulum
1291 1430 1350 1471 sur·

288 1506 431 1587 eederet;
449 1531 639 1597 quanquam
661 1509 733 1573 sine
757 1510 821 1574 ulla
841 1509 942 1575 aerarii
968 1511 1134 1592 molestia,
1156 1511 1242 1576 bello
1262 1523 1350 1575 semet

287 1610 413 1692 alente,
435 1626 487 1675 tot
507 1611 714 1700 amplissimas
736 1611 912 1700 provinciae
934 1611 1059 1699 populo
1080 1634 1217 1676 romano
1240 1631 1350 1699 quere·

287 1711 418 1776 bantur.
437 1712 502 1777 Sed
513 1713 651 1795 invidia,
669 1736 742 1800 quae
759 1713 954 1802 plerumque
971 1713 1097 1777 bonum
1111 1714 1279 1801 publicum
1291 1713 1349 1774 rin·

287 1813 349 1896 cit,
363 1829 436 1879 tum
456 1815 592 1904 quidem
607 1816 717 1905 potior
735 1813 777 1879 ad
793 1813 1005 1880 minuendam
1024 1815 1145 1880 summi
1162 1813 1348 1906 imperatoris

288 1913 499 2004 dignitatem,
512 1940 611 2004 quarn
623 1915 665 1986 ad
677 1914 861 2006 augendam
877 1916 982 1980 rictus
996 1915 1070 1984 fuit.

330 2017 432 2082 LXII.
456 2018 579 2083 Alienis
595 2041 730 2121 quoque
745 2017 832 2082 vitiis
849 2016 1061 2100 miscebatur,
1072 2020 1348 2106 ponticosirqrera·

286 2135 367 2183 tores
382 2121 442 2183 sibi
448 2121 626 2207 prosprirere
633 2142 736 2208 posse,
750 2119 974 2209 rempublicam
980 2123 1190 2209 postprivata
1199 2115 1348 2184 commode

286 2221 415 2300 ducere,
432 2222 647 2286 clamantibus
666 2223 797 2304 multis,
816 2221 908 2310 quod
926 2222 973 2286 M.
993 2223 1089 2287 Cotta
1103 2245 1211 2311 nuper
1224 2244 1294 2286 cum
1306 2220 1347 2282 in·

286 2321 418 2387 vidiosis
438 2322 557 2412 opibus
572 2323 722 2389 redierat.
745 2323 787 2387 Et
808 2346 1015 2412 quanquam,
1035 2323 1207 2388 minuendi
1222 2319 1347 2386 rumoris

188 2475 190 2479 μ
285 2423 402 2506 causa,
426 2446 577 2515 magnam
597 2425 772 2514 pecuniam
794 2426 828 2489 in
850 2426 1000 2493 aerarium
1023 2425 1199 2508 intulerat,
1215 2423 1348 2491 manebat

286 2525 416 2613 opinio,
427 2525 469 2588 de
482 2526 593 2591 multis
605 2549 681 2589 eum
694 2549 798 2613 pauca
809 2528 934 2615 populo
948 2549 1085 2591 romano
1097 2527 1235 2593 dedisse.
1246 2528 1347 2612 Neque

285 2627 380 2690 aliam
394 2626 554 2689 veriorem
568 2649 699 2692 eausam
715 2627 816 2692 fuisse
831 2628 1001 2711 volebant,
1015 2652 1075 2693 cur
1090 2646 1281 2717 quaestorem
1294 2647 1347 2691 ase

285 2728 323 2792 P.
346 2727 491 2817 Oppium
515 2727 700 2793 dimisisset.
724 2729 826 2817 Atqui
848 2730 996 2818 Oppius,
1015 2753 1118 2819 quum
1143 2732 1189 2796 ob
1211 2727 1346 2822 pecunias

285 2830 369 2895 male
396 2845 526 2916 captas,
551 2844 584 2892 et
612 2829 732 2893 cibaria
759 2830 900 2894 militurn
929 2832 1101 2913 fraudata,
1125 2856 1144 2896 a
1166 2828 1346 2921 proconsule

285 2930 510 3019 ablegaretur,
533 2930 630 2994 etiam
648 2930 818 2994 insidiatus
844 2932 890 2995 illi
909 2932 1036 3014 fuerat,
1053 2933 1345 3022 deprehensusque,

286 3031 364 3095 dum
384 3047 505 3095 tectum
525 3046 612 3095 veste
625 3032 806 3121 pugionem
829 3050 968 3097 conatur
982 3034 1145 3123 expedire.

329 3134 447 3198 LXIII.
471 3131 536 3196 Sed
557 3132 646 3221 apud
664 3134 764 3197 iratos
784 3136 898 3217 etiam,
916 3160 987 3224 quae
1004 3137 1174 3203 sublevare
1192 3138 1344 3203 bominem

285 3235 483 3314 debuerant,
500 3234 588 3299 ultro
605 3236 639 3297 in
656 3235 780 3299 crimen
798 3237 1009 3302 vocabantur.
1026 3236 1154 3303 Idcirco
1174 3255 1300 3328 propter
1315 3233 1346 3296 il·

284 3337 348 3400 lius
370 3336 530 3399 ostensam
552 3336 753 3401 Heracleotis
775 3338 953 3425 aequiores,
977 3338 1097 3401 dimitti
1121 3341 1264 3427 captivos
1283 3336 1344 3399 illo·

283 3460 357 3501 rum
367 3486 376 3519 ,
388 3438 594 3524 libertatique
603 3438 748 3520 restitui,
757 3439 934 3519 jusserunt.
947 3441 1099 3523 Quorum
1107 3436 1343 3529 Thrasymedes,

283 3562 389 3627 quum
405 3539 435 3603 ei
450 3539 645 3605 concionem
661 3539 815 3605 inimicus
830 3542 933 3604 Cottae
948 3540 1054 3605 Carbo
1071 3541 1277 3629 praebuisset,
1293 3537 1344 3601 He·

283 3640 498 3705 racleensium
514 3639 630 3706 delleta
646 3642 844 3723 calamitate,
867 3643 1090 3709 innocentiam
1106 3644 1254 3725 illorum,
1269 3636 1343 3705 sevi·

282 3743 428 3830 tiamque
450 3757 484 3806 et
508 3741 694 3807 aviditatem
714 3745 819 3809 Cottae
839 3744 1000 3833 exposuit.
1027 3746 1132 3809 Simul
1155 3746 1342 3835 captivorum

282 3842 480 3924 multitudo,
493 3843 699 3931 promiscuus
711 3867 806 3911 sexus
821 3862 980 3935 aetasque,
995 3848 1157 3935 protensis
1171 3845 1341 3934 supplicum

317 4047 334 4113 s
353 4050 420 4097 ΒΗ.
434 4049 496 4106 Dio,
508 4047 552 4094 lib.
565 4050 675 4099 XXXV.
695 4078 729 4087 —
752 4050 815 4099 Plut.
830 4050 856 4098 in
869 4052 981 4101 Lucullo.
999 4080 1032 4087 -
1051 4050 1163 4117 Suu·
1177 4080 1209 4089 -—
1227 4051 1340 4099 Memnon.

281 4162 316 4169 —
330 4132 394 4193 Dio,
406 4130 450 4181 lib.
461 4132 584 4180 xxxvl.
