2875 4900
273 366 318 438 56
446 371 512 438 JO.
539 369 885 440 FREINSIIEMII
914 367 1182 459 SUPPLEM„

271 489 388 553 «Sullas
404 489 530 553 necavit
548 511 556 552 ε
574 495 712 576 quantas
730 488 823 554 illum
839 503 960 575 strages
978 484 1145 549 editurum
1162 500 1334 572 putemus,

270 621 283 644 «
293 590 351 652 ubi
369 611 490 653 vacuus
508 605 614 667 metu,
631 590 783 652 incensus
798 588 905 668 malis,
921 586 1055 650 arbitrio
1068 608 1130 649 suo
1141 583 1182 648 de
1195 585 1343 650 inimicis.

272 689 468 754 avindictam
487 690 618 753 sumet?
734 718 740 732 ι

315 791 433 854 XLIII.
459 789 545 853 -Sed
567 813 604 852 ea
626 811 677 852 res
700 791 802 853 multa
824 789 990 876 cooperiet
1013 787 1145 851 infamia
1165 786 1333 850 victoriam

270 923 283 950 ι
293 909 455 971 nostram,
471 913 666 978 summoque
680 912 746 953 nos·
753 889 881 978 pudore
896 913 934 954 ac
951 890 1079 954 tristitia
1095 887 1260 968 conficiet,
1275 887 1334 974 qui
1419 926 1420 931 κ

271 1024 284 1051 ι
294 994 407 1080 utique
420 1015 486 1056 non
502 992 694 1080 sangumem
711 992 850 1072 civimn,
868 990 926 1084 scd
940 989 1166 1069 concordiam,
1180 1003 1214 1052 et
1228 989 1334 1075 reipu-

270 1093 384 1156 «blicae
398 1092 550 1173 salutern,
565 1107 598 1155 et
607 1113 665 1155 sua
676 1091 796 1178 cuique
806 1092 880 1171 jura
891 1092 1015 1180 integra
1027 1108 1126 1177 atque
1138 1089 1233 1154 illaesa
1245 1105 1335 1176 opta·

270 1225 283 1250 ιι
294 1215 385 1275 inus,
405 1209 438 1258 et
453 1192 505 1256 his
518 1192 631 1281 gladiis
648 1214 715 1256 non
731 1193 826 1256 aliam
842 1192 886 1256 ob
903 1215 1032 1256 musam
1049 1192 1221 1280 cingimur.
1233 1193 1333 1254 Acce-

271 1323 284 1349 ι
293 1291 342 1356 dit
356 1242 567 1356 adolescentis
580 1292 674 1357 Marii
687 1292 849 1356 simillima
864 1309 1005 1381 paterna
1019 1310 1141 1358 naturae
1154 1289 1288 1380 perfidia
1300 1308 1334 1354 et

270 1391 485 1458 «crudelitas
504 1415 601 1481 quem
618 1392 677 1456 ubi
690 1394 866 1481 receperis,
881 1395 1037 1458 consul
1003 1417 1091 1474 ‚Jam
1107 1393 1236 1458 noveris
1245 1415 1334 1480 ,qua

268 1493 335 1558 «sit
352 1491 514 1581 agendum
533 1492 707 1573 modestia,
722 1518 765 1558 ne
779 1510 812 1557 te
828 1494 882 1558 ille
900 1518 999 1582 puer,
1012 1497 1077 1577 jam
1094 1495 1215 1584 insigni
1231 1494 1335 1582 speci·

270 1595 382 1658 «mine
397 1594 515 1658 indolis
531 1594 637 1674 edito,
654 1597 690 1658 L.
701 1596 853 1658 Porcium
874 1617 944 1660 esse
963 1612 1065 1684 putet
1087 1597 1189 1659 Erant
1202 1612 1236 1659 et
1255 1595 1332 1677 alia,

270 1717 366 1781 «quae
387 1695 513 1758 moneri
537 1695 660 1758 utiliter
682 1696 882 1782 potuissent,
905 1696 964 1761 sed
988 1720 1050 1785 ego
1073 1713 1131 1760 aut
1151 1698 1236 1777 hacc,
1260 1719 1335 1784 quae

272 1795 378 1876 «dixi,
395 1795 572 1860 suffectura
585 1795 679 1860 vobis
702 1795 822 1876 credo,
838 1815 895 1861 aut
917 1798 1000 1862 nihil
1018 1799 1167 1886 prolecto
1183 1798 1334 1862 futurum

270 1929 282 1952 ⁴⁸
293 1915 377 1962 sam.

224 1973 228 1992 Ι
315 2001 429 2064 XLIV.
445 2030 458 2054 ι
469 2000 558 2081 Quid
577 2001 675 2089 igitur
691 2003 726 2066 C.
740 2001 844 2070 Mario
859 2024 951 2065 suam
967 2001 1118 2066 offerenti
1135 2023 1266 2090 operam
1282 2024 1335 2064 re-

271 2100 532 2189 sspondebitur?
558 2101 670 2165 Dicam
702 2101 875 2188 equidem,
903 2101 995 2189 quod
1018 2101 1123 2165 sentio
1144 2125 1153 2166 ε
1174 2100 1336 2189 quidlibet

272 2203 420 2290 «potius,
431 2223 529 2289 quam
543 2188 652 2290 recipi.
664 2201 727 2266 Sed
741 2201 805 2265 hoc
816 2204 900 2266 Iorte
913 2224 1021 2288 neque
1033 2199 1205 2291 indignum
1219 2201 1334 2280 nobis,

269 2323 399 2388 «neque
413 2301 515 2364 'rebus
540 2301 752 2388 pratentibus
777 2302 893 2366 inutile
913 2302 1030 2384 fuerit,
1053 2303 1098 2366 ita
1120 2301 1333 2390 responderi:

269 2400 394 2483 «Quod
421 2402 458 2466 C.
482 2401 624 2482 Marius,
650 2403 774 2490 quique
800 2425 876 2501 cum
899 2427 940 2468 eo
966 2418 1061 2487 sunt,
1083 2425 1214 2493 operam
1240 2425 1334 2468 suam

270 2506 327 2568 .1..
344 2505 457 2567 Cinnae
474 2504 619 2585 consuli,
644 2505 758 2592 reique
778 2507 917 2594 publicae
937 2506 1075 2588 obtulit,
1093 2507 1128 2571 id
1147 2507 1209 2571 rite
1230 2506 1272 2570 ab
1292 2528 1334 2571 eo

269 2607 429 2685 «facum,
444 2605 600 2693 omnique
611 2607 719 2671 lavore
733 2606 870 2697 dignum
880 2608 993 2673 videri
1005 2612 1165 2673 Caeterum
1175 2611 1212 2672 L.
1219 2608 1335 2672 Cinnae

270 2706 435 2773 «consulis
455 2728 533 2793 opes
557 2708 590 2770 in
610 2710 782 2795 praesentia
797 2726 901 2773 tantas
921 2727 1009 2790 esse,
1031 2727 1069 2775 ut
1086 2708 1276 2799 propediem
1291 2706 1335 2771 ad

270 2842 284 2867 ι
294 2810 434 2890 Urbem,
449 2825 535 2873 certa
554 2831 613 2896 spe
628 2810 708 2873 boni
728 2832 913 2891 successus,
926 2813 1100 2877 admovere
1112 2812 1203 2901 signa
1220 2810 1335 2875 decre·

270 2912 383 2977 «verit.
405 2912 619 2975 Inimicorunr
635 2912 775 2975 coercita
797 2912 970 2999 pravitate,
993 2936 1079 2978 curae
1099 2911 1226 2977 consuli
1245 2913 1334 2993 lore,

271 3046 284 3069 ι
294 3028 332 3075 ut
342 3027 375 3076 et
385 3012 509 3092 caeteri,
524 3012 580 3099 qui
593 3027 700 3075 essent
710 3034 770 3100 par
781 3014 846 3076 vim
858 3012 968 3093 ejecti,
983 3030 1017 3076 ct
1031 3012 1208 3101 praesertim
1218 3012 1255 3074 C.
1268 3010 1336 3074 Μι-

272 3145 283 3166 a
294 3114 378 3193 rius,
391 3112 584 3199 quantocius
596 3112 817 3177 restituantur.
829 3114 956 3178 Interea
968 3136 1063 3201 posse
1073 3114 1166 3178 illum
1179 3134 1213 3177 se
1223 3128 1335 3176 tenere

270 3243 283 3267 a
293 3213 371 3275 tutis
385 3212 480 3295 locis;
495 3235 609 3276 omnes
624 3213 769 3277 hostium
785 3214 895 3301 copias
911 3214 953 3278 ab
965 3214 1022 3290 illo
1033 3215 1067 3277 in
1077 3236 1112 3277 se
1122 3228 1336 3278 avocatorom

272 3333 365 3374 resse
384 3313 552 3377 consulem
570 3336 578 3375 :
598 3330 630 3377 et
649 3314 675 3377 si
694 3331 811 3400 praeter
832 3336 924 3401 spem
940 3331 1109 3403 urgeatur,
1131 3314 1173 3379 ad
1189 3315 1335 3402 primunr

269 3413 462 3492 «nuntium,
479 3413 569 3499 quod
584 3414 660 3479 satis
674 3416 715 3478 sit
730 3414 772 3479 ad
792 3414 975 3503 presidium
993 3418 1079 3497 ejus,
1097 3416 1266 3503 copiarum
1284 3418 1336 3479 af-

269 3546 282 3570 «
293 3516 372 3577 fore.
388 3515 436 3577 Ita
451 3534 510 3576 nec
521 3513 640 3577 invidia
651 3514 756 3579 aliena
768 3516 978 3581 onerabimur
993 3541 1001 3581 ι
1016 3533 1065 3599 et,
1080 3518 1107 3581 si
1118 3517 1198 3603 quid
1211 3517 1338 3581 utiliter

268 3646 281 3671 ι
292 3616 325 3677 in
343 3636 411 3678 rem
429 3629 572 3679 nostram
588 3616 698 3679 conari
714 3617 837 3681 Marius
854 3618 990 3705 poterit,
1009 3618 1043 3683 id
1063 3618 1167 3683 nihilo
1183 3620 1336 3708 segnius,

269 3748 282 3773 a
293 3733 326 3781 et
340 3715 419 3781 citra
435 3712 582 3778 fraudem
599 3731 744 3781 nostram
759 3716 825 3782 liet.
835 3749 848 3773 ι

313 3816 410 3883 XLV.
437 3816 513 3879 Haec
537 3814 594 3877 ubi
617 3832 734 3881 sunta
755 3818 900 3883 Sertorio
922 3819 1025 3898 dicta,
1046 3823 1083 3885 L.
1101 3821 1226 3901 Cinna,
1243 3836 1336 3885 reote

271 3916 404 4006 quidem
430 3930 527 4001 atque
546 3916 725 3995 ‚salubriter
752 3919 940 4001 admoneri,
966 3922 1160 3987 fatebatur:
1185 3934 1338 3986 catarum

264 4020 386 4109 pudore
408 4040 439 4080 se
460 4018 615 4081 contineri
619 4066 629 4098 ‚
652 4042 692 4082 ne
712 4020 855 4085 Martiam
878 4022 1051 4102 exchtdat,
1073 4044 1165 4112 quem
1182 4026 1218 4087 in
1239 4028 1337 4087 socta-

268 4136 364 4189 taem
379 4116 456 4187 belli
470 4118 554 4186 ultro
567 4120 758 4189 advocasset.
775 4122 825 4188 Ibi
839 4122 1001 4190 Sertorius
1017 4123 1338 4211 excipiensffatqui
