2875 4900
322 389 375 460 ru
406 387 522 457 too.
543 387 637 456 nin.
661 385 976 456 ‹cx-ravum.
1115 407 1186 480 709

163 511 294 576 LXVII.
314 511 356 574 At
371 531 475 598 quum
494 507 616 574 obsessi
633 507 848 598 negligentius
864 508 917 596 agi
933 505 1084 572 excubias
1100 505 1188 595 apud

119 611 250 676 hostem
264 626 453 691 cernerent,
467 610 577 697 pueris
599 626 696 697 atque
717 609 908 674 mulieribus
924 608 958 672 in
975 630 1072 674 muro
1086 608 1188 672 collo·

120 713 216 793 catis,
229 727 270 775 ut
281 712 403 800 species
418 725 698 801 propugnatorum
714 726 913 792 servaretur,
931 710 1136 798 eruptionem
1152 709 1186 772 in

69 875 73 884 ,
119 814 267 902 proxima
294 829 397 878 castra
420 813 561 894 faciunt3
586 813 705 900 hisque
734 812 897 901 perruptis
926 811 1026 898 (nam
1055 824 1189 898 propter

120 931 235 980 aestum
261 915 353 979 multi
381 915 498 980 milites
522 936 562 978 ex
586 914 779 980 stationibus
797 911 1048 999 discesserant),
1071 910 1187 976 eodem

119 1015 247 1104 impetu
260 1032 373 1082 cetera
383 1015 492 1080 omnia
505 1029 709 1104 expugnant,
724 1015 978 1102 Octaviamque,
992 1012 1114 1093 majore
1130 1035 1187 1077 co·

120 1118 248 1206 piarum
270 1117 386 1182 amissa
407 1131 516 1205 parte,
541 1139 618 1181 cum
642 1117 775 1204 reliquis
795 1118 830 1180 in
855 1140 952 1182 naves
974 1116 1185 1205 compellunt.

121 1219 295 1300 Octavius,
318 1232 441 1282 tantam
464 1216 587 1281 cladem
610 1239 741 1305 passus,
766 1241 869 1306 quum
887 1218 928 1283 de
945 1218 1069 1283 Salonis
1084 1239 1187 1304 expu-

120 1317 258 1407 gnandis
276 1317 495 1406 desperasset,
510 1318 642 1406 jamque
657 1318 793 1384 instaret
807 1320 929 1403 hiems,
945 1319 1187 1409 Dyrrhachium

120 1419 163 1486 ad
185 1420 379 1509 Pompeium
401 1441 549 1486 reversus
571 1437 630 1486 est.
645 1423 735 1486 Dum
754 1421 823 1486 hec
838 1421 873 1486 in
891 1423 1019 1510 lllyrieo
1035 1437 1068 1486 et
1081 1420 1189 1484 Africa

120 1538 300 1611 geruntur,
319 1524 441 1603 Caesar,
462 1516 609 1610 deposita
625 1521 661 1587 in
683 1523 825 1610 speciem
847 1522 950 1588 civilis
973 1522 1072 1587 animi
1091 1521 1190 1585 dicta·

120 1638 211 1705 tura,
225 1622 286 1686 sub
301 1623 363 1687 alio
377 1623 510 1686 nomine
526 1623 638 1688 eadem
653 1623 763 1688 omnia
777 1623 966 1706 habiturus,
980 1622 1189 1686 Brundisium

121 1746 256 1815 pergere
272 1725 403 1808 statuit,
420 1747 487 1814 quo
501 1725 597 1790 etiarn
613 1724 755 1814 legiones
768 1725 980 1812 premiserat,
995 1725 1190 1811 Pompeium

122 1827 306 1916 petiturus;
328 1849 426 1915 quern
446 1827 481 1891 in
502 1849 600 1892 usum
623 1842 693 1890 tum
716 1827 785 1892 aliis
804 1849 822 1891 e
839 1827 940 1907 fanis,
964 1839 1034 1889 tum
1057 1848 1098 1888 ex
1117 1825 1190 1916 ipso

123 1929 285 2016 Capitolio
302 1928 437 1995 donaria
454 1929 607 2018 pleraque
624 1928 734 1994 omnia
751 1928 933 1992 sustulerat.

168 2029 315 2096 LXVIII.
331 2031 447 2120 Neque
463 2029 670 2095 mediocriter
685 2051 776 2118 spem
792 2029 861 2110 ejus
878 2043 1050 2093 erexerunt
1066 2025 1190 2105 objecta

124 2147 198 2196 turn
224 2148 257 2196 et
277 2133 376 2221 paulo
400 2147 476 2220 post
500 2131 620 2198 omina.
645 2132 776 2220 Quippe
798 2131 880 2196 dum
899 2130 1037 2195 adornat
1052 2129 1133 2208 iter,
1155 2127 1189 2191 in

124 2234 319 2298 comitatum
349 2234 416 2316 ejus
446 2235 588 2298 lauream
615 2233 826 2322 supervolans
851 2233 968 2296 milvus
1002 2230 1133 2310 injecit3
1161 2243 1193 2292 et

122 2351 257 2425 postea,
276 2359 364 2401 secra
382 2358 422 2400 eo
439 2336 576 2400 iaciente
597 2337 769 2416 Fortunae,
791 2350 904 2399 taurus
923 2332 1030 2397 adhuc
1053 2331 1192 2394 intactus

123 2435 263 2527 effugit,
280 2435 497 2526 paludemque
521 2452 652 2517 nactus,
678 2458 749 2500 eam
773 2435 920 2499 tranavit.
939 2431 1194 2522 Responderunt

122 2539 329 2626 haruspices,
351 2538 484 2605 Caesoni
492 2537 577 2627 fieta
594 2540 638 2602 sic
658 2538 862 2601 aduotbrasse
882 2536 1194 2623 dw53manentr'q1ae

122 2642 258 2703 artium
264 2686 274 2719 ,
287 2662 373 2703 mare
378 2642 556 2705 transeunti
561 2642 663 2705 vitam
670 2640 900 2727 victoriamque
899 2637 1058 2725 portendi.
1070 2638 1193 2719 Quam·

123 2740 174 2803 vis
195 2739 295 2829 igitur
311 2739 415 2804 hiems
434 2756 535 2822 esset,
553 2756 586 2804 et
603 2740 646 2805 ob
662 2755 868 2829 tempestates
884 2738 1023 2803 difficilis
1042 2738 1192 2818 trajectus

124 2854 328 2927 speraretur;
352 2839 508 2905 ordinatis
523 2864 542 2905 a
559 2858 651 2931 tergo
669 2840 840 2923 omnibus,
856 2840 1064 2905 Brundisium
1082 2839 1192 2904 inten-

124 2940 176 3006 dit
191 2942 261 3006 iter.
280 2942 460 3006 Exeuntem
478 2958 677 3031 prosequuta
693 2943 809 3033 ingens
826 2941 1000 3007 hominum
1016 2941 1193 3005 multitudo

124 3062 240 3129 pacem
259 3042 392 3125 orabat,
413 3058 537 3108 etcum
559 3044 717 3133 Pompeio
734 3043 874 3109 reditum
895 3044 929 3107 in
946 3044 1100 3132 gratiam3
1118 3044 1193 3107 satis

125 3143 215 3207 enim
236 3144 428 3233 apparebat,
443 3145 470 3209 si
483 3146 515 3209 ri
529 3144 634 3211 victus
649 3146 802 3211 alteruter
817 3160 917 3226 esset,
932 3144 1083 3209 eumdem
1095 3143 1193 3207 liber·

125 3246 204 3326 tati,
224 3268 322 3335 quem
341 3246 446 3329 bello,
471 3245 570 3312 linem
593 3249 672 3313 fore.
696 3243 855 3333 Profecto}
860 3246 926 3326 jam
940 3248 1082 3328 Caesare,
1100 3245 1194 3333 pueri

125 3344 252 3411 ludicra
268 3369 378 3436 pugna
400 3364 638 3413 concurrerunt
654 3350 785 3430 Rome,
805 3348 1054 3437 superioresque
1069 3349 1196 3415 exstite·
1277 3345 1282 3352 ’

126 3461 224 3529 runt,
240 3450 298 3535 qui
313 3448 515 3513 Julianorom
531 3450 591 3514 sibi
610 3472 731 3515 nomen
747 3450 956 3517 indiderant..

172 3550 290 3615 LXIX.
307 3548 485 3639 Postquam
502 3549 710 3615 Brundisium
728 3553 834 3615 Caesar
845 3553 953 3629 venit,
970 3574 1037 3640 quo
1052 3552 1195 3640 legiones

128 3650 323 3734 duodecim,
349 3666 382 3717 et
405 3673 537 3716 omnem
561 3652 743 3739 equitatum
768 3653 942 3717 convenire
962 3653 1117 3734 jusserat,
1142 3651 1197 3713 vix

127 3769 256 3817 tanturn
280 3754 400 3842 reperit
424 3754 578 3835 navium,
594 3769 633 3818 ut
654 3755 801 3843 quinque
818 3754 961 3844 legiones
984 3752 1195 3841 transportari

129 3878 206 3921 cum
222 3855 378 3923 sexcentis
399 3855 564 3944 equitibus
580 3872 722 3945 possent.
739 3856 844 3945 Igitur
861 3878 922 3943 pro
939 3854 1098 3921 concione
1115 3851 1194 3916 hor·

164 4085 180 4151 S
194 4089 296 4137 txvu.
305 4088 368 4137 Cres.
378 4112 413 4125 -
421 4088 464 4136 Jo.
473 4084 563 4135 sarisb.
575 4083 697 4147 Polycrat.
709 4086 760 4144 111,
771 4099 811 4135 ro.
823 4084 923 4133 -nto.
931 4110 965 4122 -
975 4084 1041 4133 Plot.
1050 4084 1077 4131 in
1089 4081 1150 4131 eu.
1159 4108 1178 4118 -

130 4170 273 4239 sttvtn.
284 4170 349 4222 Ποῖ.
359 4171 407 4231 Π,
414 4186 438 4221 a.
448 4196 483 4207 -
496 4170 604 4238 Appiae.
613 4168 668 4217 Cir.
676 4167 764 4219 timu.
1032 4178 1040 4189 ·
