2875 4900
294 384 364 454 602
399 383 684 454 seruulus.
704 383 841 451 SUPP.
858 382 913 451 IN
938 381 1052 451 LOC.
1071 383 1170 450 LlB.
1190 384 1291 453 CVI.

293 524 368 595 pter
386 505 590 596 prodigium,
613 503 705 592 quod
726 522 815 567 anno
837 503 1006 591 superiore
1027 504 1062 565 in
1086 505 1226 569 Lucanis
1246 506 1364 593 pluisse

293 608 380 672 ferro
405 606 592 670 nuntiatum
607 620 694 685 erat,
711 620 762 685 et,
780 602 924 669 carenda
939 625 1082 693 superna
1099 605 1254 689 vulnera,
1270 606 1364 671 harn-

293 710 397 797 spiccs
415 706 669 795 responderant3
688 706 785 793 'quasi
802 706 845 771 de
857 706 1054 771 Parthorum
1072 708 1198 796 sagittis
1216 710 1363 773 monuis-

293 825 382 890 sent,
399 830 480 897 quas
497 808 543 872 illi
558 806 707 871 solebant
723 806 838 871 imbris
851 808 955 871 instar
967 828 1135 897 spargere,
1151 830 1222 871 non
1237 809 1364 875 directis

290 913 429 994 ictibus,
445 910 503 975 sed
517 912 551 975 in
566 911 669 975 altum
683 910 828 991 ernissis,
841 908 932 973 unde
944 924 1068 975 temere
1081 908 1274 976 breidemnt
1287 912 1363 977 snb·

289 1014 381 1093 jectis
395 1012 541 1077 hostiurn
558 1010 754 1100 agminibus.

336 1116 421 1180 LIX.
443 1113 588 1179 Cadaver
609 1113 816 1202 imperatoris
836 1114 1054 1178 intercutem
1078 1136 1217 1202 corpora
1239 1116 1318 1179 feris
1333 1132 1364 1178 er

291 1218 421 1282 alitibus
443 1216 613 1299 relictnm3
646 1232 746 1304 caput
767 1237 845 1281 cum
870 1214 1004 1279 dextera
1029 1236 1129 1280 manu
1156 1218 1299 1281 relatum
1325 1216 1362 1280 ad

266 1384 271 1395 ,
290 1342 420 1409 regern,
446 1332 519 1381 tum
541 1316 681 1381 maxime
701 1318 813 1405 epulas
829 1339 908 1382 cum
928 1317 1084 1381 Artabare
1102 1320 1265 1383 Annenio
1280 1321 1362 1383 cele·

156 1490 161 1505 ι
290 1422 451 1485 hrautem.
463 1420 580 1483 Pacem
593 1420 681 1483 euim
693 1420 818 1483 interca
829 1419 1030 1507 pepigerant,
1041 1419 1166 1483 Pacoro
1174 1418 1245 1484 filio
1254 1420 1361 1484 Parthi

291 1522 452 1611 desponsa
471 1522 636 1587 Artabanis
656 1544 779 1585 sorore.
804 1523 901 1585 Forte
926 1538 999 1584 tum
1018 1523 1115 1585 lason
1134 1522 1359 1611 nagmdiarum

291 1636 392 1705 actor,
407 1625 538 1711 Agaven
555 1623 704 1698 recitans,
719 1621 879 1710 corripuit
891 1623 997 1687 Crassi
1008 1639 1117 1711 caput,
1129 1645 1361 1711 qrrassansque,

290 1724 452 1806 carmina,
468 1748 540 1813 quae
554 1724 596 1789 dc
608 1724 756 1788 Pentheo
773 1726 893 1788 fecerat
906 1723 1099 1812 Euripides,
1115 1725 1273 1790 recitarit.
1286 1726 1362 1791 Post

290 1824 354 1889 hoc
369 1825 489 1891 deinde
508 1824 708 1905 ludibrium,
732 1828 768 1889 in
789 1826 909 1891 rictum
925 1827 992 1891 oris
1012 1849 1130 1890 aurum
1151 1828 1360 1915 liquefactum

290 1926 483 1992 infuderunt
498 1926 627 2009 Parthi,
646 1948 724 1990 cum
741 1928 992 2016 exprobratione
1008 1919 1165 2010 avaritiis,
1182 1943 1220 1992 ut
1233 1934 1362 1994 scabre

290 2052 321 2092 se
339 2030 466 2093 tandem
484 2052 538 2108 ec,
558 2028 646 2118 quod
659 2024 790 2117 r'refirritrs
804 2030 907 2093 modis
923 2030 1060 2093 sitisset:
1075 2045 1144 2093 erat
1159 2031 1248 2095 enim
1263 2054 1361 2120 appe·

291 2130 489 2194 tentissimus
513 2130 677 2218 pecunie,
701 2150 891 2219 quanquam
911 2146 1016 2195 tantas
1036 2131 1182 2195 baberet·
1196 2154 1302 2221 opas,
1326 2151 1361 2197 nt

291 2253 367 2293 eum
381 2254 441 2317 pro
457 2252 599 2318 paupere
613 2231 840 2313 miseraretur,
853 2232 965 2319 quiex
978 2233 1045 2297 suis
1057 2234 1265 2297 facultatibus
1276 2258 1362 2299 exer

292 2332 391 2395 citum
407 2332 492 2396 alere
510 2353 577 2395 non
592 2322 712 2420 posset.
728 2334 790 2397 llic
806 2333 870 2398 fuit
883 2356 984 2423 opum
1002 2350 1036 2399 et
1048 2336 1220 2423 potentiae,
1235 2352 1303 2400 tam
1321 2338 1361 2401 la·

291 2432 422 2498 boriose
448 2451 481 2498 et
507 2434 661 2522 nequiter
688 2451 900 2522 comparata,
923 2438 1040 2500 Crasso
1065 2435 1244 2517 terminus3
1269 2437 1361 2516 cnjus

291 2534 388 2597 etiam
402 2535 572 2616 interitus,
589 2551 744 2622 tauquam
760 2551 906 2618 remoto,
923 2559 1021 2624 quem
1034 2537 1133 2601 ambo
1145 2538 1360 2626 respicerent,

291 2635 397 2700 socios
416 2634 597 2723 tyrannidis
612 2636 700 2708 inter
718 2659 753 2700 se
769 2639 952 2719 commisit,
970 2654 1009 2702 ut
1027 2655 1061 2703 et
1077 2639 1138 2703 hos
1152 2639 1249 2703 velox
1268 2663 1361 2728 poena

291 2735 600 2825 comprehenderet,
618 2755 652 2802 et
667 2753 734 2802 tres
749 2754 910 2803 terrarum
925 2756 1050 2828 partes,
1068 2743 1203 2804 Crassus
1218 2741 1254 2804 in
1268 2743 1360 2823 Asia,

291 2837 467 2927 Pompeius
485 2839 519 2902 in
542 2837 668 2921 Africa,
689 2841 794 2904 Caesar
813 2841 847 2904 in
870 2840 1002 2929 Europa
1018 2841 1199 2922 interfecti,
1220 2863 1284 2930 pro
1299 2843 1361 2906 inr-

290 2942 400 3029 perio,
421 2941 511 3030 quod
527 2957 640 3006 contra
656 2943 703 3006 las
718 2944 828 3030 partiti
844 2943 992 3024 fuerant,
1008 2942 1236 3024 cadaveribus,
1253 2959 1288 3007 et
1309 2945 1361 3007 vix

290 3042 463 3130 sepulcris,
486 3042 684 3108 obtinerent.
702 3043 766 3107 Sed
783 3067 891 3133 neque
905 3044 1032 3109 Parthis
1050 3045 1212 3132 impunita
1227 3044 1360 3132 perfidia

290 3159 323 3208 et
340 3145 511 3211 crudelitas
534 3147 606 3210 fuit.
628 3147 786 3210 Surenam
804 3146 902 3235 paulo
926 3163 1001 3236 post
1018 3145 1139 3209 invidia
1159 3146 1272 3236 gloriae
1292 3146 1360 3226 ejus

290 3246 417 3311 Orodes
440 3248 630 3314 interemit:
654 3246 781 3313 Orodes
798 3247 996 3336 procedente
1012 3262 1160 3335 tempore
1181 3269 1202 3310 a
1224 3245 1360 3310 Phraate

290 3341 356 3408 lilio
372 3363 421 3410 est
437 3347 593 3415 sublatus.

324 3527 444 3593 sewu.
457 3531 566 3596 Appian.
578 3531 661 3580 Parth.
679 3559 715 3568 -
730 3531 794 3580 flor.
808 3533 859 3589 lll,
875 3546 917 3579 rr.
928 3557 965 3567 -
982 3530 1046 3578 Plin.
1058 3531 1100 3588 11,
1117 3529 1161 3578 56.
1179 3555 1216 3566 -
1225 3531 1281 3578 Vel.
1292 3531 1359 3578 Uar

290 3617 314 3670 1,
328 3613 353 3660 6.
370 3638 405 3649 -
420 3611 583 3692 §le.Val.
596 3615 702 3674 Mum,
721 3617 748 3665 6.
761 3641 797 3653 -
813 3613 880 3663 Flor.
893 3614 976 3672 lV‚a.
993 3641 1030 3651 —
1049 3613 1115 3662 Plnt.
1134 3615 1241 3663 -Dlo
1256 3641 1292 3652 -
1308 3614 1358 3663 Gr.

290 3695 409 3750 Paradnx.
423 3697 449 3744 6.
463 3723 499 3734 -
508 3697 572 3744 Vell.
582 3699 620 3756 Π,
635 3697 677 3753 46.

653 3958 995 3986 ...ψ-...-
