2875 4900
265 435 288 517 lt
439 436 504 502 JO.
532 435 558 500 F
565 431 872 501 REINSHEMII
903 429 1149 500 SUPPLEM.

264 565 430 634 carentur;
451 556 524 617 novi
541 555 639 630 cives,
658 547 852 638 libertinique
870 548 1123 614 &induerentur
1141 551 1176 612 r'rt
1192 552 1326 638 quinque

263 669 294 718 et
307 656 436 740 triginta
454 666 570 716 ueteres
592 651 688 715 tribus
699 695 709 728 ‚
732 661 783 728 et,
808 647 902 728 cujus
923 648 1024 736 gratia
1049 663 1163 711 caetera
1186 645 1325 727 fiebant,

267 755 302 820 C.
316 755 422 818 Mario
438 749 684 816 ndtlniietr'cum
696 747 812 814 bellica
823 748 1047 813 decerneretur.

308 857 397 920 VIII.
414 853 478 918 Sed
494 851 618 915 exsules
634 872 676 913 ne
695 849 949 928 reducerentur,
966 849 1034 937 ipse
1052 871 1158 938 nuper
1172 850 1326 912 interces-

265 971 348 1020 serat
367 979 375 1019 ι
394 955 459 1033 jam
479 952 646 1014 immutata
667 950 854 1032 voluntate,
869 949 967 1013 verba
986 949 1164 1014 cavillando
1180 947 1326 1014 eamdem

153 1081 155 1086 ·
265 1059 367 1145 legem
388 1053 565 1134 referebat,
588 1075 653 1115 uon
674 1051 798 1116 exsules
819 1074 842 1114 a
858 1074 890 1116 se
911 1051 1038 1133 reduci,
1057 1052 1114 1115 sed
1129 1054 1169 1114 vi
1182 1052 1324 1141 rejectos,

265 1152 467 1220 dictitando:
484 1151 575 1240 quasi
592 1173 659 1216 non
675 1151 776 1216 iidem
793 1167 919 1234 essent,
939 1168 1015 1217 utro
1036 1152 1169 1216 nomine
1188 1151 1327 1242 appella·

265 1271 397 1335 rentur;
413 1269 470 1318 aut
492 1253 584 1342 quasi
600 1251 641 1316 de
659 1251 818 1335 vocibus,
836 1274 904 1316 non
922 1251 963 1316 de
978 1252 1095 1329 rebus,
1110 1252 1327 1315 controversia

265 1357 299 1419 in
316 1355 480 1444 republica
493 1367 586 1420 esset.
604 1354 788 1418 Libertinos
803 1369 930 1438 autem,
947 1369 980 1419 et
992 1355 1050 1442 qui
1062 1352 1163 1418 modo
1178 1353 1220 1418 de
1233 1353 1327 1418 sociis

264 1457 340 1520 lacti
352 1457 436 1536 cives
447 1455 594 1536 fuerant,
610 1454 685 1519 ideo
701 1455 854 1520 distribui
869 1456 903 1520 in
917 1470 1042 1520 veteres
1059 1453 1163 1519 tribus
1178 1453 1326 1536 volebat,

266 1557 390 1646 utplus
406 1556 439 1620 in
458 1555 618 1646 suffragiis
637 1556 767 1621 illorum
783 1556 909 1621 roboris
923 1571 1027 1620 esset:
1044 1556 1165 1644 quippe
1179 1555 1327 1618 homines

266 1657 391 1741 callidi,
407 1659 434 1723 si
450 1659 530 1741 bns,
547 1681 686 1722 numero
703 1657 867 1722 veteribus
883 1656 1005 1720 civibus
1019 1656 1111 1720 facile
1124 1655 1327 1744 superiores,

262 1759 335 1838 jure
345 1774 543 1845 aequassent,
555 1757 638 1822 nibil
649 1759 719 1822 fore
730 1757 973 1837 existimabant,
989 1756 1079 1843 quod
1087 1757 1216 1820 illorum
1229 1779 1329 1844 opera

267 1881 333 1921 non
345 1876 611 1947 assequerentur,
628 1875 661 1924 et
675 1881 742 1947 quo
756 1859 883 1924 minore
893 1857 1026 1948 negotio
1040 1879 1108 1921 rem
1122 1855 1328 1946 perlicerent,

266 1959 307 2023 de
323 1960 408 2024 bello
425 1957 644 2024 mithridatico
660 1959 782 2024 interea
796 1958 960 2024 silentium
976 1958 1123 2048 agebant.

309 2061 368 2125 IX.
392 2061 483 2125 Ne
459 2084 504 2125 sic
526 2075 634 2124 tamen
660 2075 770 2124 tenere
788 2061 993 2148 propositum
1006 2073 1208 2174 potuerunt.
1224 2079 1328 2146 quum

267 2163 295 2224 ei
312 2163 499 2258 rogationi
486 2176 610 2226 veteres
627 2160 711 2224 cives
727 2160 901 2276 praefractis
917 2160 1031 2224 animis
1046 2159 1248 2241 resisterent,
1265 2181 1330 2224 res-

266 2283 330 2348 que
354 2239 524 2349 interd‘piu
541 2242 740 2331 adfusa
720 2254 779 2331 et'
768 2254 855 2350 {ixa
878 2259 1094 2347 pervenisset,
1119 2261 1155 2323 L.
1180 2207 1267 2322 Sulla
1286 2259 1328 2323 ad

265 2383 360 2452 opem
377 2351 568 2471 reipublice}
578 2341 825 2465 ferendunum
818 2332 944 2424 Italici
959 2359 1035 2423 belli
1051 2357 1258 2422 conficiendis
1274 2381 1329 2422 re·

186 2490 190 2507 ·
265 2462 388 2549 liquiis,
402 2450 510 2527 alieno
501 2409 807 2559 teltrpbyoavuleus
818 2478 876 2527 est
887 2461 1104 2525 Vehementer
1117 2461 1204 2523 enim
1218 2461 1329 2525 accisae

266 2565 429 2627 sociorum
448 2557 543 2662 vire}
549 2552 661 2650 eiciet,
650 2562 873 2680 [ictupffllluff
895 2578 1022 2627 tantum
1043 2578 1076 2626 et
1094 2561 1236 2651 Cleptius
1251 2584 1328 2625 cum

266 2680 356 2751 parte
378 2642 590 2729 Lucarlbrbbt
605 2629 752 2764 er’bnl·
723 2685 757 2736 tn
780 2658 897 2748 a‘rmis3
916 2664 1139 2753 Samnitesque
1160 2679 1192 2727 et
1211 2662 1329 2727 Sabelli

266 2762 382 2827 Nolam
398 2780 430 2827 et
444 2764 548 2829 vicina
563 2763 654 2829 Nolae
665 2740 858 2830 retitiebant.
873 2765 978 2855 Igitur
990 2764 1077 2829 Sulla
1087 2763 1273 2853 profectus
1260 2786 1328 2845 Jam

266 2862 307 2927 ad
325 2863 522 2946 exercitum,
548 2866 604 2952 qui
625 2864 743 2929 Nolam
769 2864 952 2947 obsidebat,
977 2865 1102 2929 luerat·
1093 2864 1330 2956 ,receptisque

264 2964 468 3051 plerisque'
441 2987 525 3030 circa
540 2966 712 3054 praesidiis,
729 2966 817 3031 haud
834 2968 948 3056 procul
964 2967 1029 3032 fine
1042 2915 1117 3032 belli
1133 2967 1252 3032 aberat.

309 3064 351 3129 X.
375 3063 438 3129 Sed
460 3065 587 3131 urbano
605 3068 751 3131 tumultu
767 3068 938 3150 excitatus,
957 3068 1096 3132 accurrit
1117 3068 1274 3150 Romam,
1290 3083 1332 3132 ut

266 3164 420 3251 collegam
433 3166 609 3233 tribunitiis
623 3168 790 3233 furoribus
806 3183 1039 3259 repugnantem
1053 3167 1226 3247 adjuvaret.
1241 3170 1332 3233 Con·

266 3264 337 3327 silio
354 3280 461 3329 tamen
483 3270 600 3359 magis,
624 3292 721 3358 quam
742 3269 887 3352 viribus,
903 3270 1037 3359 grassari
1052 3269 1189 3359 placuit,
1212 3291 1254 3333 ne
1268 3292 1330 3357 pa·

266 3364 333 3427 triae
348 3365 588 3431 incumbentem
603 3386 742 3457 pestem,
756 3372 783 3433 si
796 3394 884 3434 mma
899 3370 1149 3459 corripuissent,
1164 3369 1224 3434 alia
1236 3387 1331 3458 peste

264 3462 451 3529 viderentur
472 3469 634 3556 repellere.
660 3471 763 3561 Igitur
777 3472 903 3551 justitio
924 3473 958 3534 in
978 3471 1046 3535 dies
1067 3472 1331 3560 eliquammultos

264 3562 387 3637 indicto
400 3565 463 3629 boc
474 3567 628 3655 agebant,
638 3585 677 3633 ut
690 3571 821 3635 comitia
830 3571 1012 3636 differendo
1023 3572 1101 3661 legis
1112 3571 1330 3662 impediendae

263 3662 414 3729 idoneam
430 3666 568 3755 aliquam
585 3670 788 3735 occasionem
808 3686 935 3761 tempus
951 3688 1146 3763 suggereret.
1161 3676 1203 3739 At
1218 3672 1330 3761 Sulpi·

261 3766 349 3843 cius,
361 3766 486 3844 justitio
507 3768 611 3833 valere
629 3770 738 3855 jusso,
755 3794 830 3836 suos
849 3773 883 3835 in
904 3774 1012 3837 forum
1028 3772 1161 3855 educit,
1177 3772 1328 3837 admoni-

296 3991 312 4057 s
321 3994 377 4041 v11.
388 3992 451 4041 Vell.
461 3996 496 4055 ll,
514 3998 553 4045 rs.
565 4024 600 4035 -
615 3998 707 4047 Areon.
716 3999 744 4046 in
752 3998 851 4049 Cornel-
861 4026 896 4037 -
907 4002 961 4051 Lis.
972 4004 1039 4068 Epic.
1048 4030 1082 4041 -
1091 4002 1164 4051 llbet.
1176 4002 1208 4050 ad
1217 4004 1328 4051 llerenn.

263 4078 299 4131 Il,
316 4078 356 4124 28.
370 4102 403 4113 -
416 4076 433 4142 S
447 4080 491 4127 tx.
507 4080 537 4127 U.
554 4082 583 4130 C.
600 4082 665 4141 66⁴5
681 4084 711 4130 A.
724 4083 752 4131 C.
768 4084 809 4131 88.
827 4110 862 4121 -·
880 4086 988 4149 Appiae.
1005 4087 1060 4135 civ,
1076 4086 1119 4135 lib.
1137 4088 1157 4135 l.
1173 4112 1208 4123 -
1221 4085 1327 4135 Diodor.

262 4159 305 4208 lib.
317 4160 450 4211 xxxvii.
464 4162 572 4211 -vslt
585 4164 609 4215 11
616 4197 622 4223 ,
638 4178 675 4224 17.
