<?xml version="1.0" encoding="UTF-8"?>
<!DOCTYPE html PUBLIC "-//W3C//DTD XHTML 1.0 Transitional//EN"
    "http://www.w3.org/TR/xhtml1/DTD/xhtml1-transitional.dtd">
<html xmlns="http://www.w3.org/1999/xhtml" xml:lang="en" lang="en">
 <head>
  <title>
</title>
<meta http-equiv="Content-Type" content="text/html;charset=utf-8" />
  <meta name='ocr-system' content='tesseract 3.04.00' />
  <meta name='ocr-capabilities' content='ocr_page ocr_carea ocr_par ocr_line ocrx_word'/>
</head>
<body>
  <div class='ocr_page' id='page_1' title='image "bibliothecaclas116lemagoog_0534.png"; bbox 0 0 2875 4900; ppageno 0'>
   <div class='ocr_carea' id='block_1_1' title="bbox 288 364 1350 574">
    <p class='ocr_par' dir='ltr' id='par_1_1' title="bbox 288 364 1350 574">
     <span class='ocr_line' id='line_1_1' title="bbox 288 364 1162 477; baseline -0.01 -39"><span class='ocrx_word' id='word_1_1' title='bbox 288 366 357 451; x_wconf 72' lang='lat'><strong>524</strong></span> <span class='ocrx_word' id='word_1_2' title='bbox 463 365 892 477; x_wconf 50' lang='lat' dir='ltr'><strong>Jo4rnulttsltsntlt</strong></span> <span class='ocrx_word' id='word_1_3' title='bbox 921 364 1162 433; x_wconf 84' lang='lat' dir='ltr'><strong>SUPPLEM.</strong></span> 
     </span>
     <span class='ocr_line' id='line_1_2' title="bbox 328 482 1350 574; baseline -0.001 -24"><span class='ocrx_word' id='word_1_4' title='bbox 328 487 483 551; x_wconf 85' lang='lat' dir='ltr'>XXXIII.</span> <span class='ocrx_word' id='word_1_5' title='bbox 506 485 611 550; x_wconf 90' lang='lat' dir='ltr'>Biduo</span> <span class='ocrx_word' id='word_1_6' title='bbox 629 501 705 574; x_wconf 84' lang='lat' dir='ltr'><strong>post</strong></span> <span class='ocrx_word' id='word_1_7' title='bbox 721 482 933 571; x_wconf 82' lang='lat' dir='ltr'><strong>redintegrari</strong></span> <span class='ocrx_word' id='word_1_8' title='bbox 948 482 1127 547; x_wconf 86' lang='lat' dir='ltr'><strong>Ariovistus</strong></span> <span class='ocrx_word' id='word_1_9' title='bbox 1146 484 1350 571; x_wconf 80' lang='lat' dir='ltr'><strong>colloquium</strong></span> 
     </span>
    </p>
   </div>
   <div class='ocr_carea' id='block_1_2' title="bbox 280 582 1352 4008">
    <p class='ocr_par' dir='ltr' id='par_1_2' title="bbox 283 582 1352 1681">
     <span class='ocr_line' id='line_1_3' title="bbox 286 582 1350 675; baseline -0.002 -24"><span class='ocrx_word' id='word_1_10' title='bbox 286 588 445 675; x_wconf 88' lang='lat' dir='ltr'><strong>postulat,</strong></span> <span class='ocrx_word' id='word_1_11' title='bbox 464 602 522 651; x_wconf 88' lang='lat' dir='ltr'><strong>aut</strong></span> <span class='ocrx_word' id='word_1_12' title='bbox 535 588 675 674; x_wconf 84' lang='lat' dir='ltr'><strong>aliquem</strong></span> <span class='ocrx_word' id='word_1_13' title='bbox 689 608 729 651; x_wconf 86' lang='lat' dir='ltr'><strong>ex</strong></span> <span class='ocrx_word' id='word_1_14' title='bbox 744 585 855 674; x_wconf 87' lang='lat' dir='ltr'><strong>legatis</strong></span> <span class='ocrx_word' id='word_1_15' title='bbox 871 583 1001 647; x_wconf 80' lang='lat' dir='ltr'><strong>Caesaris</strong></span> <span class='ocrx_word' id='word_1_16' title='bbox 1012 582 1054 647; x_wconf 93' lang='lat' dir='ltr'><strong>ad</strong></span> <span class='ocrx_word' id='word_1_17' title='bbox 1065 605 1099 647; x_wconf 89' lang='lat' dir='ltr'><strong>se</strong></span> <span class='ocrx_word' id='word_1_18' title='bbox 1112 584 1207 647; x_wconf 90' lang='lat' dir='ltr'><strong>mitti.</strong></span> <span class='ocrx_word' id='word_1_19' title='bbox 1223 586 1350 665; x_wconf 81' lang='lat' dir='ltr'><strong>Caesar,</strong></span> 
     </span>
     <span class='ocr_line' id='line_1_4' title="bbox 286 684 1350 775; baseline 0.001 -25"><span class='ocrx_word' id='word_1_20' title='bbox 286 709 363 750; x_wconf 86' lang='lat' dir='ltr'><strong>suos</strong></span> <span class='ocrx_word' id='word_1_21' title='bbox 387 686 525 765; x_wconf 84' lang='lat' dir='ltr'><strong>objicere</strong></span> <span class='ocrx_word' id='word_1_22' title='bbox 549 686 694 775; x_wconf 86' lang='lat' dir='ltr'><strong>periculo</strong></span> <span class='ocrx_word' id='word_1_23' title='bbox 717 686 849 765; x_wconf 87' lang='lat' dir='ltr'><strong>nolens,</strong></span> <span class='ocrx_word' id='word_1_24' title='bbox 879 686 915 749; x_wconf 91' lang='lat' dir='ltr'><strong>C.</strong></span> <span class='ocrx_word' id='word_1_25' title='bbox 929 684 1091 749; x_wconf 88' lang='lat' dir='ltr'><strong>Valerium</strong></span> <span class='ocrx_word' id='word_1_26' title='bbox 1114 686 1292 751; x_wconf 82' lang='lat' dir='ltr'>Procillum</span> <span class='ocrx_word' id='word_1_27' title='bbox 1313 710 1350 751; x_wconf 80' lang='lat' dir='ltr'><strong>ex</strong></span> 
     </span>
     <span class='ocr_line' id='line_1_5' title="bbox 285 772 1352 876; baseline 0 -25"><span class='ocrx_word' id='word_1_28' title='bbox 285 788 487 876; x_wconf 87' lang='lat' dir='ltr'><strong>principibus</strong></span> <span class='ocrx_word' id='word_1_29' title='bbox 505 772 687 867; x_wconf 86' lang='lat' dir='ltr'><strong>Gallorum,</strong></span> <span class='ocrx_word' id='word_1_30' title='bbox 706 808 836 873; x_wconf 86' lang='lat' dir='ltr'><strong>unaque</strong></span> <span class='ocrx_word' id='word_1_31' title='bbox 854 786 899 851; x_wconf 90' lang='lat' dir='ltr'><strong>M.</strong></span> <span class='ocrx_word' id='word_1_32' title='bbox 915 786 1065 857; x_wconf 75' lang='lat' dir='ltr'>Mettium</span> <span class='ocrx_word' id='word_1_33' title='bbox 1081 786 1200 868; x_wconf 88' lang='lat' dir='ltr'><strong>mittit,</strong></span> <span class='ocrx_word' id='word_1_34' title='bbox 1217 788 1277 874; x_wconf 90' lang='lat' dir='ltr'><strong>qui</strong></span> <span class='ocrx_word' id='word_1_35' title='bbox 1290 788 1352 872; x_wconf 82' lang='lat' dir='ltr'><strong>ho·</strong></span> 
     </span>
     <span class='ocr_line' id='line_1_6' title="bbox 285 888 1351 978; baseline -0.001 -25"><span class='ocrx_word' id='word_1_36' title='bbox 285 890 382 978; x_wconf 90' lang='lat' dir='ltr'><strong>spitic</strong></span> <span class='ocrx_word' id='word_1_37' title='bbox 402 889 553 954; x_wconf 81' lang='lat' dir='ltr'><strong>Ariovisti</strong></span> <span class='ocrx_word' id='word_1_38' title='bbox 567 910 646 953; x_wconf 86' lang='lat' dir='ltr'><strong>usus</strong></span> <span class='ocrx_word' id='word_1_39' title='bbox 662 888 788 953; x_wconf 75' lang='lat' dir='ltr'><strong>fluerat:</strong></span> <span class='ocrx_word' id='word_1_40' title='bbox 804 910 859 951; x_wconf 90' lang='lat' dir='ltr'><strong>eos</strong></span> <span class='ocrx_word' id='word_1_41' title='bbox 879 888 1060 951; x_wconf 87' lang='lat' dir='ltr'><strong>Germanus</strong></span> <span class='ocrx_word' id='word_1_42' title='bbox 1075 888 1279 975; x_wconf 87' lang='lat' dir='ltr'><strong>speculatum</strong></span> <span class='ocrx_word' id='word_1_43' title='bbox 1296 912 1351 952; x_wconf 83' lang='lat' dir='ltr'><strong>ve·</strong></span> 
     </span>
     <span class='ocr_line' id='line_1_7' title="bbox 284 988 1351 1075; baseline 0 -22"><span class='ocrx_word' id='word_1_44' title='bbox 284 990 356 1053; x_wconf 87' lang='lat' dir='ltr'><strong>nire</strong></span> <span class='ocrx_word' id='word_1_45' title='bbox 373 1005 539 1069; x_wconf 79' lang='lat' dir='ltr'><strong>causatus,</strong></span> <span class='ocrx_word' id='word_1_46' title='bbox 554 990 589 1054; x_wconf 91' lang='lat' dir='ltr'><strong>in</strong></span> <span class='ocrx_word' id='word_1_47' title='bbox 604 1004 732 1053; x_wconf 84' lang='lat' dir='ltr'><strong>catenas</strong></span> <span class='ocrx_word' id='word_1_48' title='bbox 749 988 904 1068; x_wconf 86' lang='lat' dir='ltr'><strong>conjecit,</strong></span> <span class='ocrx_word' id='word_1_49' title='bbox 925 989 1098 1075; x_wconf 83' lang='lat' dir='ltr'><strong>statimque</strong></span> <span class='ocrx_word' id='word_1_50' title='bbox 1115 1010 1191 1051; x_wconf 91' lang='lat' dir='ltr'><strong>cum</strong></span> <span class='ocrx_word' id='word_1_51' title='bbox 1206 991 1351 1055; x_wconf 80' lang='lat' dir='ltr'><strong>exercitu</strong></span> 
     </span>
     <span class='ocr_line' id='line_1_8' title="bbox 284 1087 1350 1179; baseline -0.001 -25"><span class='ocrx_word' id='word_1_52' title='bbox 284 1092 419 1179; x_wconf 89' lang='lat' dir='ltr'><strong>propius</strong></span> <span class='ocrx_word' id='word_1_53' title='bbox 438 1090 570 1153; x_wconf 88' lang='lat' dir='ltr'><strong>accessit</strong></span> <span class='ocrx_word' id='word_1_54' title='bbox 587 1089 629 1154; x_wconf 89' lang='lat' dir='ltr'><strong>ad</strong></span> <span class='ocrx_word' id='word_1_55' title='bbox 648 1090 824 1169; x_wconf 75' lang='lat' dir='ltr'><strong>Cesarem3</strong></span> <span class='ocrx_word' id='word_1_56' title='bbox 846 1110 922 1153; x_wconf 86' lang='lat' dir='ltr'><strong>mox</strong></span> <span class='ocrx_word' id='word_1_57' title='bbox 944 1087 1110 1176; x_wconf 85' lang='lat' dir='ltr'><strong>praeteritis</strong></span> <span class='ocrx_word' id='word_1_58' title='bbox 1129 1089 1198 1168; x_wconf 88' lang='lat' dir='ltr'><strong>ejus</strong></span> <span class='ocrx_word' id='word_1_59' title='bbox 1217 1092 1350 1171; x_wconf 87' lang='lat' dir='ltr'><strong>castris,</strong></span> 
     </span>
     <span class='ocr_line' id='line_1_9' title="bbox 285 1186 1349 1278; baseline -0.001 -22"><span class='ocrx_word' id='word_1_60' title='bbox 285 1191 327 1256; x_wconf 86' lang='lat' dir='ltr'><strong>ad</strong></span> <span class='ocrx_word' id='word_1_61' title='bbox 340 1191 408 1255; x_wconf 92' lang='lat' dir='ltr'><strong>duo</strong></span> <span class='ocrx_word' id='word_1_62' title='bbox 421 1190 520 1255; x_wconf 83' lang='lat' dir='ltr'><strong>millia</strong></span> <span class='ocrx_word' id='word_1_63' title='bbox 531 1213 685 1278; x_wconf 76' lang='lat' dir='ltr'><strong>passuum</strong></span> <span class='ocrx_word' id='word_1_64' title='bbox 699 1191 784 1255; x_wconf 90' lang='lat' dir='ltr'><strong>ultra</strong></span> <span class='ocrx_word' id='word_1_65' title='bbox 795 1186 961 1271; x_wconf 75' lang='lat' dir='ltr'>consedit,</span> <span class='ocrx_word' id='word_1_66' title='bbox 972 1210 1040 1277; x_wconf 85' lang='lat' dir='ltr'><strong>quo</strong></span> <span class='ocrx_word' id='word_1_67' title='bbox 1054 1204 1273 1254; x_wconf 88' lang='lat' dir='ltr'><strong>commeatum</strong></span> <span class='ocrx_word' id='word_1_68' title='bbox 1287 1192 1349 1255; x_wconf 90' lang='lat' dir='ltr'><strong>im·</strong></span> 
     </span>
     <span class='ocr_line' id='line_1_10' title="bbox 284 1290 1350 1379; baseline 0.002 -24"><span class='ocrx_word' id='word_1_69' title='bbox 284 1290 427 1379; x_wconf 89' lang='lat' dir='ltr'><strong>pediret,</strong></span> <span class='ocrx_word' id='word_1_70' title='bbox 442 1290 499 1377; x_wconf 89' lang='lat' dir='ltr'><strong>qui</strong></span> <span class='ocrx_word' id='word_1_71' title='bbox 516 1291 558 1356; x_wconf 83' lang='lat' dir='ltr'><strong>ab</strong></span> <span class='ocrx_word' id='word_1_72' title='bbox 578 1290 696 1356; x_wconf 83' lang='lat' dir='ltr'><strong>AEduis</strong></span> <span class='ocrx_word' id='word_1_73' title='bbox 715 1290 937 1378; x_wconf 73' lang='lat' dir='ltr'><strong>Sequanisque</strong></span> <span class='ocrx_word' id='word_1_74' title='bbox 957 1290 1218 1377; x_wconf 72' lang='lat' dir='ltr'><strong>supponebatur.</strong></span> <span class='ocrx_word' id='word_1_75' title='bbox 1241 1294 1292 1357; x_wconf 86' lang='lat' dir='ltr'><strong>Ex</strong></span> <span class='ocrx_word' id='word_1_76' title='bbox 1312 1314 1350 1357; x_wconf 89' lang='lat' dir='ltr'><strong>eo</strong></span> 
     </span>
     <span class='ocr_line' id='line_1_11' title="bbox 284 1390 1348 1482; baseline 0.003 -27"><span class='ocrx_word' id='word_1_77' title='bbox 284 1392 337 1455; x_wconf 90' lang='lat' dir='ltr'><strong>die</strong></span> <span class='ocrx_word' id='word_1_78' title='bbox 352 1390 421 1455; x_wconf 88' lang='lat' dir='ltr'><strong>dies</strong></span> <span class='ocrx_word' id='word_1_79' title='bbox 434 1393 608 1457; x_wconf 91' lang='lat' dir='ltr'><strong>continuos</strong></span> <span class='ocrx_word' id='word_1_80' title='bbox 623 1392 770 1480; x_wconf 88' lang='lat' dir='ltr'><strong>quinque</strong></span> <span class='ocrx_word' id='word_1_81' title='bbox 785 1394 906 1472; x_wconf 77' lang='lat' dir='ltr'><strong>Cesar,</strong></span> <span class='ocrx_word' id='word_1_82' title='bbox 923 1390 1048 1457; x_wconf 83' lang='lat' dir='ltr'><strong>eductis</strong></span> <span class='ocrx_word' id='word_1_83' title='bbox 1062 1392 1096 1455; x_wconf 92' lang='lat' dir='ltr'><strong>in</strong></span> <span class='ocrx_word' id='word_1_84' title='bbox 1108 1392 1211 1455; x_wconf 82' lang='lat' dir='ltr'><strong>aciem</strong></span> <span class='ocrx_word' id='word_1_85' title='bbox 1226 1394 1348 1482; x_wconf 86' lang='lat' dir='ltr'><strong>copiis,</strong></span> 
     </span>
     <span class='ocr_line' id='line_1_12' title="bbox 283 1492 1350 1583; baseline 0 -26"><span class='ocrx_word' id='word_1_86' title='bbox 283 1507 474 1582; x_wconf 88' lang='lat' dir='ltr'><strong>potestatem</strong></span> <span class='ocrx_word' id='word_1_87' title='bbox 490 1493 657 1583; x_wconf 85' lang='lat' dir='ltr'><strong>pugnandi</strong></span> <span class='ocrx_word' id='word_1_88' title='bbox 676 1493 763 1557; x_wconf 86' lang='lat' dir='ltr'><strong>fecit.</strong></span> <span class='ocrx_word' id='word_1_89' title='bbox 785 1493 964 1557; x_wconf 79' lang='lat' dir='ltr'><strong>Ariovistus</strong></span> <span class='ocrx_word' id='word_1_90' title='bbox 985 1492 1126 1578; x_wconf 82' lang='lat' dir='ltr'><strong>equestri</strong></span> <span class='ocrx_word' id='word_1_91' title='bbox 1144 1492 1257 1579; x_wconf 77' lang='lat' dir='ltr'><strong>praelio</strong></span> <span class='ocrx_word' id='word_1_92' title='bbox 1276 1516 1350 1557; x_wconf 89' lang='lat' dir='ltr'><strong>oon·</strong></span> 
     </span>
     <span class='ocr_line' id='line_1_13' title="bbox 284 1591 1249 1681; baseline 0 -24"><span class='ocrx_word' id='word_1_93' title='bbox 284 1609 394 1657; x_wconf 88' lang='lat' dir='ltr'><strong>tcntus</strong></span> <span class='ocrx_word' id='word_1_94' title='bbox 410 1616 623 1676; x_wconf 89' lang='lat' dir='ltr'><strong>concurrere,</strong></span> <span class='ocrx_word' id='word_1_95' title='bbox 638 1593 817 1681; x_wconf 87' lang='lat' dir='ltr'><strong>peditatum</strong></span> <span class='ocrx_word' id='word_1_96' title='bbox 834 1592 916 1656; x_wconf 89' lang='lat' dir='ltr'><strong>intra</strong></span> <span class='ocrx_word' id='word_1_97' title='bbox 936 1608 1038 1657; x_wconf 87' lang='lat' dir='ltr'><strong>castra</strong></span> <span class='ocrx_word' id='word_1_98' title='bbox 1051 1591 1249 1657; x_wconf 88' lang='lat' dir='ltr'><strong>continebat.</strong></span> 
     </span>
    </p>

    <p class='ocr_par' dir='ltr' id='par_1_3' title="bbox 282 1692 1349 2883">
     <span class='ocr_line' id='line_1_14' title="bbox 327 1692 1347 1784; baseline 0.001 -26"><span class='ocrx_word' id='word_1_99' title='bbox 327 1695 480 1759; x_wconf 81' lang='lat' dir='ltr'>XXXIV.</span> <span class='ocrx_word' id='word_1_100' title='bbox 491 1697 540 1759; x_wconf 89' lang='lat' dir='ltr'><strong>Eo</strong></span> <span class='ocrx_word' id='word_1_101' title='bbox 551 1716 669 1784; x_wconf 81' lang='lat' dir='ltr'><strong>genere</strong></span> <span class='ocrx_word' id='word_1_102' title='bbox 679 1717 797 1783; x_wconf 85' lang='lat' dir='ltr'><strong>pugnae</strong></span> <span class='ocrx_word' id='word_1_103' title='bbox 807 1692 950 1781; x_wconf 71' lang='lat' dir='ltr'><strong>potior-‚es</strong></span> <span class='ocrx_word' id='word_1_104' title='bbox 959 1708 1050 1757; x_wconf 86' lang='lat' dir='ltr'><strong>erant</strong></span> <span class='ocrx_word' id='word_1_105' title='bbox 1061 1692 1230 1775; x_wconf 81' lang='lat' dir='ltr'><strong>Germani,</strong></span> <span class='ocrx_word' id='word_1_106' title='bbox 1244 1716 1347 1783; x_wconf 84' lang='lat' dir='ltr'><strong>quum</strong></span> 
     </span>
     <span class='ocr_line' id='line_1_15' title="bbox 283 1792 1349 1881; baseline 0.003 -24"><span class='ocrx_word' id='word_1_107' title='bbox 283 1792 328 1864; x_wconf 76' lang='lat' dir='ltr'><strong>ud¹</strong></span> <span class='ocrx_word' id='word_1_108' title='bbox 344 1816 400 1859; x_wconf 80' lang='lat' dir='ltr'><strong>sex</strong></span> <span class='ocrx_word' id='word_1_109' title='bbox 417 1794 513 1858; x_wconf 92' lang='lat' dir='ltr'><strong>millia</strong></span> <span class='ocrx_word' id='word_1_110' title='bbox 529 1796 687 1859; x_wconf 87' lang='lat' dir='ltr'><strong>baberent</strong></span> <span class='ocrx_word' id='word_1_111' title='bbox 704 1795 873 1881; x_wconf 90' lang='lat' dir='ltr'><strong>equitum,</strong></span> <span class='ocrx_word' id='word_1_112' title='bbox 895 1816 978 1880; x_wconf 92' lang='lat' dir='ltr'><strong>quos</strong></span> <span class='ocrx_word' id='word_1_113' title='bbox 996 1794 1071 1858; x_wconf 90' lang='lat' dir='ltr'><strong>lecti</strong></span> <span class='ocrx_word' id='word_1_114' title='bbox 1090 1795 1139 1857; x_wconf 81' lang='lat' dir='ltr'><strong>vir</strong></span> <span class='ocrx_word' id='word_1_115' title='bbox 1154 1818 1174 1859; x_wconf 84' lang='lat' dir='ltr'><strong>a</strong></span> <span class='ocrx_word' id='word_1_116' title='bbox 1185 1795 1258 1859; x_wconf 86' lang='lat' dir='ltr'><strong>viro</strong></span> <span class='ocrx_word' id='word_1_117' title='bbox 1274 1796 1349 1862; x_wconf 86' lang='lat' dir='ltr'><strong>toti·</strong></span> 
     </span>
     <span class='ocr_line' id='line_1_16' title="bbox 284 1894 1348 1983; baseline 0.002 -24"><span class='ocrx_word' id='word_1_118' title='bbox 284 1894 359 1959; x_wconf 91' lang='lat' dir='ltr'><strong>dem</strong></span> <span class='ocrx_word' id='word_1_119' title='bbox 371 1896 452 1960; x_wconf 90' lang='lat' dir='ltr'><strong>mira</strong></span> <span class='ocrx_word' id='word_1_120' title='bbox 466 1896 633 1961; x_wconf 82' lang='lat' dir='ltr'><strong>velocitate</strong></span> <span class='ocrx_word' id='word_1_121' title='bbox 650 1894 775 1983; x_wconf 81' lang='lat' dir='ltr'><strong>pedites</strong></span> <span class='ocrx_word' id='word_1_122' title='bbox 792 1895 1045 1978; x_wconf 86' lang='lat' dir='ltr'><strong>comitabantur,</strong></span> <span class='ocrx_word' id='word_1_123' title='bbox 1058 1894 1106 1959; x_wconf 90' lang='lat' dir='ltr'><strong>sic</strong></span> <span class='ocrx_word' id='word_1_124' title='bbox 1122 1896 1255 1961; x_wconf 83' lang='lat' dir='ltr'><strong>exerciti</strong></span> <span class='ocrx_word' id='word_1_125' title='bbox 1266 1944 1276 1977; x_wconf 91' lang='lat'><strong>,</strong></span> <span class='ocrx_word' id='word_1_126' title='bbox 1286 1913 1348 1978; x_wconf 91' lang='lat' dir='ltr'><strong>.ut,</strong></span> 
     </span>
     <span class='ocr_line' id='line_1_17' title="bbox 284 1994 1348 2085; baseline 0.003 -27"><span class='ocrx_word' id='word_1_127' title='bbox 284 1994 411 2082; x_wconf 89' lang='lat' dir='ltr'><strong>quoties</strong></span> <span class='ocrx_word' id='word_1_128' title='bbox 432 2012 516 2059; x_wconf 86' lang='lat' dir='ltr'><strong>esset</strong></span> <span class='ocrx_word' id='word_1_129' title='bbox 530 1995 790 2085; x_wconf 86' lang='lat' dir='ltr'><strong>properandum,</strong></span> <span class='ocrx_word' id='word_1_130' title='bbox 809 1996 896 2075; x_wconf 92' lang='lat' dir='ltr'><strong>jubis</strong></span> <span class='ocrx_word' id='word_1_131' title='bbox 916 2018 1075 2085; x_wconf 88' lang='lat' dir='ltr'><strong>equorum</strong></span> <span class='ocrx_word' id='word_1_132' title='bbox 1097 1996 1256 2060; x_wconf 82' lang='lat' dir='ltr'><strong>sublevati</strong></span> <span class='ocrx_word' id='word_1_133' title='bbox 1275 2020 1348 2061; x_wconf 90' lang='lat' dir='ltr'><strong>cur-</strong></span> 
     </span>
     <span class='ocr_line' id='line_1_18' title="bbox 284 2090 1347 2187; baseline 0.002 -28"><span class='ocrx_word' id='word_1_134' title='bbox 284 2118 358 2159; x_wconf 89' lang='lat' dir='ltr'><strong>sum</strong></span> <span class='ocrx_word' id='word_1_135' title='bbox 368 2095 588 2183; x_wconf 72' lang='lat' dir='ltr'><strong>adaquarent3</strong></span> <span class='ocrx_word' id='word_1_136' title='bbox 602 2096 644 2161; x_wconf 92' lang='lat' dir='ltr'><strong>de</strong></span> <span class='ocrx_word' id='word_1_137' title='bbox 657 2113 773 2161; x_wconf 82' lang='lat' dir='ltr'><strong>caetero</strong></span> <span class='ocrx_word' id='word_1_138' title='bbox 785 2096 1006 2187; x_wconf 79' lang='lat' dir='ltr'><strong>pugnantibus</strong></span> <span class='ocrx_word' id='word_1_139' title='bbox 1020 2090 1183 2182; x_wconf 81' lang='lat' dir='ltr'><strong>equitibus</strong></span> <span class='ocrx_word' id='word_1_140' title='bbox 1199 2118 1261 2183; x_wconf 92' lang='lat' dir='ltr'><strong>pro</strong></span> <span class='ocrx_word' id='word_1_141' title='bbox 1276 2121 1347 2161; x_wconf 91' lang='lat' dir='ltr'><strong>mu·</strong></span> 
     </span>
     <span class='ocr_line' id='line_1_19' title="bbox 284 2182 1345 2286; baseline 0.002 -25"><span class='ocrx_word' id='word_1_142' title='bbox 284 2197 430 2261; x_wconf 81' lang='lat' dir='ltr'><strong>cimento</strong></span> <span class='ocrx_word' id='word_1_143' title='bbox 443 2212 569 2279; x_wconf 87' lang='lat' dir='ltr'><strong>essent,</strong></span> <span class='ocrx_word' id='word_1_144' title='bbox 583 2196 625 2261; x_wconf 93' lang='lat' dir='ltr'><strong>ad</strong></span> <span class='ocrx_word' id='word_1_145' title='bbox 640 2182 732 2285; x_wconf 87' lang='lat' dir='ltr'><strong>quod</strong></span> <span class='ocrx_word' id='word_1_146' title='bbox 750 2220 784 2261; x_wconf 88' lang='lat' dir='ltr'><strong>se</strong></span> <span class='ocrx_word' id='word_1_147' title='bbox 803 2198 1001 2286; x_wconf 87' lang='lat' dir='ltr'><strong>reciperent,</strong></span> <span class='ocrx_word' id='word_1_148' title='bbox 1020 2212 1078 2261; x_wconf 90' lang='lat' dir='ltr'><strong>aut</strong></span> <span class='ocrx_word' id='word_1_149' title='bbox 1092 2196 1154 2284; x_wconf 92' lang='lat' dir='ltr'><strong>ipsi</strong></span> <span class='ocrx_word' id='word_1_150' title='bbox 1166 2196 1255 2261; x_wconf 92' lang='lat' dir='ltr'><strong>ultro</strong></span> <span class='ocrx_word' id='word_1_151' title='bbox 1269 2198 1345 2263; x_wconf 90' lang='lat' dir='ltr'><strong>sub·</strong></span> 
     </span>
     <span class='ocr_line' id='line_1_20' title="bbox 283 2297 1347 2387; baseline 0 -26"><span class='ocrx_word' id='word_1_152' title='bbox 283 2298 430 2361; x_wconf 81' lang='lat' dir='ltr'><strong>venirent</strong></span> <span class='ocrx_word' id='word_1_153' title='bbox 444 2299 675 2365; x_wconf 86' lang='lat' dir='ltr'><strong>laborantibus.</strong></span> <span class='ocrx_word' id='word_1_154' title='bbox 695 2299 802 2387; x_wconf 89' lang='lat' dir='ltr'><strong>Igitur</strong></span> <span class='ocrx_word' id='word_1_155' title='bbox 820 2298 938 2379; x_wconf 83' lang='lat' dir='ltr'><strong>Caesar,</strong></span> <span class='ocrx_word' id='word_1_156' title='bbox 960 2321 1002 2363; x_wconf 91' lang='lat' dir='ltr'><strong>ne</strong></span> <span class='ocrx_word' id='word_1_157' title='bbox 1023 2297 1144 2363; x_wconf 90' lang='lat' dir='ltr'><strong>diutius</strong></span> <span class='ocrx_word' id='word_1_158' title='bbox 1162 2316 1347 2363; x_wconf 90' lang='lat' dir='ltr'><strong>commeatu</strong></span> 
     </span>
     <span class='ocr_line' id='line_1_21' title="bbox 283 2398 1346 2490; baseline 0.002 -28"><span class='ocrx_word' id='word_1_159' title='bbox 283 2398 576 2486; x_wconf 84' lang='lat' dir='ltr'><strong>intercluderetur,</strong></span> <span class='ocrx_word' id='word_1_160' title='bbox 602 2402 729 2466; x_wconf 89' lang='lat' dir='ltr'><strong>circiter</strong></span> <span class='ocrx_word' id='word_1_161' title='bbox 749 2422 862 2489; x_wconf 85' lang='lat' dir='ltr'><strong>passus</strong></span> <span class='ocrx_word' id='word_1_162' title='bbox 883 2414 1050 2466; x_wconf 81' lang='lat' dir='ltr'><strong>sexcentos</strong></span> <span class='ocrx_word' id='word_1_163' title='bbox 1076 2398 1225 2490; x_wconf 85' lang='lat' dir='ltr'><strong>lougius,</strong></span> <span class='ocrx_word' id='word_1_164' title='bbox 1250 2424 1346 2488; x_wconf 89' lang='lat' dir='ltr'><strong>quam</strong></span> 
     </span>
     <span class='ocr_line' id='line_1_22' title="bbox 285 2500 1345 2590; baseline 0.001 -26"><span class='ocrx_word' id='word_1_165' title='bbox 285 2500 522 2568; x_wconf 89' lang='lat' dir='ltr'><strong>Germanorum</strong></span> <span class='ocrx_word' id='word_1_166' title='bbox 535 2504 646 2567; x_wconf 82' lang='lat' dir='ltr'><strong>stativa</strong></span> <span class='ocrx_word' id='word_1_167' title='bbox 662 2519 771 2583; x_wconf 90' lang='lat' dir='ltr'><strong>erant,</strong></span> <span class='ocrx_word' id='word_1_168' title='bbox 786 2503 895 2566; x_wconf 88' lang='lat' dir='ltr'><strong>castris</strong></span> <span class='ocrx_word' id='word_1_169' title='bbox 910 2501 1028 2589; x_wconf 91' lang='lat' dir='ltr'><strong>delegit</strong></span> <span class='ocrx_word' id='word_1_170' title='bbox 1042 2502 1166 2582; x_wconf 88' lang='lat' dir='ltr'><strong>locum,</strong></span> <span class='ocrx_word' id='word_1_171' title='bbox 1186 2524 1345 2590; x_wconf 86' lang='lat' dir='ltr'><strong>eumque,</strong></span> 
     </span>
     <span class='ocr_line' id='line_1_23' title="bbox 282 2600 1345 2688; baseline 0 -24"><span class='ocrx_word' id='word_1_172' title='bbox 282 2600 404 2668; x_wconf 77' lang='lat' dir='ltr'><strong>frustra</strong></span> <span class='ocrx_word' id='word_1_173' title='bbox 423 2603 672 2688; x_wconf 86' lang='lat' dir='ltr'><strong>prohibentibus</strong></span> <span class='ocrx_word' id='word_1_174' title='bbox 693 2604 881 2684; x_wconf 90' lang='lat' dir='ltr'><strong>Germanis,</strong></span> <span class='ocrx_word' id='word_1_175' title='bbox 900 2601 1128 2681; x_wconf 81' lang='lat' dir='ltr'><strong>communivit3</strong></span> <span class='ocrx_word' id='word_1_176' title='bbox 1145 2623 1183 2666; x_wconf 91' lang='lat' dir='ltr'><strong>ac</strong></span> <span class='ocrx_word' id='word_1_177' title='bbox 1200 2601 1283 2666; x_wconf 88' lang='lat' dir='ltr'><strong>duas</strong></span> <span class='ocrx_word' id='word_1_178' title='bbox 1303 2603 1345 2666; x_wconf 92' lang='lat' dir='ltr'><strong>ibi</strong></span> 
     </span>
     <span class='ocr_line' id='line_1_24' title="bbox 282 2700 1344 2792; baseline 0.004 -28"><span class='ocrx_word' id='word_1_179' title='bbox 282 2700 425 2790; x_wconf 86' lang='lat' dir='ltr'><strong>legiones</strong></span> <span class='ocrx_word' id='word_1_180' title='bbox 438 2724 513 2766; x_wconf 88' lang='lat' dir='ltr'><strong>curn</strong></span> <span class='ocrx_word' id='word_1_181' title='bbox 528 2719 619 2790; x_wconf 87' lang='lat' dir='ltr'><strong>parte</strong></span> <span class='ocrx_word' id='word_1_182' title='bbox 631 2704 824 2768; x_wconf 83' lang='lat' dir='ltr'><strong>auxiliorum</strong></span> <span class='ocrx_word' id='word_1_183' title='bbox 838 2703 985 2792; x_wconf 86' lang='lat' dir='ltr'><strong>reliquit,</strong></span> <span class='ocrx_word' id='word_1_184' title='bbox 1005 2718 1144 2789; x_wconf 90' lang='lat' dir='ltr'><strong>quatuor</strong></span> <span class='ocrx_word' id='word_1_185' title='bbox 1158 2703 1302 2790; x_wconf 88' lang='lat' dir='ltr'><strong>reliquas</strong></span> <span class='ocrx_word' id='word_1_186' title='bbox 1313 2705 1344 2768; x_wconf 90' lang='lat' dir='ltr'><strong>in</strong></span> 
     </span>
     <span class='ocr_line' id='line_1_25' title="bbox 283 2802 674 2883; baseline 0.005 -17"><span class='ocrx_word' id='word_1_187' title='bbox 283 2817 386 2866; x_wconf 90' lang='lat' dir='ltr'><strong>castra</strong></span> <span class='ocrx_word' id='word_1_188' title='bbox 401 2802 520 2883; x_wconf 83' lang='lat' dir='ltr'><strong>majora</strong></span> <span class='ocrx_word' id='word_1_189' title='bbox 534 2802 674 2868; x_wconf 80' lang='lat' dir='ltr'><strong>reduxit.</strong></span> 
     </span>
    </p>

    <p class='ocr_par' dir='ltr' id='par_1_4' title="bbox 280 2901 1345 4008">
     <span class='ocr_line' id='line_1_26' title="bbox 327 2901 1343 2992; baseline -0.003 -24"><span class='ocrx_word' id='word_1_190' title='bbox 327 2905 463 2969; x_wconf 87' lang='lat' dir='ltr'>XXXV.</span> <span class='ocrx_word' id='word_1_191' title='bbox 477 2904 674 2986; x_wconf 84' lang='lat' dir='ltr'><strong>Ariovistus,</strong></span> <span class='ocrx_word' id='word_1_192' title='bbox 687 2927 790 2992; x_wconf 91' lang='lat' dir='ltr'><strong>quum</strong></span> <span class='ocrx_word' id='word_1_193' title='bbox 810 2927 850 2968; x_wconf 84' lang='lat' dir='ltr'><strong>ex</strong></span> <span class='ocrx_word' id='word_1_194' title='bbox 870 2925 960 2968; x_wconf 89' lang='lat' dir='ltr'><strong>more</strong></span> <span class='ocrx_word' id='word_1_195' title='bbox 979 2903 1109 2968; x_wconf 80' lang='lat' dir='ltr'><strong>Caesaris</strong></span> <span class='ocrx_word' id='word_1_196' title='bbox 1128 2901 1297 2990; x_wconf 80' lang='lat' dir='ltr'><strong>productae</strong></span> <span class='ocrx_word' id='word_1_197' title='bbox 1311 2904 1343 2966; x_wconf 90' lang='lat' dir='ltr'><strong>in</strong></span> 
     </span>
     <span class='ocr_line' id='line_1_27' title="bbox 282 3003 1343 3092; baseline 0 -24"><span class='ocrx_word' id='word_1_198' title='bbox 282 3005 383 3069; x_wconf 88' lang='lat' dir='ltr'><strong>aciem</strong></span> <span class='ocrx_word' id='word_1_199' title='bbox 396 3004 497 3092; x_wconf 82' lang='lat' dir='ltr'><strong>copiae</strong></span> <span class='ocrx_word' id='word_1_200' title='bbox 507 3005 633 3070; x_wconf 82' lang='lat' dir='ltr'><strong>circiter</strong></span> <span class='ocrx_word' id='word_1_201' title='bbox 643 3004 811 3070; x_wconf 88' lang='lat' dir='ltr'><strong>meridiem</strong></span> <span class='ocrx_word' id='word_1_202' title='bbox 823 3005 857 3068; x_wconf 94' lang='lat' dir='ltr'><strong>in</strong></span> <span class='ocrx_word' id='word_1_203' title='bbox 870 3020 971 3070; x_wconf 87' lang='lat' dir='ltr'><strong>castra</strong></span> <span class='ocrx_word' id='word_1_204' title='bbox 984 3003 1206 3084; x_wconf 86' lang='lat' dir='ltr'><strong>revertissent,</strong></span> <span class='ocrx_word' id='word_1_205' title='bbox 1222 3019 1343 3091; x_wconf 86' lang='lat' dir='ltr'><strong>partem</strong></span> 
     </span>
     <span class='ocr_line' id='line_1_28' title="bbox 282 3104 1344 3196; baseline -0.002 -26"><span class='ocrx_word' id='word_1_206' title='bbox 282 3129 417 3170; x_wconf 89' lang='lat' dir='ltr'><strong>suorum</strong></span> <span class='ocrx_word' id='word_1_207' title='bbox 440 3107 567 3170; x_wconf 89' lang='lat' dir='ltr'><strong>minora</strong></span> <span class='ocrx_word' id='word_1_208' title='bbox 588 3122 689 3170; x_wconf 85' lang='lat' dir='ltr'><strong>castra</strong></span> <span class='ocrx_word' id='word_1_209' title='bbox 709 3121 935 3196; x_wconf 88' lang='lat' dir='ltr'><strong>oppugnatum</strong></span> <span class='ocrx_word' id='word_1_210' title='bbox 958 3105 1063 3170; x_wconf 84' lang='lat' dir='ltr'><strong>misit:</strong></span> <span class='ocrx_word' id='word_1_211' title='bbox 1082 3104 1223 3170; x_wconf 87' lang='lat' dir='ltr'><strong>multum</strong></span> <span class='ocrx_word' id='word_1_212' title='bbox 1241 3105 1344 3168; x_wconf 84' lang='lat' dir='ltr'><strong>utrin-</strong></span> 
     </span>
     <span class='ocr_line' id='line_1_29' title="bbox 282 3205 1344 3296; baseline -0.003 -25"><span class='ocrx_word' id='word_1_213' title='bbox 282 3229 347 3294; x_wconf 87' lang='lat' dir='ltr'><strong>qne</strong></span> <span class='ocrx_word' id='word_1_214' title='bbox 367 3208 532 3296; x_wconf 87' lang='lat' dir='ltr'><strong>sanguinis</strong></span> <span class='ocrx_word' id='word_1_215' title='bbox 555 3207 674 3272; x_wconf 80' lang='lat' dir='ltr'><strong>fusum</strong></span> <span class='ocrx_word' id='word_1_216' title='bbox 700 3207 875 3283; x_wconf 82' lang='lat' dir='ltr'><strong>Germani,</strong></span> <span class='ocrx_word' id='word_1_217' title='bbox 902 3229 937 3270; x_wconf 87' lang='lat' dir='ltr'><strong>re</strong></span> <span class='ocrx_word' id='word_1_218' title='bbox 958 3205 1091 3287; x_wconf 85' lang='lat' dir='ltr'><strong>infecta,</strong></span> <span class='ocrx_word' id='word_1_219' title='bbox 1115 3205 1176 3270; x_wconf 89' lang='lat' dir='ltr'><strong>sub</strong></span> <span class='ocrx_word' id='word_1_220' title='bbox 1194 3227 1344 3270; x_wconf 87' lang='lat' dir='ltr'><strong>occasum</strong></span> 
     </span>
     <span class='ocr_line' id='line_1_30' title="bbox 281 3306 1345 3396; baseline 0.001 -27"><span class='ocrx_word' id='word_1_221' title='bbox 281 3307 357 3370; x_wconf 90' lang='lat' dir='ltr'><strong>solis</strong></span> <span class='ocrx_word' id='word_1_222' title='bbox 372 3323 582 3371; x_wconf 85' lang='lat' dir='ltr'><strong>recesserunt.</strong></span> <span class='ocrx_word' id='word_1_223' title='bbox 599 3309 719 3388; x_wconf 78' lang='lat' dir='ltr'><strong>Casas,</strong></span> <span class='ocrx_word' id='word_1_224' title='bbox 738 3307 871 3396; x_wconf 71' lang='lat' dir='ltr'><strong>quaesita</strong></span> <span class='ocrx_word' id='word_1_225' title='bbox 887 3330 927 3370; x_wconf 84' lang='lat' dir='ltr'><strong>ex</strong></span> <span class='ocrx_word' id='word_1_226' title='bbox 940 3306 1071 3394; x_wconf 84' lang='lat' dir='ltr'><strong>captivis</strong></span> <span class='ocrx_word' id='word_1_227' title='bbox 1083 3329 1197 3388; x_wconf 80' lang='lat' dir='ltr'><strong>causa,</strong></span> <span class='ocrx_word' id='word_1_228' title='bbox 1210 3323 1345 3395; x_wconf 87' lang='lat' dir='ltr'><strong>propter</strong></span> 
     </span>
     <span class='ocr_line' id='line_1_31' title="bbox 281 3406 1344 3496; baseline 0.002 -26"><span class='ocrx_word' id='word_1_229' title='bbox 281 3427 379 3490; x_wconf 75' lang='lat' dir='ltr'><strong>qtrum</strong></span> <span class='ocrx_word' id='word_1_230' title='bbox 395 3406 437 3470; x_wconf 90' lang='lat' dir='ltr'><strong>de</strong></span> <span class='ocrx_word' id='word_1_231' title='bbox 452 3430 579 3471; x_wconf 89' lang='lat' dir='ltr'><strong>summa</strong></span> <span class='ocrx_word' id='word_1_232' title='bbox 594 3430 703 3472; x_wconf 88' lang='lat' dir='ltr'><strong>rerum</strong></span> <span class='ocrx_word' id='word_1_233' title='bbox 719 3410 898 3473; x_wconf 80' lang='lat' dir='ltr'><strong>Ariovistus</strong></span> <span class='ocrx_word' id='word_1_234' title='bbox 914 3406 1088 3473; x_wconf 87' lang='lat' dir='ltr'><strong>decernere</strong></span> <span class='ocrx_word' id='word_1_235' title='bbox 1103 3407 1253 3496; x_wconf 79' lang='lat' dir='ltr'><strong>fugeret?</strong></span> <span class='ocrx_word' id='word_1_236' title='bbox 1275 3429 1344 3472; x_wconf 89' lang='lat' dir='ltr'><strong>eam</strong></span> 
     </span>
     <span class='ocr_line' id='line_1_32' title="bbox 283 3506 1344 3598; baseline 0.006 -28"><span class='ocrx_word' id='word_1_237' title='bbox 283 3527 352 3570; x_wconf 86' lang='lat' dir='ltr'><strong>esse</strong></span> <span class='ocrx_word' id='word_1_238' title='bbox 379 3509 554 3589; x_wconf 85' lang='lat' dir='ltr'><strong>intellexit,</strong></span> <span class='ocrx_word' id='word_1_239' title='bbox 580 3508 670 3596; x_wconf 91' lang='lat' dir='ltr'><strong>quod</strong></span> <span class='ocrx_word' id='word_1_240' title='bbox 689 3506 963 3592; x_wconf 85' lang='lat' dir='ltr'><strong>matresfamilias,</strong></span> <span class='ocrx_word' id='word_1_241' title='bbox 981 3529 1120 3598; x_wconf 88' lang='lat' dir='ltr'><strong>quarum</strong></span> <span class='ocrx_word' id='word_1_242' title='bbox 1136 3509 1344 3598; x_wconf 72' lang='lat' dir='ltr'><strong>praedictione</strong></span> 
     </span>
     <span class='ocr_line' id='line_1_33' title="bbox 281 3608 1344 3702; baseline 0.005 -31"><span class='ocrx_word' id='word_1_243' title='bbox 281 3608 423 3673; x_wconf 89' lang='lat' dir='ltr'><strong>multum</strong></span> <span class='ocrx_word' id='word_1_244' title='bbox 439 3609 591 3674; x_wconf 88' lang='lat' dir='ltr'><strong>Germani</strong></span> <span class='ocrx_word' id='word_1_245' title='bbox 612 3612 808 3694; x_wconf 87' lang='lat' dir='ltr'><strong>utebantur,</strong></span> <span class='ocrx_word' id='word_1_246' title='bbox 825 3628 980 3702; x_wconf 89' lang='lat' dir='ltr'><strong>negarent</strong></span> <span class='ocrx_word' id='word_1_247' title='bbox 1002 3613 1050 3678; x_wconf 84' lang='lat' dir='ltr'><strong>fas</strong></span> <span class='ocrx_word' id='word_1_248' title='bbox 1068 3635 1137 3676; x_wconf 86' lang='lat' dir='ltr'><strong>esse</strong></span> <span class='ocrx_word' id='word_1_249' title='bbox 1154 3612 1299 3695; x_wconf 84' lang='lat' dir='ltr'><strong>vincere,</strong></span> <span class='ocrx_word' id='word_1_250' title='bbox 1316 3616 1344 3677; x_wconf 92' lang='lat' dir='ltr'><strong>si</strong></span> 
     </span>
     <span class='ocr_line' id='line_1_34' title="bbox 281 3711 1343 3801; baseline 0.005 -27"><span class='ocrx_word' id='word_1_251' title='bbox 281 3731 399 3775; x_wconf 84' lang='lat' dir='ltr'><strong>novam</strong></span> <span class='ocrx_word' id='word_1_252' title='bbox 412 3727 488 3774; x_wconf 85' lang='lat' dir='ltr'><strong>ante</strong></span> <span class='ocrx_word' id='word_1_253' title='bbox 505 3712 614 3774; x_wconf 86' lang='lat' dir='ltr'><strong>lunam</strong></span> <span class='ocrx_word' id='word_1_254' title='bbox 634 3713 702 3776; x_wconf 87' lang='lat' dir='ltr'><strong>acic</strong></span> <span class='ocrx_word' id='word_1_255' title='bbox 717 3712 1041 3780; x_wconf 62' lang='lat' dir='ltr'><strong>decoramentum</strong></span> <span class='ocrx_word' id='word_1_256' title='bbox 1056 3714 1107 3778; x_wconf 86' lang='lat' dir='ltr'><strong>his</strong></span> <span class='ocrx_word' id='word_1_257' title='bbox 1123 3737 1160 3778; x_wconf 90' lang='lat' dir='ltr'><strong>ea</strong></span> <span class='ocrx_word' id='word_1_258' title='bbox 1177 3711 1343 3801; x_wconf 87' lang='lat' dir='ltr'><strong>disciplina</strong></span> 
     </span>
     <span class='ocr_line' id='line_1_35' title="bbox 280 3811 1342 3903; baseline 0.005 -26"><span class='ocrx_word' id='word_1_259' title='bbox 280 3811 465 3893; x_wconf 81' lang='lat' dir='ltr'><strong>divinandi,</strong></span> <span class='ocrx_word' id='word_1_260' title='bbox 483 3828 520 3875; x_wconf 89' lang='lat' dir='ltr'><strong>ut</strong></span> <span class='ocrx_word' id='word_1_261' title='bbox 535 3835 574 3875; x_wconf 87' lang='lat' dir='ltr'><strong>ex</strong></span> <span class='ocrx_word' id='word_1_262' title='bbox 592 3811 766 3878; x_wconf 84' lang='lat' dir='ltr'><strong>fluviorum</strong></span> <span class='ocrx_word' id='word_1_263' title='bbox 779 3817 975 3897; x_wconf 87' lang='lat' dir='ltr'><strong>vorticibus,</strong></span> <span class='ocrx_word' id='word_1_264' title='bbox 993 3814 1219 3903; x_wconf 90' lang='lat' dir='ltr'><strong>undarumque</strong></span> <span class='ocrx_word' id='word_1_265' title='bbox 1233 3818 1342 3882; x_wconf 90' lang='lat' dir='ltr'><strong>sonitu</strong></span> 
     </span>
     <span class='ocr_line' id='line_1_36' title="bbox 281 3915 1343 4008; baseline 0.004 -30"><span class='ocrx_word' id='word_1_266' title='bbox 281 3915 389 3978; x_wconf 86' lang='lat' dir='ltr'><strong>futura</strong></span> <span class='ocrx_word' id='word_1_267' title='bbox 413 3935 448 3976; x_wconf 90' lang='lat' dir='ltr'><strong>se</strong></span> <span class='ocrx_word' id='word_1_268' title='bbox 468 3915 650 4002; x_wconf 89' lang='lat' dir='ltr'><strong>prospicere</strong></span> <span class='ocrx_word' id='word_1_269' title='bbox 673 3917 915 3982; x_wconf 85' lang='lat' dir='ltr'><strong>arbitrarentur.</strong></span> <span class='ocrx_word' id='word_1_270' title='bbox 940 3919 988 3981; x_wconf 88' lang='lat' dir='ltr'><strong>Eo</strong></span> <span class='ocrx_word' id='word_1_271' title='bbox 1013 3918 1112 4008; x_wconf 88' lang='lat' dir='ltr'><strong>magis</strong></span> <span class='ocrx_word' id='word_1_272' title='bbox 1136 3921 1240 3982; x_wconf 88' lang='lat' dir='ltr'><strong>Caesar</strong></span> <span class='ocrx_word' id='word_1_273' title='bbox 1263 3919 1343 3982; x_wconf 89' lang='lat' dir='ltr'><strong>inci·</strong></span> 
     </span>
    </p>
   </div>
   <div class='ocr_carea' id='block_1_3' title="bbox 316 4091 808 4160">
    <p class='ocr_par' dir='ltr' id='par_1_5' title="bbox 316 4091 808 4160">
     <span class='ocr_line' id='line_1_37' title="bbox 316 4091 808 4160; baseline 0.008 -18"><span class='ocrx_word' id='word_1_274' title='bbox 316 4095 332 4160; x_wconf 72' lang='lat' dir='ltr'>s</span> <span class='ocrx_word' id='word_1_275' title='bbox 348 4097 472 4145; x_wconf 79' lang='lat' dir='ltr'><strong>mm.</strong></span> <span class='ocrx_word' id='word_1_276' title='bbox 485 4091 550 4143; x_wconf 76' lang='lat' dir='ltr'><strong>rtur.</strong></span> <span class='ocrx_word' id='word_1_277' title='bbox 563 4095 590 4142; x_wconf 93' lang='lat' dir='ltr'><strong>in</strong></span> <span class='ocrx_word' id='word_1_278' title='bbox 605 4098 667 4146; x_wconf 65' lang='lat' dir='ltr'><strong>(Ins.</strong></span> <span class='ocrx_word' id='word_1_279' title='bbox 679 4123 713 4134; x_wconf 75' lang='lat'>—</span> <span class='ocrx_word' id='word_1_280' title='bbox 725 4103 808 4146; x_wconf 81' lang='lat' dir='ltr'><strong>Front.</strong></span> 
     </span>
    </p>
   </div>
   <div class='ocr_carea' id='block_1_4' title="bbox 0 0 1442 4900">
    <p class='ocr_par' dir='ltr' id='par_1_6' title="bbox 0 0 1442 4900">
     <span class='ocr_line' id='line_1_38' title="bbox 0 0 1442 4900; baseline 0 1"><span class='ocrx_word' id='word_1_281' title='bbox 0 0 1442 4900; x_wconf 95' lang='lat' dir='ltr'><strong> </strong></span> 
     </span>
    </p>
   </div>
  </div>
 </body>
</html>
