2875 4900
220 406 273 474 IN
305 402 422 472 LOC.
451 402 545 470 LIII.
570 399 741 468 XCVIII
774 397 995 467 LIVIANI.
1073 395 1143 468 333

120 525 189 590 XX.
208 524 340 590 Circum
356 522 426 586 bec
444 518 612 609 occupatis
628 517 785 583 Lucullus
799 518 1006 606 supervenit,
1021 521 1145 582 castris·

87 650 142 714 que
156 625 195 690 ad
216 627 360 715 Sinopen
381 624 514 713 positis,
530 619 736 686 obsidionem
757 621 863 708 coepit.
877 621 1049 685 Venerunt
1068 644 1146 687 mor

85 726 253 790 aldnchare
274 725 389 814 legati,
409 725 598 790 societatem
619 737 653 788 et
673 721 849 786 amicitiam
872 737 1037 810 petentes,
1062 746 1145 811 quos

86 826 130 890 ille
143 827 277 892 comiter
294 841 444 914 receptos
461 823 572 888 omnia
590 845 721 913 sperare
734 845 753 886 a
766 843 801 886 se
817 837 851 886 et
869 822 1146 911 populo'romano

82 927 180 1011 jussit,
198 927 280 994 dum
302 949 344 992 ne
361 941 550 991 commeatu
568 947 627 988 rex
643 946 760 988 eorum
778 922 991 1012 Sinopenses,
1008 939 1066 988 sut
1081 925 1146 989 ulla

85 1051 114 1091 re
124 1029 179 1093 alia
191 1027 331 1109 juraret.
344 1027 531 1110 Machares,
545 1047 705 1115 responso
723 1025 850 1089 Luculli
865 1025 1015 1116 cognito,
1033 1027 1147 1091 fecisse

84 1131 228 1218 imperata
245 1152 315 1194 non
330 1145 526 1208 contentus,
541 1143 581 1192 ut
600 1149 635 1192 se
652 1127 738 1190 bene
752 1141 786 1190 et
801 1127 950 1215 gnaviter
967 1125 1147 1193 destinasse

85 1232 224 1318 probaret
247 1231 424 1295 amicitiam
446 1251 616 1294 romanam
645 1229 772 1309 colere,
800 1226 963 1324 quidquid
992 1229 1026 1292 in
1049 1251 1146 1294 usum

84 1332 366 1398 mithridaticamm
382 1333 525 1420 partium
545 1346 728 1420 paraverat,
747 1330 834 1395 ultro
852 1331 887 1395 in
906 1347 1010 1397 castra
1021 1333 1148 1398 Luculli

85 1451 173 1499 misit.

122 1536 208 1600 XXI.
223 1536 271 1600 Ea
284 1559 338 1600 res
351 1558 420 1599 non
432 1536 543 1603 solum
553 1533 781 1599 obsessoribus
794 1534 872 1599 fecit
882 1535 1026 1618 animos,
1043 1535 1101 1600 sed
1117 1551 1150 1600 et

85 1652 230 1724 tyrannos
243 1637 377 1726 penitus
386 1636 498 1727 adegit
507 1635 550 1702 ad
561 1634 834 1723 desperationem.
847 1635 952 1724 Igitur
964 1654 1062 1702 nocte
1071 1661 1150 1726 qua-

85 1736 227 1827 damper
250 1739 371 1804 milites
392 1739 476 1804 urbe
495 1738 584 1819 jussa
607 1736 725 1826 diripi,
750 1737 992 1826 levioribusque
1015 1740 1150 1831 navigiis

83 1838 221 1922 delectis,
238 1864 318 1907 curn
333 1841 460 1930 magnis
475 1839 596 1906 divitiis
614 1838 656 1903 ad
670 1839 825 1904 interiora
844 1839 959 1923 Ponti,
978 1841 1035 1906 ubi
1050 1842 1150 1906 Sanni

85 1940 212 2028 lnzique
233 1941 406 2023 accolunt,
429 1940 664 2031 profugerunt,
684 1939 817 2029 ignibus
837 1956 932 2004 antea
955 1941 1096 2030 reliquas
1115 1943 1149 2006 in

85 2064 171 2106 naves
179 2043 317 2126 injectis.
328 2043 502 2108 Lucullum
516 2057 609 2107 ortus
620 2042 655 2107 iu
669 2041 753 2106 urbe
762 2043 885 2107 clamor
894 2043 906 2130 (
915 2044 1052 2108 multam
1062 2031 1150 2109 inim

85 2143 194 2209 oedem
206 2145 296 2210 inter
309 2143 532 2233 diripiendum
549 2145 666 2209 Cilices
679 2142 889 2230 ediderant),
905 2145 1003 2208 simul
1023 2142 1149 2209 flamma

84 2245 144 2309 visa
151 2246 343 2329 admonuit,
357 2261 397 2312 ut
408 2245 450 2311 ad
462 2245 581 2310 urbem
590 2245 744 2329 duceret,
759 2247 852 2328 cujus
860 2247 925 2328 jam
936 2248 1031 2312 etiarn
1044 2265 1150 2338 partes

86 2345 199 2434 aliquas
215 2347 304 2438 ignis
319 2346 623 2436 comprehenderat.
641 2348 742 2412 Scalis
761 2349 919 2430 admotis,
942 2349 1034 2414 facilc
1050 2367 1153 2415 mans-

86 2469 230 2530 oeusum3
252 2466 287 2515 et
301 2450 434 2537 Cilices,
452 2471 536 2537 quos
557 2449 665 2537 praeda
681 2449 881 2532 tardaverat,
897 2451 1017 2539 passim
1033 2452 1151 2518 occisi:

87 2568 123 2611 ne
140 2550 312 2640 oppidanis
330 2548 464 2639 quidem
487 2552 576 2639 parci
593 2551 679 2615 inter
697 2538 880 2617 tumultum
903 2555 1030 2641 potuit,
1049 2554 1155 2620 donec

86 2666 152 2714 0⁰10
167 2656 268 2717 ferme
283 2652 459 2717 bominum
473 2652 652 2717 interfectis
663 2652 825 2735 millibus,
843 2651 987 2719 caedibus
1000 2654 1154 2720 abstineri
1180 2654 1185 2663 '
1269 2650 1272 2657 “

89 2748 253 2839 Imperator
264 2754 372 2834 jussit.

125 2856 226 2923 xxtl.
240 2854 369 2922 Deinde
379 2856 567 2920 consolatus
577 2855 790 2945 Sinopenses,
802 2858 952 2945 privatim
965 2880 1023 2922 sua
1035 2859 1155 2947 cuique

89 2953 233 3043 oeddidit,
247 2957 382 3047 publice
396 2955 487 3020 dedit
500 2955 702 3040 libertatem3
717 2974 834 3045 preter
847 2958 1016 3047 ingenium
1033 2958 1154 3023 benefi-

90 3076 155 3120 eum
172 3082 208 3124 ac
223 3061 323 3138 mite,
340 3058 471 3121 somnio
484 3080 619 3147 quoque
634 3075 754 3125 motus.
768 3058 919 3125 Proxima
933 3076 1008 3124 ante
1024 3060 1155 3149 capien-

90 3152 153 3221 dam
164 3160 280 3224 urbem
293 3158 420 3246 quiete,
432 3158 542 3222 ridere
555 3160 643 3223 visus
659 3176 707 3224 est
723 3158 855 3225 habitus
866 3161 1038 3251 ignotioris
1052 3162 1156 3227 horni-

91 3278 170 3340 nem,
182 3261 348 3349 paulisper
358 3258 531 3339 jubentem
544 3259 716 3350 progredi,
735 3278 773 3326 ut
786 3261 946 3351 Autolyco
958 3280 1155 3331 occurreret.

90 3356 124 3423 Id
135 3362 301 3427 sommum
321 3363 408 3425 inter
422 3377 586 3425 tantarum
602 3384 713 3426 rerum
733 3364 963 3453 occupationes
984 3387 1089 3453 quum
1106 3368 1156 3431 ef-

91 3455 223 3527 fluxisset
237 3463 370 3544 animo,
386 3464 490 3545 forte,
509 3461 591 3526 dum
608 3462 724 3528 Cilicas
740 3462 782 3527 ad
798 3486 887 3529 mare
904 3464 1066 3555 fugientes
1082 3490 1157 3557 pcr-

92 3563 245 3648 sequitur,
262 3564 455 3629 obvolutam
474 3565 591 3651 pannis
610 3580 750 3627 statuam
770 3564 851 3629 vidit
870 3588 879 3631 :
895 3566 982 3631 hanc
996 3568 1054 3633 ubi
1077 3570 1158 3634 solvi

93 3662 244 3753 eximique
254 3665 371 3747 jussit,
384 3666 494 3729 statim
508 3666 641 3754 agnovit
653 3666 813 3754 speciem,
832 3691 905 3756 quae
920 3669 1089 3736 obversata
1102 3692 1159 3735 no·

93 3766 279 3857 uulnerat,
291 3767 390 3832 simul
404 3768 615 3856 praesentium
628 3768 745 3854 aliquis
756 3770 953 3857 Autolycum
969 3793 1055 3853 esse,
1070 3772 1161 3837 Sthe·

95 3861 170 3927 nidis
183 3889 284 3956 opus,
299 3865 514 3932 confirmarit.

122 4076 137 4139 S
148 4081 218 4131 m.
229 4083 339 4147 Appiam
351 4083 645 4134 mettid-Memnon.
655 4112 690 4122 -
701 4086 819 4145 Ptintt,
831 4096 855 4144 I.
865 4116 900 4125 —
911 4088 1032 4139 rtunrch.
1043 4116 1077 4127 -
1088 4092 1159 4141 Oros.

94 4162 147 4227 -S
161 4165 243 4214 xxn.
256 4167 382 4216 Plutarch.
396 4195 430 4205 -
446 4170 574 4217 Memnon.
588 4194 621 4205 -
632 4170 741 4233 Appiam.
