2875 4900
205 417 209 426 ·
307 397 355 468 68
484 399 924 469 Joruulttsumull
956 391 1201 469 SUPPLEM.

306 523 388 602 lem,
408 520 533 585 remissi
549 535 644 602 sunt;
664 541 773 606 neque
789 521 892 584 multa
910 519 948 583 iis
965 518 1119 583 mandata
1133 519 1203 583 dari
1220 522 1383 608 tempesti-

306 645 385 687 vum
402 622 466 688 fuit
478 647 486 687 :
499 621 533 686 id
548 643 654 687 unum
669 622 792 697 Cinna,
810 637 848 685 ut
861 621 1004 686 caedibus
1017 636 1276 709 temperaturum
1287 620 1378 701 jura·

236 789 238 800 ,
306 741 375 806 ret,
391 724 586 814 rogabaturt
599 723 654 787 ille
667 721 777 802 jurare
792 741 853 810 per
867 722 1053 811 superbiam
1069 723 1203 803 abnuit,
1218 745 1254 788 se
1270 738 1379 787 tamen

307 827 471 890 volentem
491 825 621 913 negarit
636 825 789 912 cuiquam
806 825 921 890 mortis
938 845 1069 889 causam
1083 823 1166 889 fore.

350 925 474 989 XXIV.
494 924 667 990 Octavium
690 924 805 1006 etiam,
828 926 887 1013 qui
912 925 1080 992 circumita
1093 925 1183 989 Urbe
1204 943 1264 1013 per
1282 924 1379 989 aliam

304 1043 433 1115 portam
455 1041 523 1089 erat
542 1026 726 1114 ingressus,
748 1027 877 1090 moneri
893 1026 1008 1109 jussit,
1028 1025 1206 1092 abstineret
1225 1025 1378 1114 publico,

260 1149 263 1154 ·
285 1133 349 1190 'ne
366 1125 446 1213 qnid
460 1126 489 1189 ei
506 1147 541 1190 se
556 1126 660 1190 invito
676 1125 846 1192 accideret.
863 1127 941 1192 Haec
961 1127 1092 1192 deloco
1109 1127 1292 1216 superiore,
1308 1143 1380 1192 tan-

307 1249 406 1316 quam
428 1227 561 1303 consul‚
585 1227 696 1316 legatis
718 1226 899 1315 respondit.
924 1227 975 1292 Ad
998 1229 1148 1292 curulem
1170 1227 1239 1308 ejus
1254 1227 1380 1292 Marius

306 1327 455 1394 adstabat
475 1321 609 1412 tacitus;
632 1326 692 1391 sed
709 1349 750 1391 eo
764 1329 878 1410 vultu,
896 1345 936 1393 ut
953 1323 1036 1392 nihil
1054 1326 1144 1392 aliud
1159 1343 1258 1415 quam
1271 1327 1381 1391 mndi-

292 1447 295 1454 ⁴
307 1445 393 1493 ctam
405 1445 438 1492 et
449 1427 552 1493 caedes
564 1426 710 1492 meditari
725 1445 903 1516 appareret
916 1429 1033 1516 Neque
1045 1429 1186 1492 multum
1197 1429 1380 1494 intercessit

306 1549 424 1611 morat,
443 1529 524 1616 quin
547 1545 679 1594 senatus
694 1529 802 1593 verbis
819 1530 927 1593 Cinna
943 1545 1042 1617 atque
1059 1529 1183 1594 Marius
1203 1530 1238 1606 in
1255 1531 1379 1596 Urbem

304 1631 417 1696 venire
438 1645 640 1720 rogarentur.
661 1629 803 1695 Marium
824 1631 912 1695 enim
936 1629 1055 1696 diserte
1076 1629 1286 1714 addiderunt,
1308 1655 1378 1697 non

237 1721 244 1728 ⁹
304 1735 428 1824 ignari,
445 1735 558 1798 Cinnas
576 1732 710 1822 quidem
727 1751 849 1796 nomen
867 1732 919 1796 his
937 1733 1030 1797 factis
1046 1732 1203 1816 obtendi3
1223 1749 1378 1798 ceterum

304 1835 513 1925 potissimum
529 1851 644 1898 eorum
662 1849 832 1898 auctorem
843 1833 985 1897 Marium
1001 1851 1081 1899 esse.

348 1933 452 2000 XXV.
470 1935 585 2019 Quum
600 1933 642 1998 ad
654 1933 779 1998 Urbem
793 1951 949 2015 ventum,
968 1947 1002 1998 et
1018 1935 1124 2008 Cinna
1139 1951 1216 1999 cum
1231 1936 1378 2000 satelliti·

305 2032 367 2100 bus
388 2037 553 2126 ingressus
574 2051 678 2115 esset,
695 2034 819 2099 Marius
838 2034 986 2100 substitit
1000 2034 1041 2098 ad
1055 2051 1202 2123 portam,
1217 2052 1268 2118 ct,
1285 2057 1379 2102 acer-

176 2216 178 2224 ,
302 2138 383 2202 bunt
409 2136 601 2220 subridens,
625 2134 787 2200 exsulibus
801 2150 913 2224 putare
935 2136 1061 2201 αάίειωι
1086 2138 1225 2227 negavit
1248 2137 1378 2202 Idcirco

305 2239 409 2303 Cinna
428 2258 561 2327 operam
580 2237 698 2320 dante,
717 2238 768 2301 lex
789 2237 831 2302 de
849 2237 1059 2302 restituendis
1082 2238 1248 2303 exsulibus
1264 2239 1377 2304 statim

261 2341 265 2348 “
302 2339 380 2403 ferri
402 2333 498 2427 coepit
516 2362 524 2404 t
543 2357 651 2426 neque
675 2339 761 2402 ultra
785 2349 1026 2427 exspectem,
1050 2355 1149 2427 quam
1170 2359 1210 2406 ut
1230 2355 1296 2405 tres
1316 2359 1378 2405 aut

302 2456 443 2529 quatuor
455 2439 560 2505 tribus
572 2437 727 2530 suffragia
739 2439 881 2523 ferrent3
896 2458 967 2506 tum
981 2441 1100 2531 irrupit
1109 2442 1144 2506 in
1152 2442 1275 2507 Urbem
1285 2442 1378 2507 velut

303 2556 452 2628 captam,
476 2540 757 2629 fugitivorumque
783 2537 946 2607 delectum
974 2559 1091 2633 agmen
1113 2544 1263 2626 trahens,
1290 2566 1376 2631 quos

302 2643 471 2707 Marianos
482 2643 679 2731 appellabat,
694 2642 837 2709 caedibus
849 2660 947 2733 atque
962 2646 1083 2735 rapinis
1094 2645 1204 2709 omnia
1216 2646 1354 2710 eastern
1366 2668 1376 2711 :

301 2744 370 2809 aliis
398 2764 532 2831 quoque
554 2745 657 2832 portis
683 2746 844 2809 exereitus
870 2744 1076 2810 inundabant
1100 2746 1242 2825 Urbem,
1267 2746 1377 2834 iisque

303 2862 380 2909 mox
391 2844 547 2924 occlusis,
562 2842 839 2926 adversariorum,
856 2856 890 2909 et
904 2845 968 2909 sub
980 2846 1046 2911 hoc
1055 2847 1204 2930 nomine,
1215 2862 1378 2935 quomm-

303 2965 446 3033 cumque
461 2944 631 3027 volebant,
647 2944 765 3010 domos
784 2945 990 3035 diripiebant.

344 3044 464 3108 XXVI.
493 3046 563 3109 Jam
590 3060 767 3141 antequam
797 3046 833 3110 in
856 3047 980 3112 Urbem
1004 3047 1128 3112 Marius
1156 3051 1375 3137 irrumperet,

296 3146 363 3210 Cn.
382 3146 535 3210 Octavius
553 3146 700 3212 sublatus
725 3170 744 3211 e
765 3147 876 3213 medio
894 3150 1009 3213 meras.
1026 3150 1149 3214 Amicis
1166 3150 1278 3238 lugam
1297 3172 1377 3216 sua-

301 3244 472 3328 dentibus,
487 3248 554 3312 sive
566 3248 660 3312 Marii
675 3248 854 3337 Cinnteque
862 3248 976 3329 juratis
989 3251 1157 3339 promissis
1171 3249 1292 3333 fidens,
1306 3252 1376 3317 sire

300 3345 409 3436 potius
427 3347 637 3435 haruspicum
655 3350 805 3414 ludibriis
831 3362 995 3431 retentus,
1018 3370 1117 3439 quam
1137 3352 1172 3415 in
1194 3351 1374 3417 vanitatem

300 3448 434 3537 proclivi
458 3448 646 3514 credulitate
664 3451 794 3539 agebat,
809 3451 845 3513 in
858 3452 1042 3515 ianiculum
1058 3468 1135 3515 euin
1154 3453 1279 3539 aliquot
1296 3453 1375 3518 ittu-

301 3548 421 3612 stribus
439 3549 516 3613 viris
538 3565 572 3614 et
595 3566 687 3637 parte
709 3552 876 3639 copiarum
900 3553 1069 3617 concessit.
1092 3554 1267 3640 Indignum
1287 3557 1375 3618 enin

300 3662 397 3736 atquc
416 3664 505 3739 turpe
510 3647 650 3736 facinus
671 3648 778 3715 alebat
792 3674 824 3716 se
836 3658 1072 3719 eommbsurmn
1086 3676 1166 3735 esse,
1184 3657 1214 3718 si
1224 3658 1375 3743 patariam

300 3749 461 3815 consulare
479 3748 607 3838 inperio
621 3752 780 3840 proedrius
796 3754 956 3821 desereret.
976 3756 1082 3845 Igitur
1100 3756 1194 3821 illum
1215 3758 1291 3822 sella
1310 3782 1374 3823 ou-

299 3850 385 3932 ruli,
411 3850 617 3940 magistratus
642 3852 781 3941 insignia
805 3855 1025 3939 retinentem,
1051 3857 1254 3923 adstantibus
1278 3859 1374 3940 juxta

333 4054 350 4129 s
362 4060 463 4112 mn.
474 4058 579 4111 illodcr.
590 4062 657 4131 apud
667 4060 751 4116 Valet.
760 4094 795 4105 -
801 4066 866 4118 Veli.
877 4071 917 4129 11,
930 4085 973 4121 aa.
985 4096 1021 4108 -
1031 4072 1140 4137 Appias.
1153 4097 1190 4112 -
1200 4070 1327 4124 Plutarch.
1336 4096 1374 4113 ,-

214 4138 216 4161 i
298 4142 315 4209 ⁵
328 4148 424 4195 mv·
433 4144 498 4196 VOU·
509 4148 550 4205 11,
564 4162 606 4197 ²¹·
617 4172 652 4187 ·-
663 4148 788 4231 elamet,
799 4178 836 4190 -
844 4152 904 4202 nio.
916 4142 952 4191 ·⁴-
963 4152 1073 4218 Appiam
1427 4165 1435 4173 ·
