2875 4900
275 421 330 489 m
359 420 475 487 noc.
500 420 596 490 mn
624 422 716 489 cm
748 404 962 489 mv'mm.
1087 416 1186 514 469,

97 543 197 629 (iurem
205 564 294 605 oram
305 542 499 605 moriame
509 564 531 605 a
536 542 743 631 proedom'bus
759 540 934 622 liberasset,
950 554 982 604 et
997 540 1159 628 inperium
1256 594 1261 603 .

94 643 310 733 morupopulo
323 666 459 709 morano
475 645 672 725 restituisset,
685 668 731 709 eat
741 646 837 723 Asia,
852 642 969 721 Ponto,
989 641 1159 725 Armenia,

95 744 308 834 Paphlagonia
317 795 327 825 ,
348 746 571 835 Cappadocia,
591 748 722 831 Cilicia,
740 748 854 832 Syria,
867 744 1008 831 Scyrias,
1022 746 1159 826 luderis,

94 846 241 927 Albanis,
267 848 372 913 Iberia
382 896 393 927 ,
419 846 526 911 riuulo
550 848 661 930 Creta,
680 849 860 929 Bastarnis,
879 862 911 911 et
927 868 1021 935 super
1035 846 1105 910 liae
1122 848 1162 911 de

95 947 207 1035 regs'bus
218 948 409 1013 Mithridate
421 964 454 1013 et
472 950 632 1037 Tigrane,
649 950 843 1039 triumphum
859 950 981 1013 discere.

133 1051 243 1115 XLIV.
266 1055 310 1116 At
332 1052 367 1115 in
388 1052 566 1135 concione,
586 1076 691 1140 quum
709 1051 751 1117 de
768 1051 867 1115 rebus
885 1052 952 1115 suis
972 1051 1160 1132 dissereret,

94 1172 162 1213 cum
181 1149 313 1217 duobus
334 1168 368 1217 et
379 1153 494 1243 viginti
510 1154 641 1242 regibus
658 1153 781 1218 bellum
804 1176 839 1217 se
859 1154 993 1241 gessisse
1013 1152 1114 1234 dixit,
1130 1170 1163 1217 et

94 1252 212 1335 mum,
237 1278 336 1342 quam
362 1254 605 1345 provinciarum
627 1255 776 1320 ultimam
803 1254 995 1343 accepisset,
1021 1253 1161 1317 mediam

95 1354 196 1440 patriae
217 1354 407 1421 reddidisse.
434 1358 595 1420 Caeterum
616 1356 650 1419 in
673 1354 797 1443 templo
820 1354 993 1437 Minervae,
1013 1353 1103 1443 quod
1122 1376 1159 1419 ex

94 1458 249 1523 manubiis
271 1456 416 1540 dicebat,
438 1458 530 1521 hunc
550 1456 716 1545 inscripsit
737 1455 894 1519 titulum:
918 1454 973 1520 Cn.
998 1454 1163 1545 Pompeius

94 1554 227 1644 Magnus
250 1562 436 1649 imperator,
461 1558 543 1623 bello
568 1560 697 1646 triginta
728 1579 886 1621 annorum
911 1554 1076 1645 corficto,
1104 1556 1162 1620 de-

88 1663 194 1745 pressis
214 1677 275 1726 aut
299 1665 399 1749 captis
424 1662 557 1727 novibus
581 1660 831 1739 DCCCXLVI,
858 1658 1001 1748 oppidis,
1026 1659 1163 1724 castellis

94 1758 355 1827 MDXXXVII!
377 1765 411 1827 in
420 1759 530 1849 fidem
550 1764 696 1853 receptis,
720 1764 811 1827 terris
832 1784 853 1825 a
875 1761 1002 1827 Moeotis
1025 1760 1098 1827 lacu
1116 1762 1165 1826 ad

93 1858 225 1927 dubriam
242 1887 333 1928 more
348 1864 503 1944 subactis,
523 1878 636 1929 notram
654 1866 764 1927 aurito
787 1861 947 1927 Minerva.
968 1862 1161 1951 Cognomen

95 1983 129 2026 ex
149 1979 197 2029 tot
216 1966 363 2031 victoriis
381 1966 510 2031 nullum
531 1965 685 2047 adscivit,
703 1988 891 2054 quanquam
905 1964 1046 2053 plurima
1062 1964 1163 2027 offer·

93 2082 218 2151 rentur,
237 2085 414 2134 contentus
432 2069 649 2158 appellatione
666 2068 797 2157 Magni,
820 2088 918 2155 qimm
936 2066 1014 2129 olim
1033 2088 1164 2129 merue-

94 2185 153 2235 rat:
167 2172 224 2237 sed
239 2188 313 2237 tum
326 2196 345 2237 a
360 2188 435 2237 tota·
445 2172 605 2237 concione
621 2171 667 2235 sic
685 2170 907 2235 consalutatus
923 2184 988 2248 est3
1006 2168 1164 2231 hactenus
1248 2240 1252 2253 ἱ

94 2271 249 2338 familiaris
269 2274 372 2364 magis
387 2273 579 2354 assentatio,
596 2294 695 2361 quam
714 2270 950 2336 consentientis
968 2270 1060 2334 famae
1075 2268 1165 2350 judi·

94 2370 190 2456 cium,
206 2375 324 2440 luerat.
926 2430 930 2448 ,

133 2477 228 2544 XLV.
247 2481 428 2569 Nunquam
445 2479 583 2544 antehac
600 2493 689 2542 tanta
707 2493 849 2565 spectata
867 2479 981 2542 Rome
996 2476 1164 2564 opulentia

95 2576 167 2662 fuit,
186 2605 297 2671 neque
316 2597 384 2646 tam
406 2582 541 2646 exitiosa
563 2580 731 2660 moribus,
750 2578 792 2642 ad
808 2579 1054 2668 margaritarum
1071 2600 1164 2667 gem·

94 2699 282 2770 merumque
296 2681 443 2746 studium
466 2683 545 2746 hinc
566 2682 730 2772 praecipue
753 2681 933 2761 inclinatis3
957 2701 1096 2767 quarum
1111 2702 1164 2744 re-

94 2801 160 2844 rum
184 2785 360 2847 maximam
384 2785 439 2847 ille
463 2785 590 2872 copiam
611 2782 796 2872 conspicuae
822 2778 1056 2870 magnitudinis
1081 2781 1164 2844 aesti·

93 2885 306 2972 mationisque
325 2885 360 2948 in
382 2885 552 2973 triumpho
576 2885 661 2948 tulit.
683 2884 723 2947 In
747 2897 817 2947 acta
839 2883 958 2946 relatus
980 2895 1030 2944 est
1054 2881 1162 2945 alveus

93 2979 226 3050 lusorias
249 3009 268 3048 e
285 2985 414 3049 duabus
431 2985 587 3076 gemmis,
610 2986 694 3048 latus
713 2983 813 3071 pedes
836 2999 918 3064 tres,
941 2979 1060 3072 longus
1080 3006 1162 3070 qua-

93 3097 183 3152 tuor:
198 3089 234 3152 in
258 3111 300 3154 eo
321 3088 384 3152 fuit
407 3090 500 3153 Luna
519 3110 616 3153 aurea
640 3085 754 3174 pondo
778 3085 885 3149 XXX.
910 3085 1067 3147 Praeterea
1089 3084 1162 3148 lecti

93 3186 275 3255 tricliniares
287 3207 372 3273 tres,
389 3191 424 3253 in
439 3191 560 3279 quibus
573 3211 660 3254 unsis
674 3189 765 3252 Darii
781 3188 879 3252 luisse
892 3185 1075 3267 dicebatur,
1091 3187 1161 3274 Hy·

93 3303 191 3379 suspe
208 3293 329 3382 geniti,
346 3315 421 3357 vasa
444 3316 483 3357 ex
506 3316 587 3357 auro
611 3307 644 3355 et
667 3291 804 3381 gemmis
822 3289 997 3354 abacorum
1021 3311 1161 3370 novem;

93 3388 175 3478 signa
196 3418 298 3459 aurea
322 3395 402 3476 tria,
425 3395 598 3475 Minervae,
619 3392 752 3473 Martis,
776 3407 809 3456 et
831 3389 1009 3479 Apollinis;
1033 3409 1162 3452 coronae

94 3512 128 3554 tx
148 3497 330 3586 margaritis
355 3497 486 3586 triginta
504 3511 591 3576 tres3
618 3517 714 3558 mons
736 3516 855 3556 aureus
881 3490 1057 3580 quadratus
1085 3514 1161 3555 cum

94 3598 186 3661 cervis
199 3615 234 3662 et
246 3597 417 3679 leonibus,
434 3613 467 3662 et
479 3598 587 3686 pomis
601 3595 710 3659 omnis
727 3594 872 3684 generis,
886 3592 1085 3658 circumdata
1097 3592 1162 3655 vite

90 3716 195 3782 turea,
213 3699 394 3765 Aristobuli
411 3698 549 3763 donum.

119 3947 236 4012 saun.
246 3953 338 4000 Juven.
351 3953 402 4001 Sat.
414 3951 461 4010 IV,
476 3965 519 4013 99.
530 3977 566 3987 -
575 3949 630 3998 vu.
640 3949 709 3998 Max.
718 3950 797 4007 vm,
811 3949 852 3997 15.
865 3975 901 3984 -
915 3945 995 3996 Solia.
1005 3960 1060 4008 cap.
1071 3959 1114 4006 ²9·
1123 3968 1159 3980 -

89 4030 155 4082 Μ’.
165 4036 252 4084 Ursin.
266 4061 301 4072 -
314 4035 373 4084 Dio.
391 4062 428 4072 -
445 4034 509 4083 rtur.
524 4033 551 4082 in
567 4035 654 4099 Pomp.
669 4060 704 4069 —
715 4032 783 4080 vett.
795 4033 832 4089 11,
852 4037 892 4086 lo.
908 4055 941 4066 —
958 4029 1022 4078 Plin.
1033 4027 1097 4084 vtt,
1109 4023 1159 4084 ²6,

89 4125 113 4162 ⁶1
126 4117 270 4176 xxxvii,
287 4135 313 4168 a.
325 4119 386 4182 -S
399 4119 491 4168 mv.
500 4118 566 4165 Plut.
574 4144 611 4154 --
619 4117 678 4164 Dio.
688 4141 725 4153 -
734 4114 788 4162 Liv.
797 4113 864 4178 Epit.
874 4124 900 4161 et
911 4111 955 4160 lib.
969 4111 1063 4168 XXX,
1075 4107 1117 4165 45.
1124 4135 1159 4150 --

88 4197 104 4262 5
113 4201 188 4251 XLV.
198 4205 304 4270 Eutrup.
312 4201 356 4252 lib.
365 4205 410 4253 vt.
420 4229 458 4246 η-
467 4203 530 4252 eun.
539 4202 684 4259 mvn,
696 4215 707 4246 t
720 4211 745 4248 et
757 4216 782 4248 a.
792 4225 827 4236 -
837 4198 945 4262 Appiam
961 4193 1074 4264 Mithrid.
